idx_time,time,price,change,volume,amount,type,date,date_time
09:25:03,09:25:03,8.93,8.93,4340,3875620,买盘,2017-07-31,2017-07-31 09:25:03
09:30:00,09:30:00,8.86,-0.07,600,531600,卖盘,2017-07-31,2017-07-31 09:30:00
09:30:03,09:30:03,8.86,--,5250,4651500,买盘,2017-07-31,2017-07-31 09:30:03
09:30:06,09:30:06,8.86,--,596,528056,买盘,2017-07-31,2017-07-31 09:30:06
09:30:09,09:30:09,8.86,--,700,620200,买盘,2017-07-31,2017-07-31 09:30:09
09:30:12,09:30:12,8.85,-0.01,59,52215,卖盘,2017-07-31,2017-07-31 09:30:12
09:30:15,09:30:15,8.85,--,378,334530,买盘,2017-07-31,2017-07-31 09:30:15
09:30:18,09:30:18,8.83,-0.02,56,49448,中性盘,2017-07-31,2017-07-31 09:30:18
09:30:21,09:30:21,8.84,0.01,282,249288,买盘,2017-07-31,2017-07-31 09:30:21
09:30:24,09:30:24,8.85,0.01,166,146910,买盘,2017-07-31,2017-07-31 09:30:24
09:30:27,09:30:27,8.84,-0.01,299,264316,中性盘,2017-07-31,2017-07-31 09:30:27
09:30:30,09:30:30,8.83,-0.01,448,395584,卖盘,2017-07-31,2017-07-31 09:30:30
09:30:33,09:30:33,8.85,0.02,821,726585,买盘,2017-07-31,2017-07-31 09:30:33
09:30:36,09:30:36,8.84,-0.01,138,121992,卖盘,2017-07-31,2017-07-31 09:30:36
09:30:39,09:30:39,8.85,0.01,256,226560,中性盘,2017-07-31,2017-07-31 09:30:39
09:30:42,09:30:42,8.86,0.01,25,22150,买盘,2017-07-31,2017-07-31 09:30:42
09:30:45,09:30:45,8.84,-0.02,428,378352,卖盘,2017-07-31,2017-07-31 09:30:45
09:30:48,09:30:48,8.84,--,138,121992,卖盘,2017-07-31,2017-07-31 09:30:48
09:30:51,09:30:51,8.84,--,98,86632,卖盘,2017-07-31,2017-07-31 09:30:51
09:30:54,09:30:54,8.84,--,174,153816,卖盘,2017-07-31,2017-07-31 09:30:54
09:30:57,09:30:57,8.86,0.02,119,105434,买盘,2017-07-31,2017-07-31 09:30:57
09:31:00,09:31:00,8.86,--,161,142646,卖盘,2017-07-31,2017-07-31 09:31:00
09:31:03,09:31:03,8.87,0.01,106,94021,中性盘,2017-07-31,2017-07-31 09:31:03
09:31:06,09:31:06,8.88,0.01,134,118992,买盘,2017-07-31,2017-07-31 09:31:06
09:31:09,09:31:09,8.87,-0.01,33,29270,卖盘,2017-07-31,2017-07-31 09:31:09
09:31:12,09:31:12,8.88,0.01,68,60384,买盘,2017-07-31,2017-07-31 09:31:12
09:31:15,09:31:15,8.89,0.01,130,115570,买盘,2017-07-31,2017-07-31 09:31:15
09:31:18,09:31:18,8.89,--,30,26670,买盘,2017-07-31,2017-07-31 09:31:18
09:31:21,09:31:21,8.9,0.01,37,32930,买盘,2017-07-31,2017-07-31 09:31:21
09:31:24,09:31:24,8.9,--,84,74760,买盘,2017-07-31,2017-07-31 09:31:24
09:31:27,09:31:27,8.9,--,206,183340,买盘,2017-07-31,2017-07-31 09:31:27
09:31:30,09:31:30,8.9,--,108,96120,买盘,2017-07-31,2017-07-31 09:31:30
09:31:33,09:31:33,8.91,0.01,42,37422,买盘,2017-07-31,2017-07-31 09:31:33
09:31:36,09:31:36,8.92,0.01,252,224784,买盘,2017-07-31,2017-07-31 09:31:36
09:31:39,09:31:39,8.91,-0.01,101,89991,中性盘,2017-07-31,2017-07-31 09:31:39
09:31:42,09:31:42,8.92,0.01,426,379992,买盘,2017-07-31,2017-07-31 09:31:42
09:31:45,09:31:45,8.92,--,148,132016,买盘,2017-07-31,2017-07-31 09:31:45
09:31:48,09:31:48,8.92,--,171,152532,买盘,2017-07-31,2017-07-31 09:31:48
09:31:51,09:31:51,8.93,0.01,181,161633,买盘,2017-07-31,2017-07-31 09:31:51
09:31:54,09:31:54,8.93,--,343,306299,买盘,2017-07-31,2017-07-31 09:31:54
09:31:57,09:31:57,8.93,--,274,244682,买盘,2017-07-31,2017-07-31 09:31:57
09:32:00,09:32:00,8.93,--,364,325052,买盘,2017-07-31,2017-07-31 09:32:00
09:32:03,09:32:03,8.93,--,104,92872,卖盘,2017-07-31,2017-07-31 09:32:03
09:32:06,09:32:06,8.94,0.01,64,57216,买盘,2017-07-31,2017-07-31 09:32:06
09:32:09,09:32:09,8.95,0.01,167,149465,买盘,2017-07-31,2017-07-31 09:32:09
09:32:12,09:32:12,8.95,--,250,223749,买盘,2017-07-31,2017-07-31 09:32:12
09:32:15,09:32:15,8.95,--,460,411699,买盘,2017-07-31,2017-07-31 09:32:15
09:32:18,09:32:18,8.95,--,561,502094,买盘,2017-07-31,2017-07-31 09:32:18
09:32:21,09:32:21,8.95,--,716,640820,买盘,2017-07-31,2017-07-31 09:32:21
09:32:24,09:32:24,8.96,0.01,313,280448,买盘,2017-07-31,2017-07-31 09:32:24
09:32:27,09:32:27,8.96,--,182,163072,买盘,2017-07-31,2017-07-31 09:32:27
09:32:30,09:32:30,8.97,0.01,62,55614,买盘,2017-07-31,2017-07-31 09:32:30
09:32:33,09:32:33,8.97,--,191,171327,买盘,2017-07-31,2017-07-31 09:32:33
09:32:36,09:32:36,8.98,0.01,802,720196,买盘,2017-07-31,2017-07-31 09:32:36
09:32:39,09:32:39,8.99,0.01,331,297569,买盘,2017-07-31,2017-07-31 09:32:39
09:32:42,09:32:42,8.99,--,684,614916,买盘,2017-07-31,2017-07-31 09:32:42
09:32:45,09:32:45,8.99,--,206,185194,买盘,2017-07-31,2017-07-31 09:32:45
09:32:48,09:32:48,8.99,--,302,271498,买盘,2017-07-31,2017-07-31 09:32:48
09:32:51,09:32:51,9.0,0.01,231,207900,买盘,2017-07-31,2017-07-31 09:32:51
09:32:54,09:32:54,9.0,--,782,703800,买盘,2017-07-31,2017-07-31 09:32:54
09:32:57,09:32:57,9.01,0.01,240,216240,买盘,2017-07-31,2017-07-31 09:32:57
09:33:00,09:33:00,9.01,--,37,33337,卖盘,2017-07-31,2017-07-31 09:33:00
09:33:03,09:33:03,9.03,0.02,137,123710,买盘,2017-07-31,2017-07-31 09:33:03
09:33:06,09:33:06,9.02,-0.01,185,166870,卖盘,2017-07-31,2017-07-31 09:33:06
09:33:09,09:33:09,9.05,0.03,952,861560,买盘,2017-07-31,2017-07-31 09:33:09
09:33:12,09:33:12,9.02,-0.03,377,340054,卖盘,2017-07-31,2017-07-31 09:33:12
09:33:15,09:33:15,9.04,0.02,707,639127,中性盘,2017-07-31,2017-07-31 09:33:15
09:33:18,09:33:18,9.07,0.03,172,156004,买盘,2017-07-31,2017-07-31 09:33:18
09:33:21,09:33:21,9.05,-0.02,425,384625,卖盘,2017-07-31,2017-07-31 09:33:21
09:33:24,09:33:24,9.05,--,428,387340,买盘,2017-07-31,2017-07-31 09:33:24
09:33:27,09:33:27,9.04,-0.01,424,383295,中性盘,2017-07-31,2017-07-31 09:33:27
09:33:30,09:33:30,9.04,--,735,664439,买盘,2017-07-31,2017-07-31 09:33:30
09:33:33,09:33:33,9.01,-0.03,190,171190,卖盘,2017-07-31,2017-07-31 09:33:33
09:33:36,09:33:36,9.07,0.06,1791,1624437,买盘,2017-07-31,2017-07-31 09:33:36
09:33:39,09:33:39,9.05,-0.02,370,334850,卖盘,2017-07-31,2017-07-31 09:33:39
09:33:42,09:33:42,9.05,--,143,129415,卖盘,2017-07-31,2017-07-31 09:33:42
09:33:45,09:33:45,9.05,--,239,216295,买盘,2017-07-31,2017-07-31 09:33:45
09:33:48,09:33:48,9.05,--,475,429875,买盘,2017-07-31,2017-07-31 09:33:48
09:33:51,09:33:51,9.05,--,191,172855,买盘,2017-07-31,2017-07-31 09:33:51
09:33:54,09:33:54,9.03,-0.02,579,522836,卖盘,2017-07-31,2017-07-31 09:33:54
09:33:57,09:33:57,9.04,0.01,256,231423,中性盘,2017-07-31,2017-07-31 09:33:57
09:34:00,09:34:00,9.05,0.01,615,556575,买盘,2017-07-31,2017-07-31 09:34:00
09:34:03,09:34:03,9.02,-0.03,420,378840,卖盘,2017-07-31,2017-07-31 09:34:03
09:34:06,09:34:06,9.03,0.01,614,554442,买盘,2017-07-31,2017-07-31 09:34:06
09:34:09,09:34:09,9.0,-0.03,199,179100,卖盘,2017-07-31,2017-07-31 09:34:09
09:34:12,09:34:12,9.03,0.03,232,209495,中性盘,2017-07-31,2017-07-31 09:34:12
09:34:15,09:34:15,9.0,-0.03,565,508500,卖盘,2017-07-31,2017-07-31 09:34:15
09:34:18,09:34:18,9.01,0.01,218,196418,买盘,2017-07-31,2017-07-31 09:34:18
09:34:21,09:34:21,9.02,0.01,34,30668,买盘,2017-07-31,2017-07-31 09:34:21
09:34:24,09:34:24,9.01,-0.01,64,57664,中性盘,2017-07-31,2017-07-31 09:34:24
09:34:27,09:34:27,9.0,-0.01,251,225900,卖盘,2017-07-31,2017-07-31 09:34:27
09:34:30,09:34:30,9.02,0.02,422,380644,买盘,2017-07-31,2017-07-31 09:34:30
09:34:33,09:34:33,9.0,-0.02,306,275400,卖盘,2017-07-31,2017-07-31 09:34:33
09:34:36,09:34:36,9.0,--,326,293400,卖盘,2017-07-31,2017-07-31 09:34:36
09:34:39,09:34:39,9.0,--,94,84600,买盘,2017-07-31,2017-07-31 09:34:39
09:34:42,09:34:42,8.99,-0.01,210,188790,卖盘,2017-07-31,2017-07-31 09:34:42
09:34:45,09:34:45,9.02,0.03,311,280522,买盘,2017-07-31,2017-07-31 09:34:45
09:34:48,09:34:48,8.99,-0.03,88,79876,卖盘,2017-07-31,2017-07-31 09:34:48
09:34:51,09:34:51,9.0,0.01,120,108000,买盘,2017-07-31,2017-07-31 09:34:51
09:34:54,09:34:54,9.0,--,268,241200,买盘,2017-07-31,2017-07-31 09:34:54
09:34:57,09:34:57,9.02,0.02,278,250756,买盘,2017-07-31,2017-07-31 09:34:57
09:35:00,09:35:00,9.0,-0.02,273,245700,卖盘,2017-07-31,2017-07-31 09:35:00
09:35:03,09:35:03,9.01,0.01,45,40545,买盘,2017-07-31,2017-07-31 09:35:03
09:35:06,09:35:06,9.01,--,45,40545,买盘,2017-07-31,2017-07-31 09:35:06
09:35:09,09:35:09,9.01,--,61,54961,卖盘,2017-07-31,2017-07-31 09:35:09
09:35:12,09:35:12,9.01,--,206,185606,卖盘,2017-07-31,2017-07-31 09:35:12
09:35:15,09:35:15,9.01,--,77,69377,卖盘,2017-07-31,2017-07-31 09:35:15
09:35:18,09:35:18,9.01,--,103,92803,买盘,2017-07-31,2017-07-31 09:35:18
09:35:21,09:35:21,9.01,--,310,279310,买盘,2017-07-31,2017-07-31 09:35:21
09:35:24,09:35:24,9.01,--,89,80189,买盘,2017-07-31,2017-07-31 09:35:24
09:35:27,09:35:27,9.0,-0.01,446,401400,卖盘,2017-07-31,2017-07-31 09:35:27
09:35:30,09:35:30,9.01,0.01,136,122536,买盘,2017-07-31,2017-07-31 09:35:30
09:35:33,09:35:33,9.05,0.04,700,633500,买盘,2017-07-31,2017-07-31 09:35:33
09:35:36,09:35:36,9.0,-0.05,289,260100,卖盘,2017-07-31,2017-07-31 09:35:36
09:35:39,09:35:39,9.01,0.01,314,282914,买盘,2017-07-31,2017-07-31 09:35:39
09:35:42,09:35:42,9.05,0.04,94,85070,买盘,2017-07-31,2017-07-31 09:35:42
09:35:45,09:35:45,9.01,-0.04,39,35139,卖盘,2017-07-31,2017-07-31 09:35:45
09:35:48,09:35:48,9.04,0.03,153,138312,买盘,2017-07-31,2017-07-31 09:35:48
09:35:51,09:35:51,9.04,--,112,101247,买盘,2017-07-31,2017-07-31 09:35:51
09:35:54,09:35:54,9.04,--,236,213343,买盘,2017-07-31,2017-07-31 09:35:54
09:35:57,09:35:57,9.04,--,166,150064,买盘,2017-07-31,2017-07-31 09:35:57
09:36:00,09:36:00,9.02,-0.02,116,104632,卖盘,2017-07-31,2017-07-31 09:36:00
09:36:03,09:36:03,9.03,0.01,330,297990,买盘,2017-07-31,2017-07-31 09:36:03
09:36:06,09:36:06,9.03,--,23,20769,买盘,2017-07-31,2017-07-31 09:36:06
09:36:09,09:36:09,9.02,-0.01,322,290444,卖盘,2017-07-31,2017-07-31 09:36:09
09:36:12,09:36:12,9.01,-0.01,410,369410,卖盘,2017-07-31,2017-07-31 09:36:12
09:36:15,09:36:15,9.0,-0.01,472,424800,卖盘,2017-07-31,2017-07-31 09:36:15
09:36:18,09:36:18,9.01,0.01,572,515372,买盘,2017-07-31,2017-07-31 09:36:18
09:36:21,09:36:21,9.0,-0.01,411,369900,卖盘,2017-07-31,2017-07-31 09:36:21
09:36:24,09:36:24,9.0,--,343,308700,买盘,2017-07-31,2017-07-31 09:36:24
09:36:27,09:36:27,9.0,--,76,68400,买盘,2017-07-31,2017-07-31 09:36:27
09:36:30,09:36:30,9.0,--,282,253800,买盘,2017-07-31,2017-07-31 09:36:30
09:36:33,09:36:33,8.98,-0.02,538,483258,卖盘,2017-07-31,2017-07-31 09:36:33
09:36:36,09:36:36,8.97,-0.01,94,84318,卖盘,2017-07-31,2017-07-31 09:36:36
09:36:39,09:36:39,8.95,-0.02,418,374387,卖盘,2017-07-31,2017-07-31 09:36:39
09:36:42,09:36:42,8.97,0.02,463,415311,中性盘,2017-07-31,2017-07-31 09:36:42
09:36:45,09:36:45,8.94,-0.03,29,25926,卖盘,2017-07-31,2017-07-31 09:36:45
09:36:48,09:36:48,8.94,--,78,69732,买盘,2017-07-31,2017-07-31 09:36:48
09:36:51,09:36:51,8.93,-0.01,31,27683,中性盘,2017-07-31,2017-07-31 09:36:51
09:36:54,09:36:54,8.92,-0.01,146,130232,卖盘,2017-07-31,2017-07-31 09:36:54
09:36:57,09:36:57,8.95,0.03,150,134250,买盘,2017-07-31,2017-07-31 09:36:57
09:37:00,09:37:00,8.95,--,21,18795,买盘,2017-07-31,2017-07-31 09:37:00
09:37:03,09:37:03,8.95,--,126,112769,买盘,2017-07-31,2017-07-31 09:37:03
09:37:06,09:37:06,8.95,--,52,46539,买盘,2017-07-31,2017-07-31 09:37:06
09:37:09,09:37:09,8.92,-0.03,224,199808,卖盘,2017-07-31,2017-07-31 09:37:09
09:37:12,09:37:12,8.95,0.03,90,80550,买盘,2017-07-31,2017-07-31 09:37:12
09:37:15,09:37:15,8.95,--,260,232699,买盘,2017-07-31,2017-07-31 09:37:15
09:37:18,09:37:18,8.93,-0.02,158,141094,卖盘,2017-07-31,2017-07-31 09:37:18
09:37:21,09:37:21,8.94,0.01,98,87612,买盘,2017-07-31,2017-07-31 09:37:21
09:37:24,09:37:24,8.94,--,104,92976,买盘,2017-07-31,2017-07-31 09:37:24
09:37:27,09:37:27,8.95,0.01,52,46539,买盘,2017-07-31,2017-07-31 09:37:27
09:37:30,09:37:30,8.94,-0.01,14,12516,卖盘,2017-07-31,2017-07-31 09:37:30
09:37:33,09:37:33,8.95,0.01,203,181685,买盘,2017-07-31,2017-07-31 09:37:33
09:37:36,09:37:36,8.94,-0.01,249,222606,卖盘,2017-07-31,2017-07-31 09:37:36
09:37:39,09:37:39,8.94,--,80,71520,卖盘,2017-07-31,2017-07-31 09:37:39
09:37:42,09:37:42,8.95,0.01,124,110979,买盘,2017-07-31,2017-07-31 09:37:42
09:37:45,09:37:45,8.95,--,175,156625,买盘,2017-07-31,2017-07-31 09:37:45
09:37:48,09:37:48,8.95,--,196,175420,买盘,2017-07-31,2017-07-31 09:37:48
09:37:51,09:37:51,8.94,-0.01,239,213666,卖盘,2017-07-31,2017-07-31 09:37:51
09:37:54,09:37:54,8.94,--,170,151980,买盘,2017-07-31,2017-07-31 09:37:54
09:37:57,09:37:57,8.93,-0.01,177,158061,卖盘,2017-07-31,2017-07-31 09:37:57
09:38:00,09:38:00,8.93,--,89,79477,卖盘,2017-07-31,2017-07-31 09:38:00
09:38:03,09:38:03,8.94,0.01,21,18774,买盘,2017-07-31,2017-07-31 09:38:03
09:38:06,09:38:06,8.94,--,46,41124,买盘,2017-07-31,2017-07-31 09:38:06
09:38:09,09:38:09,8.95,0.01,85,76075,买盘,2017-07-31,2017-07-31 09:38:09
09:38:12,09:38:12,8.95,--,66,59069,买盘,2017-07-31,2017-07-31 09:38:12
09:38:15,09:38:15,8.95,--,30,26849,卖盘,2017-07-31,2017-07-31 09:38:15
09:38:18,09:38:18,8.95,--,134,119929,卖盘,2017-07-31,2017-07-31 09:38:18
09:38:21,09:38:21,8.96,0.01,335,300160,买盘,2017-07-31,2017-07-31 09:38:21
09:38:24,09:38:24,8.95,-0.01,67,59964,卖盘,2017-07-31,2017-07-31 09:38:24
09:38:27,09:38:27,8.96,0.01,45,40320,中性盘,2017-07-31,2017-07-31 09:38:27
09:38:30,09:38:30,8.97,0.01,30,26910,买盘,2017-07-31,2017-07-31 09:38:30
09:38:33,09:38:33,8.97,--,102,91494,买盘,2017-07-31,2017-07-31 09:38:33
09:38:36,09:38:36,8.97,--,2,1794,卖盘,2017-07-31,2017-07-31 09:38:36
09:38:39,09:38:39,8.97,--,92,82524,卖盘,2017-07-31,2017-07-31 09:38:39
09:38:42,09:38:42,8.97,--,69,61893,卖盘,2017-07-31,2017-07-31 09:38:42
09:38:45,09:38:45,8.98,0.01,147,132006,买盘,2017-07-31,2017-07-31 09:38:45
09:38:48,09:38:48,8.98,--,61,54778,买盘,2017-07-31,2017-07-31 09:38:48
09:38:51,09:38:51,8.98,--,110,98780,卖盘,2017-07-31,2017-07-31 09:38:51
09:38:54,09:38:54,8.98,--,53,47594,卖盘,2017-07-31,2017-07-31 09:38:54
09:38:57,09:38:57,8.99,0.01,9,8091,买盘,2017-07-31,2017-07-31 09:38:57
09:39:00,09:39:00,8.99,--,44,39556,买盘,2017-07-31,2017-07-31 09:39:00
09:39:03,09:39:03,8.99,--,90,80910,买盘,2017-07-31,2017-07-31 09:39:03
09:39:06,09:39:06,8.99,--,92,82708,买盘,2017-07-31,2017-07-31 09:39:06
09:39:09,09:39:09,8.98,-0.01,145,130210,卖盘,2017-07-31,2017-07-31 09:39:09
09:39:12,09:39:12,8.98,--,78,70044,买盘,2017-07-31,2017-07-31 09:39:12
09:39:15,09:39:15,8.97,-0.01,130,116610,卖盘,2017-07-31,2017-07-31 09:39:15
09:39:18,09:39:18,8.96,-0.01,503,450688,卖盘,2017-07-31,2017-07-31 09:39:18
09:39:21,09:39:21,8.96,--,36,32256,买盘,2017-07-31,2017-07-31 09:39:21
09:39:24,09:39:24,8.96,--,150,134400,买盘,2017-07-31,2017-07-31 09:39:24
09:39:27,09:39:27,8.95,-0.01,335,299825,卖盘,2017-07-31,2017-07-31 09:39:27
09:39:30,09:39:30,8.95,--,135,120824,买盘,2017-07-31,2017-07-31 09:39:30
09:39:33,09:39:33,8.95,--,98,87710,买盘,2017-07-31,2017-07-31 09:39:33
09:39:36,09:39:36,8.94,-0.01,410,366540,卖盘,2017-07-31,2017-07-31 09:39:36
09:39:39,09:39:39,8.94,--,23,20562,买盘,2017-07-31,2017-07-31 09:39:39
09:39:42,09:39:42,8.93,-0.01,590,526870,卖盘,2017-07-31,2017-07-31 09:39:42
09:39:45,09:39:45,8.93,--,51,45543,买盘,2017-07-31,2017-07-31 09:39:45
09:39:48,09:39:48,8.93,--,56,50008,买盘,2017-07-31,2017-07-31 09:39:48
09:39:51,09:39:51,8.92,-0.01,103,92634,卖盘,2017-07-31,2017-07-31 09:39:51
09:39:54,09:39:54,8.92,--,109,97228,卖盘,2017-07-31,2017-07-31 09:39:54
09:39:57,09:39:57,8.92,--,180,161309,卖盘,2017-07-31,2017-07-31 09:39:57
09:40:00,09:40:00,8.91,-0.01,272,242352,卖盘,2017-07-31,2017-07-31 09:40:00
09:40:03,09:40:03,8.9,-0.01,440,391600,卖盘,2017-07-31,2017-07-31 09:40:03
09:40:06,09:40:06,8.91,0.01,124,110484,买盘,2017-07-31,2017-07-31 09:40:06
09:40:09,09:40:09,8.89,-0.02,710,631190,卖盘,2017-07-31,2017-07-31 09:40:09
09:40:12,09:40:12,8.89,--,51,45339,卖盘,2017-07-31,2017-07-31 09:40:12
09:40:15,09:40:15,8.89,--,193,172217,买盘,2017-07-31,2017-07-31 09:40:15
09:40:18,09:40:18,8.88,-0.01,270,240008,卖盘,2017-07-31,2017-07-31 09:40:18
09:40:21,09:40:21,8.88,--,91,80808,买盘,2017-07-31,2017-07-31 09:40:21
09:40:24,09:40:24,8.87,-0.01,48,42575,卖盘,2017-07-31,2017-07-31 09:40:24
09:40:27,09:40:27,8.87,--,37,32819,卖盘,2017-07-31,2017-07-31 09:40:27
09:40:30,09:40:30,8.87,--,129,114422,卖盘,2017-07-31,2017-07-31 09:40:30
09:40:33,09:40:33,8.87,--,158,140146,买盘,2017-07-31,2017-07-31 09:40:33
09:40:36,09:40:36,8.85,-0.02,120,106200,卖盘,2017-07-31,2017-07-31 09:40:36
09:40:39,09:40:39,8.85,--,213,188505,卖盘,2017-07-31,2017-07-31 09:40:39
09:40:42,09:40:42,8.84,-0.01,141,124644,卖盘,2017-07-31,2017-07-31 09:40:42
09:40:45,09:40:45,8.85,0.01,174,154627,中性盘,2017-07-31,2017-07-31 09:40:45
09:40:48,09:40:48,8.84,-0.01,119,105196,卖盘,2017-07-31,2017-07-31 09:40:48
09:40:51,09:40:51,8.84,--,141,124891,买盘,2017-07-31,2017-07-31 09:40:51
09:40:54,09:40:54,8.83,-0.01,106,93598,卖盘,2017-07-31,2017-07-31 09:40:54
09:40:57,09:40:57,8.83,--,45,39735,买盘,2017-07-31,2017-07-31 09:40:57
09:41:00,09:41:00,8.82,-0.01,296,261072,卖盘,2017-07-31,2017-07-31 09:41:00
09:41:03,09:41:03,8.8,-0.02,691,608080,卖盘,2017-07-31,2017-07-31 09:41:03
09:41:06,09:41:06,8.8,--,22,19360,买盘,2017-07-31,2017-07-31 09:41:06
09:41:09,09:41:09,8.79,-0.01,50,43949,卖盘,2017-07-31,2017-07-31 09:41:09
09:41:12,09:41:12,8.78,-0.01,92,80776,卖盘,2017-07-31,2017-07-31 09:41:12
09:41:15,09:41:15,8.79,0.01,137,120422,买盘,2017-07-31,2017-07-31 09:41:15
09:41:18,09:41:18,8.77,-0.02,84,73668,卖盘,2017-07-31,2017-07-31 09:41:18
09:41:21,09:41:21,8.77,--,83,72791,卖盘,2017-07-31,2017-07-31 09:41:21
09:41:24,09:41:24,8.78,0.01,148,129943,买盘,2017-07-31,2017-07-31 09:41:24
09:41:27,09:41:27,8.79,0.01,208,182831,买盘,2017-07-31,2017-07-31 09:41:27
09:41:30,09:41:30,8.78,-0.01,111,97458,中性盘,2017-07-31,2017-07-31 09:41:30
09:41:33,09:41:33,8.78,--,96,84288,卖盘,2017-07-31,2017-07-31 09:41:33
09:41:36,09:41:36,8.78,--,51,44778,卖盘,2017-07-31,2017-07-31 09:41:36
09:41:39,09:41:39,8.78,--,197,172966,卖盘,2017-07-31,2017-07-31 09:41:39
09:41:42,09:41:42,8.78,--,135,118529,卖盘,2017-07-31,2017-07-31 09:41:42
09:41:45,09:41:45,8.78,--,168,147504,卖盘,2017-07-31,2017-07-31 09:41:45
09:41:48,09:41:48,8.78,--,103,90434,买盘,2017-07-31,2017-07-31 09:41:48
09:41:51,09:41:51,8.78,--,109,95702,买盘,2017-07-31,2017-07-31 09:41:51
09:41:54,09:41:54,8.78,--,127,111505,卖盘,2017-07-31,2017-07-31 09:41:54
09:41:57,09:41:57,8.8,0.02,416,366080,买盘,2017-07-31,2017-07-31 09:41:57
09:42:00,09:42:00,8.8,--,26,22880,买盘,2017-07-31,2017-07-31 09:42:00
09:42:03,09:42:03,8.79,-0.01,68,59771,卖盘,2017-07-31,2017-07-31 09:42:03
09:42:06,09:42:06,8.79,--,228,200411,卖盘,2017-07-31,2017-07-31 09:42:06
09:42:09,09:42:09,8.8,0.01,142,124960,买盘,2017-07-31,2017-07-31 09:42:09
09:42:12,09:42:12,8.8,--,257,226160,买盘,2017-07-31,2017-07-31 09:42:12
09:42:15,09:42:15,8.8,--,300,264000,买盘,2017-07-31,2017-07-31 09:42:15
09:42:18,09:42:18,8.8,--,168,147840,买盘,2017-07-31,2017-07-31 09:42:18
09:42:21,09:42:21,8.8,--,62,54560,卖盘,2017-07-31,2017-07-31 09:42:21
09:42:24,09:42:24,8.81,0.01,90,79290,买盘,2017-07-31,2017-07-31 09:42:24
09:42:27,09:42:27,8.82,0.01,76,67032,买盘,2017-07-31,2017-07-31 09:42:27
09:42:30,09:42:30,8.83,0.01,28,24724,买盘,2017-07-31,2017-07-31 09:42:30
09:42:33,09:42:33,8.83,--,1,883,卖盘,2017-07-31,2017-07-31 09:42:33
09:42:36,09:42:36,8.87,0.04,28,25474,买盘,2017-07-31,2017-07-31 09:42:36
09:42:39,09:42:39,8.84,-0.03,33,29172,卖盘,2017-07-31,2017-07-31 09:42:39
09:42:42,09:42:42,8.87,0.03,44,39028,买盘,2017-07-31,2017-07-31 09:42:42
09:42:45,09:42:45,8.89,0.02,68,60452,买盘,2017-07-31,2017-07-31 09:42:45
09:42:48,09:42:48,8.87,-0.02,144,127727,卖盘,2017-07-31,2017-07-31 09:42:48
09:42:51,09:42:51,8.87,--,129,114422,卖盘,2017-07-31,2017-07-31 09:42:51
09:42:57,09:42:57,8.9,0.03,100,89000,中性盘,2017-07-31,2017-07-31 09:42:57
09:43:00,09:43:00,8.9,--,1,890,卖盘,2017-07-31,2017-07-31 09:43:00
09:43:03,09:43:03,8.9,--,35,31150,卖盘,2017-07-31,2017-07-31 09:43:03
09:43:06,09:43:06,8.88,-0.02,32,28416,卖盘,2017-07-31,2017-07-31 09:43:06
09:43:09,09:43:09,8.89,0.01,91,80899,买盘,2017-07-31,2017-07-31 09:43:09
09:43:12,09:43:12,8.86,-0.03,219,194034,卖盘,2017-07-31,2017-07-31 09:43:12
09:43:15,09:43:15,8.82,-0.04,425,374850,卖盘,2017-07-31,2017-07-31 09:43:15
09:43:18,09:43:18,8.87,0.05,106,94021,中性盘,2017-07-31,2017-07-31 09:43:18
09:43:21,09:43:21,8.85,-0.02,73,64605,买盘,2017-07-31,2017-07-31 09:43:21
09:43:24,09:43:24,8.82,-0.03,55,48510,卖盘,2017-07-31,2017-07-31 09:43:24
09:43:27,09:43:27,8.87,0.05,59,52332,买盘,2017-07-31,2017-07-31 09:43:27
09:43:30,09:43:30,8.84,-0.03,468,413712,卖盘,2017-07-31,2017-07-31 09:43:30
09:43:33,09:43:33,8.82,-0.02,52,45864,卖盘,2017-07-31,2017-07-31 09:43:33
09:43:36,09:43:36,8.82,--,6,5292,买盘,2017-07-31,2017-07-31 09:43:36
09:43:39,09:43:39,8.82,--,121,106722,卖盘,2017-07-31,2017-07-31 09:43:39
09:43:42,09:43:42,8.82,--,104,91728,卖盘,2017-07-31,2017-07-31 09:43:42
09:43:45,09:43:45,8.82,--,42,37044,卖盘,2017-07-31,2017-07-31 09:43:45
09:43:48,09:43:48,8.82,--,150,132300,卖盘,2017-07-31,2017-07-31 09:43:48
09:43:51,09:43:51,8.82,--,67,59094,买盘,2017-07-31,2017-07-31 09:43:51
09:43:54,09:43:54,8.84,0.02,143,126412,买盘,2017-07-31,2017-07-31 09:43:54
09:43:57,09:43:57,8.82,-0.02,51,44982,卖盘,2017-07-31,2017-07-31 09:43:57
09:44:00,09:44:00,8.82,--,27,23814,买盘,2017-07-31,2017-07-31 09:44:00
09:44:03,09:44:03,8.81,-0.01,57,50217,卖盘,2017-07-31,2017-07-31 09:44:03
09:44:09,09:44:09,8.83,0.02,17,15011,中性盘,2017-07-31,2017-07-31 09:44:09
09:44:12,09:44:12,8.82,-0.01,24,21168,卖盘,2017-07-31,2017-07-31 09:44:12
09:44:15,09:44:15,8.81,-0.01,95,83695,卖盘,2017-07-31,2017-07-31 09:44:15
09:44:18,09:44:18,8.83,0.02,174,153642,买盘,2017-07-31,2017-07-31 09:44:18
09:44:24,09:44:24,8.82,-0.01,32,28224,卖盘,2017-07-31,2017-07-31 09:44:24
09:44:27,09:44:27,8.82,--,84,74088,卖盘,2017-07-31,2017-07-31 09:44:27
09:44:30,09:44:30,8.82,--,12,10584,卖盘,2017-07-31,2017-07-31 09:44:30
09:44:36,09:44:36,8.82,--,300,264600,卖盘,2017-07-31,2017-07-31 09:44:36
09:44:39,09:44:39,8.82,--,25,22050,买盘,2017-07-31,2017-07-31 09:44:39
09:44:42,09:44:42,8.82,--,53,46746,买盘,2017-07-31,2017-07-31 09:44:42
09:44:45,09:44:45,8.81,-0.01,91,80171,卖盘,2017-07-31,2017-07-31 09:44:45
09:44:48,09:44:48,8.82,0.01,235,207270,买盘,2017-07-31,2017-07-31 09:44:48
09:44:51,09:44:51,8.82,--,32,28224,卖盘,2017-07-31,2017-07-31 09:44:51
09:44:54,09:44:54,8.82,--,35,30870,卖盘,2017-07-31,2017-07-31 09:44:54
09:44:57,09:44:57,8.82,--,17,14994,卖盘,2017-07-31,2017-07-31 09:44:57
09:45:00,09:45:00,8.83,0.01,34,30022,买盘,2017-07-31,2017-07-31 09:45:00
09:45:03,09:45:03,8.82,-0.01,32,28224,卖盘,2017-07-31,2017-07-31 09:45:03
09:45:06,09:45:06,8.83,0.01,9,7947,卖盘,2017-07-31,2017-07-31 09:45:06
09:45:09,09:45:09,8.83,--,6,5298,卖盘,2017-07-31,2017-07-31 09:45:09
09:45:12,09:45:12,8.83,--,117,103311,卖盘,2017-07-31,2017-07-31 09:45:12
09:45:15,09:45:15,8.84,0.01,12,10608,买盘,2017-07-31,2017-07-31 09:45:15
09:45:18,09:45:18,8.84,--,7,6188,买盘,2017-07-31,2017-07-31 09:45:18
09:45:21,09:45:21,8.83,-0.01,69,60927,卖盘,2017-07-31,2017-07-31 09:45:21
09:45:24,09:45:24,8.83,--,72,63576,卖盘,2017-07-31,2017-07-31 09:45:24
09:45:27,09:45:27,8.83,--,100,88300,卖盘,2017-07-31,2017-07-31 09:45:27
09:45:33,09:45:33,8.83,--,189,166887,卖盘,2017-07-31,2017-07-31 09:45:33
09:45:36,09:45:36,8.87,0.04,4,3547,买盘,2017-07-31,2017-07-31 09:45:36
09:45:39,09:45:39,8.85,-0.02,11,9735,卖盘,2017-07-31,2017-07-31 09:45:39
09:45:42,09:45:42,8.85,--,6,5310,卖盘,2017-07-31,2017-07-31 09:45:42
09:45:48,09:45:48,8.85,--,11,9735,卖盘,2017-07-31,2017-07-31 09:45:48
09:45:51,09:45:51,8.85,--,40,35400,买盘,2017-07-31,2017-07-31 09:45:51
09:45:54,09:45:54,8.86,0.01,22,19492,买盘,2017-07-31,2017-07-31 09:45:54
09:46:00,09:46:00,8.86,--,4,3544,卖盘,2017-07-31,2017-07-31 09:46:00
09:46:03,09:46:03,8.86,--,5,4430,卖盘,2017-07-31,2017-07-31 09:46:03
09:46:06,09:46:06,8.87,0.01,5,4435,买盘,2017-07-31,2017-07-31 09:46:06
09:46:09,09:46:09,8.86,-0.01,8,7088,卖盘,2017-07-31,2017-07-31 09:46:09
09:46:12,09:46:12,8.87,0.01,85,75395,买盘,2017-07-31,2017-07-31 09:46:12
09:46:15,09:46:15,8.87,--,42,37254,买盘,2017-07-31,2017-07-31 09:46:15
09:46:18,09:46:18,8.86,-0.01,269,238333,卖盘,2017-07-31,2017-07-31 09:46:18
09:46:21,09:46:21,8.86,--,85,75310,卖盘,2017-07-31,2017-07-31 09:46:21
09:46:24,09:46:24,8.87,0.01,15,13304,买盘,2017-07-31,2017-07-31 09:46:24
09:46:27,09:46:27,8.86,-0.01,13,11518,卖盘,2017-07-31,2017-07-31 09:46:27
09:46:30,09:46:30,8.87,0.01,84,74508,买盘,2017-07-31,2017-07-31 09:46:30
09:46:33,09:46:33,8.86,-0.01,34,30123,中性盘,2017-07-31,2017-07-31 09:46:33
09:46:36,09:46:36,8.86,--,4,3544,买盘,2017-07-31,2017-07-31 09:46:36
09:46:39,09:46:39,8.86,--,87,77082,买盘,2017-07-31,2017-07-31 09:46:39
09:46:42,09:46:42,8.86,--,206,182516,卖盘,2017-07-31,2017-07-31 09:46:42
09:46:45,09:46:45,8.85,-0.01,10,8850,卖盘,2017-07-31,2017-07-31 09:46:45
09:46:48,09:46:48,8.85,--,11,9735,卖盘,2017-07-31,2017-07-31 09:46:48
09:46:51,09:46:51,8.86,0.01,42,37212,买盘,2017-07-31,2017-07-31 09:46:51
09:46:54,09:46:54,8.87,0.01,93,82491,买盘,2017-07-31,2017-07-31 09:46:54
09:46:57,09:46:57,8.86,-0.01,172,152392,卖盘,2017-07-31,2017-07-31 09:46:57
09:47:00,09:47:00,8.86,--,50,44300,卖盘,2017-07-31,2017-07-31 09:47:00
09:47:03,09:47:03,8.86,--,52,46072,卖盘,2017-07-31,2017-07-31 09:47:03
09:47:06,09:47:06,8.87,0.01,154,136598,买盘,2017-07-31,2017-07-31 09:47:06
09:47:12,09:47:12,8.86,-0.01,20,17720,中性盘,2017-07-31,2017-07-31 09:47:12
09:47:15,09:47:15,8.86,--,35,31009,买盘,2017-07-31,2017-07-31 09:47:15
09:47:18,09:47:18,8.86,--,29,25694,买盘,2017-07-31,2017-07-31 09:47:18
09:47:21,09:47:21,8.86,--,121,107206,买盘,2017-07-31,2017-07-31 09:47:21
09:47:24,09:47:24,8.86,--,20,17720,中性盘,2017-07-31,2017-07-31 09:47:24
09:47:27,09:47:27,8.86,--,58,51388,买盘,2017-07-31,2017-07-31 09:47:27
09:47:30,09:47:30,8.86,--,6,5316,卖盘,2017-07-31,2017-07-31 09:47:30
09:47:33,09:47:33,8.86,--,10,8860,卖盘,2017-07-31,2017-07-31 09:47:33
09:47:36,09:47:36,8.87,0.01,82,73523,买盘,2017-07-31,2017-07-31 09:47:36
09:47:42,09:47:42,8.87,--,70,62089,卖盘,2017-07-31,2017-07-31 09:47:42
09:47:45,09:47:45,8.87,--,23,20401,卖盘,2017-07-31,2017-07-31 09:47:45
09:47:48,09:47:48,8.88,0.01,58,51504,买盘,2017-07-31,2017-07-31 09:47:48
09:47:51,09:47:51,8.87,-0.01,26,23061,卖盘,2017-07-31,2017-07-31 09:47:51
09:47:54,09:47:54,8.88,0.01,57,50616,买盘,2017-07-31,2017-07-31 09:47:54
09:47:57,09:47:57,8.88,--,4,3552,卖盘,2017-07-31,2017-07-31 09:47:57
09:48:00,09:48:00,8.88,--,51,45288,卖盘,2017-07-31,2017-07-31 09:48:00
09:48:03,09:48:03,8.88,--,69,61272,卖盘,2017-07-31,2017-07-31 09:48:03
09:48:06,09:48:06,8.88,--,29,25752,买盘,2017-07-31,2017-07-31 09:48:06
09:48:09,09:48:09,8.88,--,30,26640,买盘,2017-07-31,2017-07-31 09:48:09
09:48:15,09:48:15,8.87,-0.01,50,44349,卖盘,2017-07-31,2017-07-31 09:48:15
09:48:18,09:48:18,8.88,0.01,15,13320,买盘,2017-07-31,2017-07-31 09:48:18
09:48:21,09:48:21,8.88,--,296,262848,买盘,2017-07-31,2017-07-31 09:48:21
09:48:24,09:48:24,8.87,-0.01,73,64750,卖盘,2017-07-31,2017-07-31 09:48:24
09:48:27,09:48:27,8.87,--,25,22174,卖盘,2017-07-31,2017-07-31 09:48:27
09:48:30,09:48:30,8.87,--,66,58639,卖盘,2017-07-31,2017-07-31 09:48:30
09:48:33,09:48:33,8.87,--,58,51445,买盘,2017-07-31,2017-07-31 09:48:33
09:48:36,09:48:36,8.86,-0.01,4,3544,卖盘,2017-07-31,2017-07-31 09:48:36
09:48:39,09:48:39,8.87,0.01,46,40802,买盘,2017-07-31,2017-07-31 09:48:39
09:48:42,09:48:42,8.87,--,8,7095,买盘,2017-07-31,2017-07-31 09:48:42
09:48:45,09:48:45,8.86,-0.01,18,15947,卖盘,2017-07-31,2017-07-31 09:48:45
09:48:48,09:48:48,8.87,0.01,134,118857,买盘,2017-07-31,2017-07-31 09:48:48
09:48:51,09:48:51,8.86,-0.01,22,19492,卖盘,2017-07-31,2017-07-31 09:48:51
09:48:54,09:48:54,8.85,-0.01,100,88500,卖盘,2017-07-31,2017-07-31 09:48:54
09:48:57,09:48:57,8.85,--,3,2655,卖盘,2017-07-31,2017-07-31 09:48:57
09:49:00,09:49:00,8.86,0.01,34,30123,买盘,2017-07-31,2017-07-31 09:49:00
09:49:03,09:49:03,8.85,-0.01,81,71685,卖盘,2017-07-31,2017-07-31 09:49:03
09:49:12,09:49:12,8.84,-0.01,130,114920,卖盘,2017-07-31,2017-07-31 09:49:12
09:49:15,09:49:15,8.84,--,2,1768,买盘,2017-07-31,2017-07-31 09:49:15
09:49:18,09:49:18,8.83,-0.01,55,48565,卖盘,2017-07-31,2017-07-31 09:49:18
09:49:21,09:49:21,8.83,--,130,114790,卖盘,2017-07-31,2017-07-31 09:49:21
09:49:24,09:49:24,8.83,--,71,62693,卖盘,2017-07-31,2017-07-31 09:49:24
09:49:27,09:49:27,8.84,0.01,76,67184,买盘,2017-07-31,2017-07-31 09:49:27
09:49:30,09:49:30,8.83,-0.01,14,12362,中性盘,2017-07-31,2017-07-31 09:49:30
09:49:33,09:49:33,8.83,--,21,18543,买盘,2017-07-31,2017-07-31 09:49:33
09:49:36,09:49:36,8.82,-0.01,11,9702,卖盘,2017-07-31,2017-07-31 09:49:36
09:49:39,09:49:39,8.82,--,9,7938,卖盘,2017-07-31,2017-07-31 09:49:39
09:49:42,09:49:42,8.82,--,110,97020,卖盘,2017-07-31,2017-07-31 09:49:42
09:49:45,09:49:45,8.82,--,9,7938,卖盘,2017-07-31,2017-07-31 09:49:45
09:49:48,09:49:48,8.83,0.01,62,54746,买盘,2017-07-31,2017-07-31 09:49:48
09:49:51,09:49:51,8.83,--,25,22075,卖盘,2017-07-31,2017-07-31 09:49:51
09:49:54,09:49:54,8.82,-0.01,44,38808,卖盘,2017-07-31,2017-07-31 09:49:54
09:49:57,09:49:57,8.83,0.01,810,715230,中性盘,2017-07-31,2017-07-31 09:49:57
09:50:00,09:50:00,8.82,-0.01,27,23814,买盘,2017-07-31,2017-07-31 09:50:00
09:50:03,09:50:03,8.82,--,29,25578,买盘,2017-07-31,2017-07-31 09:50:03
09:50:06,09:50:06,8.81,-0.01,24,21144,卖盘,2017-07-31,2017-07-31 09:50:06
09:50:09,09:50:09,8.82,0.01,2,1764,买盘,2017-07-31,2017-07-31 09:50:09
09:50:12,09:50:12,8.81,-0.01,161,141841,卖盘,2017-07-31,2017-07-31 09:50:12
09:50:15,09:50:15,8.82,0.01,49,43218,买盘,2017-07-31,2017-07-31 09:50:15
09:50:18,09:50:18,8.82,--,10,8820,买盘,2017-07-31,2017-07-31 09:50:18
09:50:21,09:50:21,8.82,--,41,36162,买盘,2017-07-31,2017-07-31 09:50:21
09:50:24,09:50:24,8.81,-0.01,51,44931,卖盘,2017-07-31,2017-07-31 09:50:24
09:50:27,09:50:27,8.82,0.01,67,59094,买盘,2017-07-31,2017-07-31 09:50:27
09:50:30,09:50:30,8.82,--,6,5292,卖盘,2017-07-31,2017-07-31 09:50:30
09:50:33,09:50:33,8.82,--,29,25578,卖盘,2017-07-31,2017-07-31 09:50:33
09:50:36,09:50:36,8.82,--,37,32634,卖盘,2017-07-31,2017-07-31 09:50:36
09:50:39,09:50:39,8.81,-0.01,2,1762,卖盘,2017-07-31,2017-07-31 09:50:39
09:50:42,09:50:42,8.83,0.02,56,50233,买盘,2017-07-31,2017-07-31 09:50:42
09:50:45,09:50:45,8.81,-0.02,18,15858,卖盘,2017-07-31,2017-07-31 09:50:45
09:50:48,09:50:48,8.82,0.01,28,24696,买盘,2017-07-31,2017-07-31 09:50:48
09:50:51,09:50:51,8.82,--,72,63504,买盘,2017-07-31,2017-07-31 09:50:51
09:50:54,09:50:54,8.83,0.01,16,14128,买盘,2017-07-31,2017-07-31 09:50:54
09:50:57,09:50:57,8.82,-0.01,14,12348,卖盘,2017-07-31,2017-07-31 09:50:57
09:51:00,09:51:00,8.82,--,69,60858,卖盘,2017-07-31,2017-07-31 09:51:00
09:51:03,09:51:03,8.82,--,67,59094,卖盘,2017-07-31,2017-07-31 09:51:03
09:51:06,09:51:06,8.83,0.01,20,17660,买盘,2017-07-31,2017-07-31 09:51:06
09:51:09,09:51:09,8.82,-0.01,13,11466,卖盘,2017-07-31,2017-07-31 09:51:09
09:51:12,09:51:12,8.82,--,5,4410,卖盘,2017-07-31,2017-07-31 09:51:12
09:51:15,09:51:15,8.82,--,65,57330,卖盘,2017-07-31,2017-07-31 09:51:15
09:51:18,09:51:18,8.82,--,40,35280,卖盘,2017-07-31,2017-07-31 09:51:18
09:51:21,09:51:21,8.82,--,10,8820,买盘,2017-07-31,2017-07-31 09:51:21
09:51:24,09:51:24,8.82,--,64,56448,买盘,2017-07-31,2017-07-31 09:51:24
09:51:27,09:51:27,8.82,--,22,19404,买盘,2017-07-31,2017-07-31 09:51:27
09:51:30,09:51:30,8.82,--,15,13230,买盘,2017-07-31,2017-07-31 09:51:30
09:51:33,09:51:33,8.82,--,13,11466,卖盘,2017-07-31,2017-07-31 09:51:33
09:51:36,09:51:36,8.83,0.01,1,883,买盘,2017-07-31,2017-07-31 09:51:36
09:51:39,09:51:39,8.83,--,32,28256,买盘,2017-07-31,2017-07-31 09:51:39
09:51:42,09:51:42,8.83,--,29,25607,买盘,2017-07-31,2017-07-31 09:51:42
09:51:45,09:51:45,8.83,--,15,13245,买盘,2017-07-31,2017-07-31 09:51:45
09:51:48,09:51:48,8.83,--,35,30905,买盘,2017-07-31,2017-07-31 09:51:48
09:51:51,09:51:51,8.83,--,55,48565,买盘,2017-07-31,2017-07-31 09:51:51
09:51:54,09:51:54,8.83,--,52,45916,卖盘,2017-07-31,2017-07-31 09:51:54
09:51:57,09:51:57,8.83,--,34,30022,卖盘,2017-07-31,2017-07-31 09:51:57
09:52:00,09:52:00,8.83,--,40,35320,卖盘,2017-07-31,2017-07-31 09:52:00
09:52:03,09:52:03,8.84,0.01,25,22100,买盘,2017-07-31,2017-07-31 09:52:03
09:52:06,09:52:06,8.84,--,20,17680,买盘,2017-07-31,2017-07-31 09:52:06
09:52:09,09:52:09,8.84,--,33,29172,买盘,2017-07-31,2017-07-31 09:52:09
09:52:12,09:52:12,8.84,--,13,11492,买盘,2017-07-31,2017-07-31 09:52:12
09:52:15,09:52:15,8.83,-0.01,131,115673,卖盘,2017-07-31,2017-07-31 09:52:15
09:52:18,09:52:18,8.84,0.01,385,340340,买盘,2017-07-31,2017-07-31 09:52:18
09:52:21,09:52:21,8.84,--,80,70720,买盘,2017-07-31,2017-07-31 09:52:21
09:52:24,09:52:24,8.84,--,65,57460,买盘,2017-07-31,2017-07-31 09:52:24
09:52:27,09:52:27,8.84,--,29,25636,卖盘,2017-07-31,2017-07-31 09:52:27
09:52:30,09:52:30,8.84,--,5,4420,卖盘,2017-07-31,2017-07-31 09:52:30
09:52:36,09:52:36,8.84,--,59,52156,买盘,2017-07-31,2017-07-31 09:52:36
09:52:42,09:52:42,8.84,--,19,16796,卖盘,2017-07-31,2017-07-31 09:52:42
09:52:45,09:52:45,8.85,0.01,1,885,买盘,2017-07-31,2017-07-31 09:52:45
09:52:48,09:52:48,8.85,--,11,9735,买盘,2017-07-31,2017-07-31 09:52:48
09:52:51,09:52:51,8.85,--,43,38055,买盘,2017-07-31,2017-07-31 09:52:51
09:52:54,09:52:54,8.84,-0.01,7,6188,卖盘,2017-07-31,2017-07-31 09:52:54
09:52:57,09:52:57,8.85,0.01,6,5310,买盘,2017-07-31,2017-07-31 09:52:57
09:53:00,09:53:00,8.85,--,26,23010,买盘,2017-07-31,2017-07-31 09:53:00
09:53:03,09:53:03,8.84,-0.01,484,427856,卖盘,2017-07-31,2017-07-31 09:53:03
09:53:06,09:53:06,8.84,--,28,24752,买盘,2017-07-31,2017-07-31 09:53:06
09:53:09,09:53:09,8.84,--,3,2652,买盘,2017-07-31,2017-07-31 09:53:09
09:53:12,09:53:12,8.83,-0.01,4,3532,卖盘,2017-07-31,2017-07-31 09:53:12
09:53:18,09:53:18,8.84,0.01,1,884,买盘,2017-07-31,2017-07-31 09:53:18
09:53:21,09:53:21,8.83,-0.01,56,49448,卖盘,2017-07-31,2017-07-31 09:53:21
09:53:24,09:53:24,8.84,0.01,120,106080,买盘,2017-07-31,2017-07-31 09:53:24
09:53:27,09:53:27,8.8,-0.04,1201,1056880,卖盘,2017-07-31,2017-07-31 09:53:27
09:53:30,09:53:30,8.82,0.02,7,6174,中性盘,2017-07-31,2017-07-31 09:53:30
09:53:33,09:53:33,8.8,-0.02,18,15840,卖盘,2017-07-31,2017-07-31 09:53:33
09:53:36,09:53:36,8.82,0.02,3,2646,买盘,2017-07-31,2017-07-31 09:53:36
09:53:39,09:53:39,8.8,-0.02,52,45760,卖盘,2017-07-31,2017-07-31 09:53:39
09:53:42,09:53:42,8.81,0.01,32,28192,买盘,2017-07-31,2017-07-31 09:53:42
09:53:45,09:53:45,8.81,--,38,33478,买盘,2017-07-31,2017-07-31 09:53:45
09:53:48,09:53:48,8.8,-0.01,11,9680,卖盘,2017-07-31,2017-07-31 09:53:48
09:53:51,09:53:51,8.81,0.01,33,29073,卖盘,2017-07-31,2017-07-31 09:53:51
09:53:54,09:53:54,8.81,--,15,13215,卖盘,2017-07-31,2017-07-31 09:53:54
09:53:57,09:53:57,8.8,-0.01,23,20240,卖盘,2017-07-31,2017-07-31 09:53:57
09:54:00,09:54:00,8.81,0.01,109,96029,买盘,2017-07-31,2017-07-31 09:54:00
09:54:03,09:54:03,8.8,-0.01,53,46640,卖盘,2017-07-31,2017-07-31 09:54:03
09:54:06,09:54:06,8.81,0.01,120,105720,买盘,2017-07-31,2017-07-31 09:54:06
09:54:09,09:54:09,8.8,-0.01,197,173360,卖盘,2017-07-31,2017-07-31 09:54:09
09:54:12,09:54:12,8.8,--,26,22880,卖盘,2017-07-31,2017-07-31 09:54:12
09:54:15,09:54:15,8.8,--,801,704880,卖盘,2017-07-31,2017-07-31 09:54:15
09:54:18,09:54:18,8.8,--,113,99536,卖盘,2017-07-31,2017-07-31 09:54:18
09:54:21,09:54:21,8.79,-0.01,107,94052,卖盘,2017-07-31,2017-07-31 09:54:21
09:54:24,09:54:24,8.81,0.02,209,184913,买盘,2017-07-31,2017-07-31 09:54:24
09:54:27,09:54:27,8.81,--,18,15858,卖盘,2017-07-31,2017-07-31 09:54:27
09:54:30,09:54:30,8.8,-0.01,172,151360,卖盘,2017-07-31,2017-07-31 09:54:30
09:54:33,09:54:33,8.8,--,1,880,卖盘,2017-07-31,2017-07-31 09:54:33
09:54:36,09:54:36,8.8,--,73,64240,卖盘,2017-07-31,2017-07-31 09:54:36
09:54:39,09:54:39,8.8,--,68,59840,卖盘,2017-07-31,2017-07-31 09:54:39
09:54:42,09:54:42,8.79,-0.01,28,24611,卖盘,2017-07-31,2017-07-31 09:54:42
09:54:45,09:54:45,8.8,0.01,49,43120,中性盘,2017-07-31,2017-07-31 09:54:45
09:54:48,09:54:48,8.8,--,56,49280,买盘,2017-07-31,2017-07-31 09:54:48
09:54:54,09:54:54,8.8,--,3,2640,买盘,2017-07-31,2017-07-31 09:54:54
09:54:57,09:54:57,8.78,-0.02,316,277544,卖盘,2017-07-31,2017-07-31 09:54:57
09:55:00,09:55:00,8.79,0.01,4,3515,买盘,2017-07-31,2017-07-31 09:55:00
09:55:03,09:55:03,8.78,-0.01,35,30729,卖盘,2017-07-31,2017-07-31 09:55:03
09:55:06,09:55:06,8.79,0.01,363,319859,买盘,2017-07-31,2017-07-31 09:55:06
09:55:09,09:55:09,8.79,--,68,59771,卖盘,2017-07-31,2017-07-31 09:55:09
09:55:12,09:55:12,8.78,-0.01,673,590894,卖盘,2017-07-31,2017-07-31 09:55:12
09:55:15,09:55:15,8.8,0.02,25,22000,买盘,2017-07-31,2017-07-31 09:55:15
09:55:18,09:55:18,8.8,--,1,880,买盘,2017-07-31,2017-07-31 09:55:18
09:55:21,09:55:21,8.78,-0.02,104,91312,卖盘,2017-07-31,2017-07-31 09:55:21
09:55:24,09:55:24,8.79,0.01,252,221507,买盘,2017-07-31,2017-07-31 09:55:24
09:55:27,09:55:27,8.78,-0.01,91,79898,卖盘,2017-07-31,2017-07-31 09:55:27
09:55:30,09:55:30,8.78,--,8,7023,卖盘,2017-07-31,2017-07-31 09:55:30
09:55:33,09:55:33,8.78,--,83,72970,卖盘,2017-07-31,2017-07-31 09:55:33
09:55:36,09:55:36,8.77,-0.01,21,18417,卖盘,2017-07-31,2017-07-31 09:55:36
09:55:39,09:55:39,8.78,0.01,26,22828,买盘,2017-07-31,2017-07-31 09:55:39
09:55:42,09:55:42,8.79,0.01,37,32522,买盘,2017-07-31,2017-07-31 09:55:42
09:55:45,09:55:45,8.78,-0.01,37,32485,卖盘,2017-07-31,2017-07-31 09:55:45
09:55:48,09:55:48,8.8,0.02,2200,1936783,买盘,2017-07-31,2017-07-31 09:55:48
09:55:51,09:55:51,8.8,--,24,21120,卖盘,2017-07-31,2017-07-31 09:55:51
09:55:54,09:55:54,8.8,--,57,50160,卖盘,2017-07-31,2017-07-31 09:55:54
09:55:57,09:55:57,8.8,--,98,86336,卖盘,2017-07-31,2017-07-31 09:55:57
09:56:00,09:56:00,8.8,--,3,2640,买盘,2017-07-31,2017-07-31 09:56:00
09:56:03,09:56:03,8.8,--,11,9680,买盘,2017-07-31,2017-07-31 09:56:03
09:56:06,09:56:06,8.8,--,26,22880,买盘,2017-07-31,2017-07-31 09:56:06
09:56:09,09:56:09,8.8,--,159,139920,买盘,2017-07-31,2017-07-31 09:56:09
09:56:12,09:56:12,8.8,--,5,4400,买盘,2017-07-31,2017-07-31 09:56:12
09:56:15,09:56:15,8.8,--,116,102080,买盘,2017-07-31,2017-07-31 09:56:15
09:56:18,09:56:18,8.8,--,26,22880,买盘,2017-07-31,2017-07-31 09:56:18
09:56:21,09:56:21,8.79,-0.01,122,107237,卖盘,2017-07-31,2017-07-31 09:56:21
09:56:24,09:56:24,8.8,0.01,149,131903,买盘,2017-07-31,2017-07-31 09:56:24
09:56:27,09:56:27,8.8,--,10,8800,卖盘,2017-07-31,2017-07-31 09:56:27
09:56:30,09:56:30,8.8,--,112,98656,卖盘,2017-07-31,2017-07-31 09:56:30
09:56:33,09:56:33,8.8,--,195,172383,买盘,2017-07-31,2017-07-31 09:56:33
09:56:36,09:56:36,8.81,0.01,9,7929,买盘,2017-07-31,2017-07-31 09:56:36
09:56:39,09:56:39,8.81,--,71,62551,买盘,2017-07-31,2017-07-31 09:56:39
09:56:42,09:56:42,8.8,-0.01,13,11440,卖盘,2017-07-31,2017-07-31 09:56:42
09:56:45,09:56:45,8.81,0.01,1,881,买盘,2017-07-31,2017-07-31 09:56:45
09:56:48,09:56:48,8.81,--,3,2643,卖盘,2017-07-31,2017-07-31 09:56:48
09:56:51,09:56:51,8.82,0.01,13,11466,买盘,2017-07-31,2017-07-31 09:56:51
09:56:54,09:56:54,8.81,-0.01,11,9691,卖盘,2017-07-31,2017-07-31 09:56:54
09:56:57,09:56:57,8.81,--,15,13215,卖盘,2017-07-31,2017-07-31 09:56:57
09:57:00,09:57:00,8.81,--,75,66075,卖盘,2017-07-31,2017-07-31 09:57:00
09:57:03,09:57:03,8.81,--,38,33478,卖盘,2017-07-31,2017-07-31 09:57:03
09:57:06,09:57:06,8.82,0.01,5,4410,中性盘,2017-07-31,2017-07-31 09:57:06
09:57:09,09:57:09,8.83,0.01,6,5298,买盘,2017-07-31,2017-07-31 09:57:09
09:57:12,09:57:12,8.83,--,2,1766,卖盘,2017-07-31,2017-07-31 09:57:12
09:57:18,09:57:18,8.83,--,7,6181,卖盘,2017-07-31,2017-07-31 09:57:18
09:57:21,09:57:21,8.84,0.01,25,22100,买盘,2017-07-31,2017-07-31 09:57:21
09:57:24,09:57:24,8.83,-0.01,9,7947,卖盘,2017-07-31,2017-07-31 09:57:24
09:57:30,09:57:30,8.84,0.01,21,18564,买盘,2017-07-31,2017-07-31 09:57:30
09:57:33,09:57:33,8.83,-0.01,21,18543,卖盘,2017-07-31,2017-07-31 09:57:33
09:57:36,09:57:36,8.84,0.01,18,15912,买盘,2017-07-31,2017-07-31 09:57:36
09:57:39,09:57:39,8.83,-0.01,49,43267,卖盘,2017-07-31,2017-07-31 09:57:39
09:57:42,09:57:42,8.84,0.01,51,45084,买盘,2017-07-31,2017-07-31 09:57:42
09:57:45,09:57:45,8.83,-0.01,115,101686,卖盘,2017-07-31,2017-07-31 09:57:45
09:57:51,09:57:51,8.83,--,21,18543,卖盘,2017-07-31,2017-07-31 09:57:51
09:57:54,09:57:54,8.84,0.01,217,191828,买盘,2017-07-31,2017-07-31 09:57:54
09:58:00,09:58:00,8.83,-0.01,16,14128,卖盘,2017-07-31,2017-07-31 09:58:00
09:58:03,09:58:03,8.84,0.01,136,120224,买盘,2017-07-31,2017-07-31 09:58:03
09:58:06,09:58:06,8.85,0.01,25,22125,买盘,2017-07-31,2017-07-31 09:58:06
09:58:12,09:58:12,8.85,--,161,142485,买盘,2017-07-31,2017-07-31 09:58:12
09:58:15,09:58:15,8.85,--,13,11505,卖盘,2017-07-31,2017-07-31 09:58:15
09:58:18,09:58:18,8.85,--,23,20355,买盘,2017-07-31,2017-07-31 09:58:18
09:58:21,09:58:21,8.85,--,5,4425,买盘,2017-07-31,2017-07-31 09:58:21
09:58:24,09:58:24,8.85,--,129,114165,买盘,2017-07-31,2017-07-31 09:58:24
09:58:27,09:58:27,8.85,--,17,15045,买盘,2017-07-31,2017-07-31 09:58:27
09:58:30,09:58:30,8.85,--,54,47790,买盘,2017-07-31,2017-07-31 09:58:30
09:58:33,09:58:33,8.85,--,15,13275,买盘,2017-07-31,2017-07-31 09:58:33
09:58:36,09:58:36,8.85,--,84,74340,买盘,2017-07-31,2017-07-31 09:58:36
09:58:42,09:58:42,8.85,--,28,24780,卖盘,2017-07-31,2017-07-31 09:58:42
09:58:45,09:58:45,8.85,--,63,55755,卖盘,2017-07-31,2017-07-31 09:58:45
09:58:48,09:58:48,8.85,--,43,38055,买盘,2017-07-31,2017-07-31 09:58:48
09:58:51,09:58:51,8.85,--,3,2655,买盘,2017-07-31,2017-07-31 09:58:51
09:58:54,09:58:54,8.85,--,65,57525,买盘,2017-07-31,2017-07-31 09:58:54
09:58:57,09:58:57,8.85,--,48,42480,卖盘,2017-07-31,2017-07-31 09:58:57
09:59:03,09:59:03,8.84,-0.01,192,169728,卖盘,2017-07-31,2017-07-31 09:59:03
09:59:06,09:59:06,8.84,--,70,61880,卖盘,2017-07-31,2017-07-31 09:59:06
09:59:12,09:59:12,8.85,0.01,10,8850,中性盘,2017-07-31,2017-07-31 09:59:12
09:59:15,09:59:15,8.84,-0.01,41,36244,卖盘,2017-07-31,2017-07-31 09:59:15
09:59:18,09:59:18,8.85,0.01,18,15930,买盘,2017-07-31,2017-07-31 09:59:18
09:59:21,09:59:21,8.84,-0.01,24,21216,卖盘,2017-07-31,2017-07-31 09:59:21
09:59:24,09:59:24,8.85,0.01,20,17700,买盘,2017-07-31,2017-07-31 09:59:24
09:59:27,09:59:27,8.84,-0.01,46,40664,卖盘,2017-07-31,2017-07-31 09:59:27
09:59:30,09:59:30,8.85,0.01,147,130095,买盘,2017-07-31,2017-07-31 09:59:30
09:59:33,09:59:33,8.85,--,76,67260,买盘,2017-07-31,2017-07-31 09:59:33
09:59:36,09:59:36,8.84,-0.01,18,15912,卖盘,2017-07-31,2017-07-31 09:59:36
09:59:39,09:59:39,8.84,--,63,55692,卖盘,2017-07-31,2017-07-31 09:59:39
09:59:48,09:59:48,8.84,--,9,7956,卖盘,2017-07-31,2017-07-31 09:59:48
09:59:51,09:59:51,8.84,--,12,10608,卖盘,2017-07-31,2017-07-31 09:59:51
09:59:54,09:59:54,8.84,--,36,31824,卖盘,2017-07-31,2017-07-31 09:59:54
09:59:57,09:59:57,8.84,--,46,40664,卖盘,2017-07-31,2017-07-31 09:59:57
10:00:03,10:00:03,8.84,--,12,10608,卖盘,2017-07-31,2017-07-31 10:00:03
10:00:06,10:00:06,8.84,--,125,110500,卖盘,2017-07-31,2017-07-31 10:00:06
10:00:12,10:00:12,8.84,--,24,21216,买盘,2017-07-31,2017-07-31 10:00:12
10:00:15,10:00:15,8.84,--,7,6188,买盘,2017-07-31,2017-07-31 10:00:15
10:00:21,10:00:21,8.84,--,68,60112,买盘,2017-07-31,2017-07-31 10:00:21
10:00:27,10:00:27,8.83,-0.01,1,883,卖盘,2017-07-31,2017-07-31 10:00:27
10:00:30,10:00:30,8.83,--,3,2649,卖盘,2017-07-31,2017-07-31 10:00:30
10:00:33,10:00:33,8.83,--,1,883,卖盘,2017-07-31,2017-07-31 10:00:33
10:00:36,10:00:36,8.84,0.01,31,27404,买盘,2017-07-31,2017-07-31 10:00:36
10:00:39,10:00:39,8.83,-0.01,1,883,卖盘,2017-07-31,2017-07-31 10:00:39
10:00:42,10:00:42,8.83,--,51,45033,卖盘,2017-07-31,2017-07-31 10:00:42
10:00:45,10:00:45,8.83,--,11,9713,卖盘,2017-07-31,2017-07-31 10:00:45
10:00:48,10:00:48,8.84,0.01,14,12376,买盘,2017-07-31,2017-07-31 10:00:48
10:00:51,10:00:51,8.83,-0.01,14,13103,卖盘,2017-07-31,2017-07-31 10:00:51
10:01:00,10:01:00,8.83,--,10,8830,买盘,2017-07-31,2017-07-31 10:01:00
10:01:03,10:01:03,8.82,-0.01,11,9702,卖盘,2017-07-31,2017-07-31 10:01:03
10:01:09,10:01:09,8.83,0.01,30,26490,买盘,2017-07-31,2017-07-31 10:01:09
10:01:12,10:01:12,8.82,-0.01,16,14112,卖盘,2017-07-31,2017-07-31 10:01:12
10:01:15,10:01:15,8.83,0.01,8,7205,买盘,2017-07-31,2017-07-31 10:01:15
10:01:18,10:01:18,8.83,--,14,12362,卖盘,2017-07-31,2017-07-31 10:01:18
10:01:21,10:01:21,8.84,0.01,15,13260,买盘,2017-07-31,2017-07-31 10:01:21
10:01:27,10:01:27,8.84,--,16,14144,买盘,2017-07-31,2017-07-31 10:01:27
10:01:30,10:01:30,8.83,-0.01,58,51955,卖盘,2017-07-31,2017-07-31 10:01:30
10:01:33,10:01:33,8.83,--,5,4415,买盘,2017-07-31,2017-07-31 10:01:33
10:01:36,10:01:36,8.83,--,12,10596,买盘,2017-07-31,2017-07-31 10:01:36
10:01:42,10:01:42,8.83,--,47,41501,买盘,2017-07-31,2017-07-31 10:01:42
10:01:48,10:01:48,8.83,--,190,167911,买盘,2017-07-31,2017-07-31 10:01:48
10:01:51,10:01:51,8.83,--,2,1766,卖盘,2017-07-31,2017-07-31 10:01:51
10:01:54,10:01:54,8.83,--,25,22075,卖盘,2017-07-31,2017-07-31 10:01:54
10:01:57,10:01:57,8.82,-0.01,2,2504,卖盘,2017-07-31,2017-07-31 10:01:57
10:02:00,10:02:00,8.82,--,10,8820,卖盘,2017-07-31,2017-07-31 10:02:00
10:02:03,10:02:03,8.82,--,430,379260,卖盘,2017-07-31,2017-07-31 10:02:03
10:02:06,10:02:06,8.82,--,51,44982,卖盘,2017-07-31,2017-07-31 10:02:06
10:02:15,10:02:15,8.82,--,64,56448,买盘,2017-07-31,2017-07-31 10:02:15
10:02:18,10:02:18,8.83,0.01,19,16777,买盘,2017-07-31,2017-07-31 10:02:18
10:02:27,10:02:27,8.82,-0.01,43,37926,卖盘,2017-07-31,2017-07-31 10:02:27
10:02:33,10:02:33,8.83,0.01,17,15011,买盘,2017-07-31,2017-07-31 10:02:33
10:02:36,10:02:36,8.83,--,42,37086,买盘,2017-07-31,2017-07-31 10:02:36
10:02:39,10:02:39,8.83,--,20,17660,买盘,2017-07-31,2017-07-31 10:02:39
10:02:42,10:02:42,8.82,-0.01,300,264600,卖盘,2017-07-31,2017-07-31 10:02:42
10:02:54,10:02:54,8.82,--,27,23814,卖盘,2017-07-31,2017-07-31 10:02:54
10:02:57,10:02:57,8.83,0.01,38,33554,买盘,2017-07-31,2017-07-31 10:02:57
10:03:00,10:03:00,8.83,--,26,22958,买盘,2017-07-31,2017-07-31 10:03:00
10:03:03,10:03:03,8.83,--,8,7064,买盘,2017-07-31,2017-07-31 10:03:03
10:03:06,10:03:06,8.83,--,64,56512,买盘,2017-07-31,2017-07-31 10:03:06
10:03:09,10:03:09,8.83,--,76,67108,买盘,2017-07-31,2017-07-31 10:03:09
10:03:12,10:03:12,8.83,--,28,24724,买盘,2017-07-31,2017-07-31 10:03:12
10:03:18,10:03:18,8.84,0.01,16,14144,买盘,2017-07-31,2017-07-31 10:03:18
10:03:24,10:03:24,8.84,--,68,60112,买盘,2017-07-31,2017-07-31 10:03:24
10:03:27,10:03:27,8.84,--,135,119481,买盘,2017-07-31,2017-07-31 10:03:27
10:03:30,10:03:30,8.84,--,89,78676,卖盘,2017-07-31,2017-07-31 10:03:30
10:03:33,10:03:33,8.84,--,9,7956,卖盘,2017-07-31,2017-07-31 10:03:33
10:03:36,10:03:36,8.85,0.01,18,15930,买盘,2017-07-31,2017-07-31 10:03:36
10:03:39,10:03:39,8.82,-0.03,333,293706,卖盘,2017-07-31,2017-07-31 10:03:39
10:03:42,10:03:42,8.85,0.03,45,39825,买盘,2017-07-31,2017-07-31 10:03:42
10:03:45,10:03:45,8.84,-0.01,24,21216,卖盘,2017-07-31,2017-07-31 10:03:45
10:03:48,10:03:48,8.85,0.01,17,15045,买盘,2017-07-31,2017-07-31 10:03:48
10:03:51,10:03:51,8.85,--,11,9735,买盘,2017-07-31,2017-07-31 10:03:51
10:03:54,10:03:54,8.85,--,17,15045,买盘,2017-07-31,2017-07-31 10:03:54
10:03:57,10:03:57,8.85,--,8,7080,买盘,2017-07-31,2017-07-31 10:03:57
10:04:00,10:04:00,8.84,-0.01,93,82212,卖盘,2017-07-31,2017-07-31 10:04:00
10:04:03,10:04:03,8.83,-0.01,4,3532,卖盘,2017-07-31,2017-07-31 10:04:03
10:04:09,10:04:09,8.84,0.01,50,44200,买盘,2017-07-31,2017-07-31 10:04:09
10:04:12,10:04:12,8.84,--,60,53040,买盘,2017-07-31,2017-07-31 10:04:12
10:04:18,10:04:18,8.84,--,5,4420,买盘,2017-07-31,2017-07-31 10:04:18
10:04:21,10:04:21,8.84,--,1,884,买盘,2017-07-31,2017-07-31 10:04:21
10:04:24,10:04:24,8.83,-0.01,23,20309,卖盘,2017-07-31,2017-07-31 10:04:24
10:04:27,10:04:27,8.83,--,21,18543,卖盘,2017-07-31,2017-07-31 10:04:27
10:04:30,10:04:30,8.84,0.01,7,6188,买盘,2017-07-31,2017-07-31 10:04:30
10:04:33,10:04:33,8.84,--,159,140556,买盘,2017-07-31,2017-07-31 10:04:33
10:04:36,10:04:36,8.84,--,2,1768,卖盘,2017-07-31,2017-07-31 10:04:36
10:04:39,10:04:39,8.84,--,4,3536,卖盘,2017-07-31,2017-07-31 10:04:39
10:04:42,10:04:42,8.84,--,11,9724,卖盘,2017-07-31,2017-07-31 10:04:42
10:04:45,10:04:45,8.84,--,1,884,卖盘,2017-07-31,2017-07-31 10:04:45
10:04:48,10:04:48,8.85,0.01,11,9735,买盘,2017-07-31,2017-07-31 10:04:48
10:04:51,10:04:51,8.84,-0.01,21,18564,卖盘,2017-07-31,2017-07-31 10:04:51
10:04:54,10:04:54,8.85,0.01,2,1770,买盘,2017-07-31,2017-07-31 10:04:54
10:04:57,10:04:57,8.85,--,301,266385,买盘,2017-07-31,2017-07-31 10:04:57
10:05:00,10:05:00,8.85,--,14,12390,买盘,2017-07-31,2017-07-31 10:05:00
10:05:03,10:05:03,8.85,--,3,2655,卖盘,2017-07-31,2017-07-31 10:05:03
10:05:06,10:05:06,8.84,-0.01,68,60112,卖盘,2017-07-31,2017-07-31 10:05:06
10:05:12,10:05:12,8.86,0.02,19,16834,买盘,2017-07-31,2017-07-31 10:05:12
10:05:18,10:05:18,8.86,--,100,88600,买盘,2017-07-31,2017-07-31 10:05:18
10:05:24,10:05:24,8.86,--,34,30123,买盘,2017-07-31,2017-07-31 10:05:24
10:05:27,10:05:27,8.86,--,9,7973,买盘,2017-07-31,2017-07-31 10:05:27
10:05:30,10:05:30,8.86,--,15,13290,买盘,2017-07-31,2017-07-31 10:05:30
10:05:33,10:05:33,8.86,--,1,886,买盘,2017-07-31,2017-07-31 10:05:33
10:05:36,10:05:36,8.86,--,28,24808,买盘,2017-07-31,2017-07-31 10:05:36
10:05:39,10:05:39,8.85,-0.01,50,44250,卖盘,2017-07-31,2017-07-31 10:05:39
10:05:42,10:05:42,8.85,--,91,80535,卖盘,2017-07-31,2017-07-31 10:05:42
10:05:45,10:05:45,8.85,--,7,6195,买盘,2017-07-31,2017-07-31 10:05:45
10:05:48,10:05:48,8.85,--,29,25665,买盘,2017-07-31,2017-07-31 10:05:48
10:05:51,10:05:51,8.84,-0.01,143,126412,卖盘,2017-07-31,2017-07-31 10:05:51
10:05:54,10:05:54,8.85,0.01,16,14160,买盘,2017-07-31,2017-07-31 10:05:54
10:05:57,10:05:57,8.84,-0.01,39,34476,卖盘,2017-07-31,2017-07-31 10:05:57
10:06:00,10:06:00,8.84,--,98,86632,卖盘,2017-07-31,2017-07-31 10:06:00
10:06:03,10:06:03,8.85,0.01,5,4425,买盘,2017-07-31,2017-07-31 10:06:03
10:06:06,10:06:06,8.84,-0.01,16,14144,卖盘,2017-07-31,2017-07-31 10:06:06
10:06:15,10:06:15,8.84,--,4,3536,卖盘,2017-07-31,2017-07-31 10:06:15
10:06:21,10:06:21,8.84,--,409,361556,卖盘,2017-07-31,2017-07-31 10:06:21
10:06:24,10:06:24,8.84,--,1,884,买盘,2017-07-31,2017-07-31 10:06:24
10:06:27,10:06:27,8.84,--,16,14144,买盘,2017-07-31,2017-07-31 10:06:27
10:06:30,10:06:30,8.84,--,7,6188,买盘,2017-07-31,2017-07-31 10:06:30
10:06:33,10:06:33,8.83,-0.01,136,120088,卖盘,2017-07-31,2017-07-31 10:06:33
10:06:45,10:06:45,8.84,0.01,13,11492,买盘,2017-07-31,2017-07-31 10:06:45
10:06:48,10:06:48,8.84,--,6,5304,买盘,2017-07-31,2017-07-31 10:06:48
10:06:51,10:06:51,8.84,--,22,19448,卖盘,2017-07-31,2017-07-31 10:06:51
10:06:54,10:06:54,8.83,-0.01,17,15011,卖盘,2017-07-31,2017-07-31 10:06:54
10:06:57,10:06:57,8.83,--,3,2649,卖盘,2017-07-31,2017-07-31 10:06:57
10:07:03,10:07:03,8.83,--,209,184547,卖盘,2017-07-31,2017-07-31 10:07:03
10:07:06,10:07:06,8.84,0.01,32,28288,买盘,2017-07-31,2017-07-31 10:07:06
10:07:09,10:07:09,8.83,-0.01,134,118322,卖盘,2017-07-31,2017-07-31 10:07:09
10:07:12,10:07:12,8.83,--,394,347902,卖盘,2017-07-31,2017-07-31 10:07:12
10:07:18,10:07:18,8.83,--,3,2649,买盘,2017-07-31,2017-07-31 10:07:18
10:07:21,10:07:21,8.83,--,28,24724,买盘,2017-07-31,2017-07-31 10:07:21
10:07:27,10:07:27,8.83,--,168,148344,买盘,2017-07-31,2017-07-31 10:07:27
10:07:30,10:07:30,8.83,--,50,44150,买盘,2017-07-31,2017-07-31 10:07:30
10:07:33,10:07:33,8.83,--,22,19426,买盘,2017-07-31,2017-07-31 10:07:33
10:07:36,10:07:36,8.83,--,20,17660,卖盘,2017-07-31,2017-07-31 10:07:36
10:07:42,10:07:42,8.83,--,38,33554,卖盘,2017-07-31,2017-07-31 10:07:42
10:07:48,10:07:48,8.84,0.01,5,4420,买盘,2017-07-31,2017-07-31 10:07:48
10:07:51,10:07:51,8.83,-0.01,59,52097,卖盘,2017-07-31,2017-07-31 10:07:51
10:07:54,10:07:54,8.83,--,5,4415,买盘,2017-07-31,2017-07-31 10:07:54
10:07:57,10:07:57,8.83,--,11,9713,买盘,2017-07-31,2017-07-31 10:07:57
10:08:00,10:08:00,8.83,--,47,41501,买盘,2017-07-31,2017-07-31 10:08:00
10:08:03,10:08:03,8.82,-0.01,38,33516,卖盘,2017-07-31,2017-07-31 10:08:03
10:08:09,10:08:09,8.83,0.01,9,7947,卖盘,2017-07-31,2017-07-31 10:08:09
10:08:15,10:08:15,8.83,--,1,883,卖盘,2017-07-31,2017-07-31 10:08:15
10:08:18,10:08:18,8.84,0.01,30,26520,买盘,2017-07-31,2017-07-31 10:08:18
10:08:21,10:08:21,8.83,-0.01,20,17660,卖盘,2017-07-31,2017-07-31 10:08:21
10:08:24,10:08:24,8.84,0.01,2,1768,买盘,2017-07-31,2017-07-31 10:08:24
10:08:30,10:08:30,8.83,-0.01,8,7064,卖盘,2017-07-31,2017-07-31 10:08:30
10:08:33,10:08:33,8.84,0.01,24,21216,买盘,2017-07-31,2017-07-31 10:08:33
10:08:39,10:08:39,8.84,--,17,15028,卖盘,2017-07-31,2017-07-31 10:08:39
10:08:45,10:08:45,8.84,--,10,8840,卖盘,2017-07-31,2017-07-31 10:08:45
10:08:48,10:08:48,8.84,--,12,10608,卖盘,2017-07-31,2017-07-31 10:08:48
10:08:51,10:08:51,8.84,--,4,3536,买盘,2017-07-31,2017-07-31 10:08:51
10:08:54,10:08:54,8.84,--,41,36244,买盘,2017-07-31,2017-07-31 10:08:54
10:08:57,10:08:57,8.83,-0.01,6,5298,卖盘,2017-07-31,2017-07-31 10:08:57
10:09:00,10:09:00,8.84,0.01,10,8840,买盘,2017-07-31,2017-07-31 10:09:00
10:09:06,10:09:06,8.84,--,106,93704,买盘,2017-07-31,2017-07-31 10:09:06
10:09:09,10:09:09,8.83,-0.01,16,14128,卖盘,2017-07-31,2017-07-31 10:09:09
10:09:12,10:09:12,8.84,0.01,5,4420,买盘,2017-07-31,2017-07-31 10:09:12
10:09:15,10:09:15,8.83,-0.01,168,148344,卖盘,2017-07-31,2017-07-31 10:09:15
10:09:18,10:09:18,8.83,--,2,1766,买盘,2017-07-31,2017-07-31 10:09:18
10:09:21,10:09:21,8.82,-0.01,93,82026,卖盘,2017-07-31,2017-07-31 10:09:21
10:09:27,10:09:27,8.82,--,119,104958,卖盘,2017-07-31,2017-07-31 10:09:27
10:09:30,10:09:30,8.82,--,1,882,卖盘,2017-07-31,2017-07-31 10:09:30
10:09:33,10:09:33,8.82,--,116,102312,卖盘,2017-07-31,2017-07-31 10:09:33
10:09:36,10:09:36,8.83,0.01,100,88300,买盘,2017-07-31,2017-07-31 10:09:36
10:09:39,10:09:39,8.82,-0.01,3,2646,买盘,2017-07-31,2017-07-31 10:09:39
10:09:48,10:09:48,8.8,-0.02,2024,1781120,卖盘,2017-07-31,2017-07-31 10:09:48
10:09:51,10:09:51,8.81,0.01,10,8810,买盘,2017-07-31,2017-07-31 10:09:51
10:09:54,10:09:54,8.8,-0.01,18,15840,卖盘,2017-07-31,2017-07-31 10:09:54
10:09:57,10:09:57,8.8,--,15,13200,卖盘,2017-07-31,2017-07-31 10:09:57
10:10:00,10:10:00,8.82,0.02,75,66150,买盘,2017-07-31,2017-07-31 10:10:00
10:10:03,10:10:03,8.82,--,56,49392,买盘,2017-07-31,2017-07-31 10:10:03
10:10:06,10:10:06,8.8,-0.02,30,26400,卖盘,2017-07-31,2017-07-31 10:10:06
10:10:18,10:10:18,8.8,--,246,216576,卖盘,2017-07-31,2017-07-31 10:10:18
10:10:21,10:10:21,8.79,-0.01,75,65925,卖盘,2017-07-31,2017-07-31 10:10:21
10:10:24,10:10:24,8.79,--,32,28127,买盘,2017-07-31,2017-07-31 10:10:24
10:10:30,10:10:30,8.8,0.01,109,95920,买盘,2017-07-31,2017-07-31 10:10:30
10:10:33,10:10:33,8.78,-0.02,12,10536,卖盘,2017-07-31,2017-07-31 10:10:33
10:10:36,10:10:36,8.79,0.01,241,211838,买盘,2017-07-31,2017-07-31 10:10:36
10:10:39,10:10:39,8.79,--,70,61529,买盘,2017-07-31,2017-07-31 10:10:39
10:10:42,10:10:42,8.78,-0.01,16,14047,卖盘,2017-07-31,2017-07-31 10:10:42
10:10:45,10:10:45,8.78,--,32,28095,卖盘,2017-07-31,2017-07-31 10:10:45
10:10:48,10:10:48,8.79,0.01,28,24611,买盘,2017-07-31,2017-07-31 10:10:48
10:10:51,10:10:51,8.79,--,30,26369,买盘,2017-07-31,2017-07-31 10:10:51
10:10:54,10:10:54,8.78,-0.01,100,87800,卖盘,2017-07-31,2017-07-31 10:10:54
10:10:57,10:10:57,8.78,--,62,54435,卖盘,2017-07-31,2017-07-31 10:10:57
10:11:00,10:11:00,8.77,-0.01,385,337645,卖盘,2017-07-31,2017-07-31 10:11:00
10:11:03,10:11:03,8.78,0.01,6,5268,买盘,2017-07-31,2017-07-31 10:11:03
10:11:06,10:11:06,8.77,-0.01,4,3508,卖盘,2017-07-31,2017-07-31 10:11:06
10:11:09,10:11:09,8.78,0.01,10,8780,买盘,2017-07-31,2017-07-31 10:11:09
10:11:12,10:11:12,8.78,--,39,34242,买盘,2017-07-31,2017-07-31 10:11:12
10:11:15,10:11:15,8.78,--,7,6146,买盘,2017-07-31,2017-07-31 10:11:15
10:11:18,10:11:18,8.78,--,622,546116,买盘,2017-07-31,2017-07-31 10:11:18
10:11:21,10:11:21,8.76,-0.02,18,15768,卖盘,2017-07-31,2017-07-31 10:11:21
10:11:24,10:11:24,8.77,0.01,37,32449,买盘,2017-07-31,2017-07-31 10:11:24
10:11:27,10:11:27,8.77,--,24,21048,买盘,2017-07-31,2017-07-31 10:11:27
10:11:30,10:11:30,8.78,0.01,108,94824,买盘,2017-07-31,2017-07-31 10:11:30
10:11:33,10:11:33,8.78,--,25,21950,买盘,2017-07-31,2017-07-31 10:11:33
10:11:36,10:11:36,8.77,-0.01,23,20171,卖盘,2017-07-31,2017-07-31 10:11:36
10:11:39,10:11:39,8.78,0.01,136,119407,买盘,2017-07-31,2017-07-31 10:11:39
10:11:42,10:11:42,8.77,-0.01,16,14032,卖盘,2017-07-31,2017-07-31 10:11:42
10:11:45,10:11:45,8.77,--,50,43850,卖盘,2017-07-31,2017-07-31 10:11:45
10:11:48,10:11:48,8.78,0.01,4,3511,买盘,2017-07-31,2017-07-31 10:11:48
10:11:51,10:11:51,8.77,-0.01,13,11401,卖盘,2017-07-31,2017-07-31 10:11:51
10:11:54,10:11:54,8.77,--,12,10524,卖盘,2017-07-31,2017-07-31 10:11:54
10:11:57,10:11:57,8.78,0.01,12,10536,买盘,2017-07-31,2017-07-31 10:11:57
10:12:00,10:12:00,8.77,-0.01,9,7893,卖盘,2017-07-31,2017-07-31 10:12:00
10:12:03,10:12:03,8.78,0.01,58,50923,买盘,2017-07-31,2017-07-31 10:12:03
10:12:06,10:12:06,8.78,--,61,53557,买盘,2017-07-31,2017-07-31 10:12:06
10:12:09,10:12:09,8.78,--,88,77264,买盘,2017-07-31,2017-07-31 10:12:09
10:12:12,10:12:12,8.77,-0.01,93,81561,卖盘,2017-07-31,2017-07-31 10:12:12
10:12:15,10:12:15,8.79,0.02,8,7031,买盘,2017-07-31,2017-07-31 10:12:15
10:12:18,10:12:18,8.79,--,20,17580,买盘,2017-07-31,2017-07-31 10:12:18
10:12:21,10:12:21,8.79,--,16,14063,买盘,2017-07-31,2017-07-31 10:12:21
10:12:24,10:12:24,8.79,--,19,16701,买盘,2017-07-31,2017-07-31 10:12:24
10:12:27,10:12:27,8.79,--,18,15821,买盘,2017-07-31,2017-07-31 10:12:27
10:12:30,10:12:30,8.78,-0.01,67,58825,卖盘,2017-07-31,2017-07-31 10:12:30
10:12:33,10:12:33,8.79,0.01,93,81746,买盘,2017-07-31,2017-07-31 10:12:33
10:12:36,10:12:36,8.79,--,1,878,卖盘,2017-07-31,2017-07-31 10:12:36
10:12:39,10:12:39,8.79,--,104,91415,卖盘,2017-07-31,2017-07-31 10:12:39
10:12:42,10:12:42,8.79,--,14,12305,买盘,2017-07-31,2017-07-31 10:12:42
10:12:45,10:12:45,8.79,--,2,1757,买盘,2017-07-31,2017-07-31 10:12:45
10:12:48,10:12:48,8.79,--,97,85262,买盘,2017-07-31,2017-07-31 10:12:48
10:12:51,10:12:51,8.79,--,21,18459,买盘,2017-07-31,2017-07-31 10:12:51
10:12:54,10:12:54,8.79,--,10,8790,卖盘,2017-07-31,2017-07-31 10:12:54
10:12:57,10:12:57,8.79,--,28,24611,卖盘,2017-07-31,2017-07-31 10:12:57
10:13:00,10:13:00,8.78,-0.01,216,189648,卖盘,2017-07-31,2017-07-31 10:13:00
10:13:03,10:13:03,8.79,0.01,56,49223,买盘,2017-07-31,2017-07-31 10:13:03
10:13:06,10:13:06,8.79,--,26,22853,买盘,2017-07-31,2017-07-31 10:13:06
10:13:12,10:13:12,8.79,--,6,5273,买盘,2017-07-31,2017-07-31 10:13:12
10:13:15,10:13:15,8.78,-0.01,121,106237,卖盘,2017-07-31,2017-07-31 10:13:15
10:13:21,10:13:21,8.78,--,1,877,买盘,2017-07-31,2017-07-31 10:13:21
10:13:24,10:13:24,8.78,--,19,16682,买盘,2017-07-31,2017-07-31 10:13:24
10:13:27,10:13:27,8.78,--,9,7901,买盘,2017-07-31,2017-07-31 10:13:27
10:13:30,10:13:30,8.77,-0.01,547,479719,卖盘,2017-07-31,2017-07-31 10:13:30
10:13:33,10:13:33,8.77,--,10,8770,买盘,2017-07-31,2017-07-31 10:13:33
10:13:36,10:13:36,8.78,0.01,364,319592,买盘,2017-07-31,2017-07-31 10:13:36
10:13:39,10:13:39,8.78,--,3,2634,卖盘,2017-07-31,2017-07-31 10:13:39
10:13:42,10:13:42,8.78,--,7,6146,卖盘,2017-07-31,2017-07-31 10:13:42
10:13:45,10:13:45,8.78,--,3,2634,卖盘,2017-07-31,2017-07-31 10:13:45
10:13:48,10:13:48,8.77,-0.01,166,145582,卖盘,2017-07-31,2017-07-31 10:13:48
10:13:51,10:13:51,8.78,0.01,1,877,买盘,2017-07-31,2017-07-31 10:13:51
10:13:54,10:13:54,8.78,--,140,122919,买盘,2017-07-31,2017-07-31 10:13:54
10:13:57,10:13:57,8.78,--,20,17560,买盘,2017-07-31,2017-07-31 10:13:57
10:14:00,10:14:00,8.77,-0.01,30,26310,卖盘,2017-07-31,2017-07-31 10:14:00
10:14:03,10:14:03,8.77,--,107,93839,卖盘,2017-07-31,2017-07-31 10:14:03
10:14:06,10:14:06,8.77,--,33,28941,卖盘,2017-07-31,2017-07-31 10:14:06
10:14:09,10:14:09,8.77,--,226,198202,卖盘,2017-07-31,2017-07-31 10:14:09
10:14:12,10:14:12,8.77,--,108,94716,卖盘,2017-07-31,2017-07-31 10:14:12
10:14:15,10:14:15,8.77,--,21,18417,卖盘,2017-07-31,2017-07-31 10:14:15
10:14:18,10:14:18,8.77,--,13,11401,卖盘,2017-07-31,2017-07-31 10:14:18
10:14:21,10:14:21,8.77,--,54,47358,卖盘,2017-07-31,2017-07-31 10:14:21
10:14:24,10:14:24,8.77,--,73,64021,卖盘,2017-07-31,2017-07-31 10:14:24
10:14:27,10:14:27,8.78,0.01,267,234425,买盘,2017-07-31,2017-07-31 10:14:27
10:14:30,10:14:30,8.78,--,105,92190,买盘,2017-07-31,2017-07-31 10:14:30
10:14:36,10:14:36,8.77,-0.01,20,17540,卖盘,2017-07-31,2017-07-31 10:14:36
10:14:39,10:14:39,8.78,0.01,55,48290,买盘,2017-07-31,2017-07-31 10:14:39
10:14:42,10:14:42,8.77,-0.01,5,4385,卖盘,2017-07-31,2017-07-31 10:14:42
10:14:45,10:14:45,8.78,0.01,2,1755,买盘,2017-07-31,2017-07-31 10:14:45
10:14:48,10:14:48,8.77,-0.01,78,68406,卖盘,2017-07-31,2017-07-31 10:14:48
10:14:51,10:14:51,8.77,--,32,28064,卖盘,2017-07-31,2017-07-31 10:14:51
10:14:54,10:14:54,8.77,--,22,19294,卖盘,2017-07-31,2017-07-31 10:14:54
10:14:57,10:14:57,8.78,0.01,184,161552,买盘,2017-07-31,2017-07-31 10:14:57
10:15:00,10:15:00,8.78,--,40,35120,买盘,2017-07-31,2017-07-31 10:15:00
10:15:03,10:15:03,8.77,-0.01,128,112256,卖盘,2017-07-31,2017-07-31 10:15:03
10:15:06,10:15:06,8.77,--,136,119272,买盘,2017-07-31,2017-07-31 10:15:06
10:15:09,10:15:09,8.77,--,101,88577,中性盘,2017-07-31,2017-07-31 10:15:09
10:15:12,10:15:12,8.76,-0.01,202,176952,卖盘,2017-07-31,2017-07-31 10:15:12
10:15:15,10:15:15,8.78,0.02,5,4390,买盘,2017-07-31,2017-07-31 10:15:15
10:15:18,10:15:18,8.78,--,383,336274,买盘,2017-07-31,2017-07-31 10:15:18
10:15:21,10:15:21,8.77,-0.01,2,1754,卖盘,2017-07-31,2017-07-31 10:15:21
10:15:24,10:15:24,8.76,-0.01,126,110376,卖盘,2017-07-31,2017-07-31 10:15:24
10:15:27,10:15:27,8.77,0.01,3,2631,买盘,2017-07-31,2017-07-31 10:15:27
10:15:30,10:15:30,8.76,-0.01,21,18396,卖盘,2017-07-31,2017-07-31 10:15:30
10:15:33,10:15:33,8.77,0.01,91,79807,买盘,2017-07-31,2017-07-31 10:15:33
10:15:36,10:15:36,8.76,-0.01,23,20148,卖盘,2017-07-31,2017-07-31 10:15:36
10:15:39,10:15:39,8.76,--,315,275940,卖盘,2017-07-31,2017-07-31 10:15:39
10:15:42,10:15:42,8.75,-0.01,201,175875,卖盘,2017-07-31,2017-07-31 10:15:42
10:15:45,10:15:45,8.76,0.01,2,1752,买盘,2017-07-31,2017-07-31 10:15:45
10:15:48,10:15:48,8.75,-0.01,241,210875,卖盘,2017-07-31,2017-07-31 10:15:48
10:15:51,10:15:51,8.75,--,1521,1330875,卖盘,2017-07-31,2017-07-31 10:15:51
10:15:54,10:15:54,8.75,--,125,109375,买盘,2017-07-31,2017-07-31 10:15:54
10:15:57,10:15:57,8.73,-0.02,115,100395,卖盘,2017-07-31,2017-07-31 10:15:57
10:16:00,10:16:00,8.73,--,25,21825,卖盘,2017-07-31,2017-07-31 10:16:00
10:16:03,10:16:03,8.73,--,109,95157,卖盘,2017-07-31,2017-07-31 10:16:03
10:16:06,10:16:06,8.73,--,109,95157,卖盘,2017-07-31,2017-07-31 10:16:06
10:16:09,10:16:09,8.73,--,62,54126,买盘,2017-07-31,2017-07-31 10:16:09
10:16:12,10:16:12,8.72,-0.01,306,266832,卖盘,2017-07-31,2017-07-31 10:16:12
10:16:15,10:16:15,8.72,--,43,37496,买盘,2017-07-31,2017-07-31 10:16:15
10:16:18,10:16:18,8.71,-0.01,247,215137,卖盘,2017-07-31,2017-07-31 10:16:18
10:16:21,10:16:21,8.7,-0.01,1701,1479869,卖盘,2017-07-31,2017-07-31 10:16:21
10:16:24,10:16:24,8.69,-0.01,50,43450,卖盘,2017-07-31,2017-07-31 10:16:24
10:16:27,10:16:27,8.7,0.01,75,65249,买盘,2017-07-31,2017-07-31 10:16:27
10:16:30,10:16:30,8.7,--,138,120059,买盘,2017-07-31,2017-07-31 10:16:30
10:16:33,10:16:33,8.69,-0.01,101,87769,卖盘,2017-07-31,2017-07-31 10:16:33
10:16:36,10:16:36,8.69,--,160,139040,卖盘,2017-07-31,2017-07-31 10:16:36
10:16:39,10:16:39,8.69,--,220,191180,卖盘,2017-07-31,2017-07-31 10:16:39
10:16:42,10:16:42,8.69,--,274,238106,买盘,2017-07-31,2017-07-31 10:16:42
10:16:45,10:16:45,8.68,-0.01,131,113708,卖盘,2017-07-31,2017-07-31 10:16:45
10:16:48,10:16:48,8.68,--,42,36456,买盘,2017-07-31,2017-07-31 10:16:48
10:16:51,10:16:51,8.68,--,101,87668,买盘,2017-07-31,2017-07-31 10:16:51
10:16:54,10:16:54,8.68,--,113,98084,买盘,2017-07-31,2017-07-31 10:16:54
10:16:57,10:16:57,8.67,-0.01,127,110109,卖盘,2017-07-31,2017-07-31 10:16:57
10:17:00,10:17:00,8.67,--,138,119646,买盘,2017-07-31,2017-07-31 10:17:00
10:17:03,10:17:03,8.66,-0.01,440,381040,卖盘,2017-07-31,2017-07-31 10:17:03
10:17:06,10:17:06,8.67,0.01,652,565284,买盘,2017-07-31,2017-07-31 10:17:06
10:17:09,10:17:09,8.66,-0.01,304,263264,卖盘,2017-07-31,2017-07-31 10:17:09
10:17:12,10:17:12,8.66,--,133,115178,卖盘,2017-07-31,2017-07-31 10:17:12
10:17:15,10:17:15,8.67,0.01,153,132651,买盘,2017-07-31,2017-07-31 10:17:15
10:17:18,10:17:18,8.66,-0.01,155,134230,中性盘,2017-07-31,2017-07-31 10:17:18
10:17:21,10:17:21,8.67,0.01,465,403155,买盘,2017-07-31,2017-07-31 10:17:21
10:17:24,10:17:24,8.67,--,230,199410,卖盘,2017-07-31,2017-07-31 10:17:24
10:17:27,10:17:27,8.67,--,54,46818,卖盘,2017-07-31,2017-07-31 10:17:27
10:17:30,10:17:30,8.67,--,165,143055,卖盘,2017-07-31,2017-07-31 10:17:30
10:17:33,10:17:33,8.68,0.01,163,141484,买盘,2017-07-31,2017-07-31 10:17:33
10:17:36,10:17:36,8.67,-0.01,25,21675,中性盘,2017-07-31,2017-07-31 10:17:36
10:17:39,10:17:39,8.67,--,71,61557,买盘,2017-07-31,2017-07-31 10:17:39
10:17:42,10:17:42,8.68,0.01,62,53816,买盘,2017-07-31,2017-07-31 10:17:42
10:17:45,10:17:45,8.68,--,68,59024,买盘,2017-07-31,2017-07-31 10:17:45
10:17:48,10:17:48,8.68,--,333,289044,买盘,2017-07-31,2017-07-31 10:17:48
10:17:51,10:17:51,8.68,--,64,55552,卖盘,2017-07-31,2017-07-31 10:17:51
10:17:54,10:17:54,8.69,0.01,252,218988,买盘,2017-07-31,2017-07-31 10:17:54
10:17:57,10:17:57,8.7,0.01,55,47849,买盘,2017-07-31,2017-07-31 10:17:57
10:18:00,10:18:00,8.68,-0.02,145,125860,卖盘,2017-07-31,2017-07-31 10:18:00
10:18:03,10:18:03,8.69,0.01,26,22594,买盘,2017-07-31,2017-07-31 10:18:03
10:18:09,10:18:09,8.7,0.01,50,43500,买盘,2017-07-31,2017-07-31 10:18:09
10:18:12,10:18:12,8.69,-0.01,37,32152,卖盘,2017-07-31,2017-07-31 10:18:12
10:18:15,10:18:15,8.7,0.01,3,2610,买盘,2017-07-31,2017-07-31 10:18:15
10:18:18,10:18:18,8.7,--,125,108749,买盘,2017-07-31,2017-07-31 10:18:18
10:18:21,10:18:21,8.7,--,15,13049,卖盘,2017-07-31,2017-07-31 10:18:21
10:18:24,10:18:24,8.7,--,40,34800,卖盘,2017-07-31,2017-07-31 10:18:24
10:18:27,10:18:27,8.7,--,60,52199,卖盘,2017-07-31,2017-07-31 10:18:27
10:18:30,10:18:30,8.7,--,10,8700,买盘,2017-07-31,2017-07-31 10:18:30
10:18:33,10:18:33,8.7,--,48,41760,买盘,2017-07-31,2017-07-31 10:18:33
10:18:36,10:18:36,8.7,--,96,83520,买盘,2017-07-31,2017-07-31 10:18:36
10:18:39,10:18:39,8.7,--,36,31319,买盘,2017-07-31,2017-07-31 10:18:39
10:18:42,10:18:42,8.7,--,79,68730,买盘,2017-07-31,2017-07-31 10:18:42
10:18:45,10:18:45,8.7,--,118,102659,买盘,2017-07-31,2017-07-31 10:18:45
10:18:48,10:18:48,8.7,--,3,2610,买盘,2017-07-31,2017-07-31 10:18:48
10:18:51,10:18:51,8.7,--,69,60029,卖盘,2017-07-31,2017-07-31 10:18:51
10:18:54,10:18:54,8.72,0.02,64,55808,买盘,2017-07-31,2017-07-31 10:18:54
10:18:57,10:18:57,8.72,--,5,4360,买盘,2017-07-31,2017-07-31 10:18:57
10:19:03,10:19:03,8.72,--,27,23544,买盘,2017-07-31,2017-07-31 10:19:03
10:19:06,10:19:06,8.7,-0.02,152,132240,卖盘,2017-07-31,2017-07-31 10:19:06
10:19:09,10:19:09,8.72,0.02,6,5232,买盘,2017-07-31,2017-07-31 10:19:09
10:19:15,10:19:15,8.72,--,89,77608,买盘,2017-07-31,2017-07-31 10:19:15
10:19:18,10:19:18,8.73,0.01,19,16587,买盘,2017-07-31,2017-07-31 10:19:18
10:19:21,10:19:21,8.72,-0.01,12,10464,卖盘,2017-07-31,2017-07-31 10:19:21
10:19:24,10:19:24,8.73,0.01,25,21825,买盘,2017-07-31,2017-07-31 10:19:24
10:19:27,10:19:27,8.73,--,2,1746,买盘,2017-07-31,2017-07-31 10:19:27
10:19:30,10:19:30,8.73,--,2,1746,卖盘,2017-07-31,2017-07-31 10:19:30
10:19:33,10:19:33,8.74,0.01,31,27094,买盘,2017-07-31,2017-07-31 10:19:33
10:19:36,10:19:36,8.73,-0.01,53,46269,卖盘,2017-07-31,2017-07-31 10:19:36
10:19:39,10:19:39,8.74,0.01,46,40204,买盘,2017-07-31,2017-07-31 10:19:39
10:19:42,10:19:42,8.74,--,16,13984,买盘,2017-07-31,2017-07-31 10:19:42
10:19:45,10:19:45,8.74,--,22,19228,买盘,2017-07-31,2017-07-31 10:19:45
10:19:48,10:19:48,8.74,--,18,15732,买盘,2017-07-31,2017-07-31 10:19:48
10:19:54,10:19:54,8.75,0.01,35,30625,买盘,2017-07-31,2017-07-31 10:19:54
10:19:57,10:19:57,8.74,-0.01,19,16606,卖盘,2017-07-31,2017-07-31 10:19:57
10:20:00,10:20:00,8.75,0.01,80,70000,买盘,2017-07-31,2017-07-31 10:20:00
10:20:03,10:20:03,8.75,--,100,87500,卖盘,2017-07-31,2017-07-31 10:20:03
10:20:06,10:20:06,8.75,--,13,11375,卖盘,2017-07-31,2017-07-31 10:20:06
10:20:09,10:20:09,8.75,--,148,129500,卖盘,2017-07-31,2017-07-31 10:20:09
10:20:12,10:20:12,8.75,--,158,138250,卖盘,2017-07-31,2017-07-31 10:20:12
10:20:15,10:20:15,8.74,-0.01,113,98762,卖盘,2017-07-31,2017-07-31 10:20:15
10:20:18,10:20:18,8.75,0.01,21,18375,买盘,2017-07-31,2017-07-31 10:20:18
10:20:21,10:20:21,8.73,-0.02,32,27936,卖盘,2017-07-31,2017-07-31 10:20:21
10:20:24,10:20:24,8.75,0.02,96,84000,买盘,2017-07-31,2017-07-31 10:20:24
10:20:27,10:20:27,8.74,-0.01,5,4370,中性盘,2017-07-31,2017-07-31 10:20:27
10:20:30,10:20:30,8.75,0.01,46,40250,买盘,2017-07-31,2017-07-31 10:20:30
10:20:33,10:20:33,8.73,-0.02,9,7857,卖盘,2017-07-31,2017-07-31 10:20:33
10:20:36,10:20:36,8.73,--,47,41031,卖盘,2017-07-31,2017-07-31 10:20:36
10:20:39,10:20:39,8.74,0.01,1,874,买盘,2017-07-31,2017-07-31 10:20:39
10:20:42,10:20:42,8.73,-0.01,63,54999,卖盘,2017-07-31,2017-07-31 10:20:42
10:20:45,10:20:45,8.73,--,13,11349,买盘,2017-07-31,2017-07-31 10:20:45
10:20:48,10:20:48,8.73,--,3,2619,买盘,2017-07-31,2017-07-31 10:20:48
10:20:54,10:20:54,8.72,-0.01,26,22672,卖盘,2017-07-31,2017-07-31 10:20:54
10:20:57,10:20:57,8.72,--,22,19184,买盘,2017-07-31,2017-07-31 10:20:57
10:21:00,10:21:00,8.72,--,12,10464,买盘,2017-07-31,2017-07-31 10:21:00
10:21:03,10:21:03,8.71,-0.01,12,10452,卖盘,2017-07-31,2017-07-31 10:21:03
10:21:06,10:21:06,8.72,0.01,31,27032,买盘,2017-07-31,2017-07-31 10:21:06
10:21:09,10:21:09,8.71,-0.01,47,40937,卖盘,2017-07-31,2017-07-31 10:21:09
10:21:12,10:21:12,8.71,--,11,9581,卖盘,2017-07-31,2017-07-31 10:21:12
10:21:15,10:21:15,8.72,0.01,275,239800,买盘,2017-07-31,2017-07-31 10:21:15
10:21:18,10:21:18,8.71,-0.01,2,1742,卖盘,2017-07-31,2017-07-31 10:21:18
10:21:21,10:21:21,8.72,0.01,32,27904,中性盘,2017-07-31,2017-07-31 10:21:21
10:21:24,10:21:24,8.73,0.01,75,65475,买盘,2017-07-31,2017-07-31 10:21:24
10:21:27,10:21:27,8.73,--,12,10476,买盘,2017-07-31,2017-07-31 10:21:27
10:21:30,10:21:30,8.73,--,10,8730,卖盘,2017-07-31,2017-07-31 10:21:30
10:21:33,10:21:33,8.74,0.01,21,18354,买盘,2017-07-31,2017-07-31 10:21:33
10:21:36,10:21:36,8.74,--,1,874,买盘,2017-07-31,2017-07-31 10:21:36
10:21:39,10:21:39,8.74,--,9,7866,买盘,2017-07-31,2017-07-31 10:21:39
10:21:42,10:21:42,8.74,--,31,27094,买盘,2017-07-31,2017-07-31 10:21:42
10:21:45,10:21:45,8.74,--,15,13110,买盘,2017-07-31,2017-07-31 10:21:45
10:21:48,10:21:48,8.74,--,5,4370,买盘,2017-07-31,2017-07-31 10:21:48
10:21:51,10:21:51,8.73,-0.01,10,8730,卖盘,2017-07-31,2017-07-31 10:21:51
10:21:54,10:21:54,8.74,0.01,18,15732,买盘,2017-07-31,2017-07-31 10:21:54
10:21:57,10:21:57,8.74,--,11,9614,买盘,2017-07-31,2017-07-31 10:21:57
10:22:00,10:22:00,8.73,-0.01,7,6111,卖盘,2017-07-31,2017-07-31 10:22:00
10:22:03,10:22:03,8.73,--,70,61110,卖盘,2017-07-31,2017-07-31 10:22:03
10:22:09,10:22:09,8.74,0.01,29,25346,中性盘,2017-07-31,2017-07-31 10:22:09
10:22:15,10:22:15,8.73,-0.01,84,73332,卖盘,2017-07-31,2017-07-31 10:22:15
10:22:18,10:22:18,8.74,0.01,32,27968,买盘,2017-07-31,2017-07-31 10:22:18
10:22:21,10:22:21,8.74,--,14,12236,买盘,2017-07-31,2017-07-31 10:22:21
10:22:24,10:22:24,8.74,--,1,874,买盘,2017-07-31,2017-07-31 10:22:24
10:22:33,10:22:33,8.74,--,3,2622,买盘,2017-07-31,2017-07-31 10:22:33
10:22:39,10:22:39,8.74,--,119,104006,买盘,2017-07-31,2017-07-31 10:22:39
10:22:45,10:22:45,8.74,--,9,7866,买盘,2017-07-31,2017-07-31 10:22:45
10:22:48,10:22:48,8.74,--,3,2622,买盘,2017-07-31,2017-07-31 10:22:48
10:23:03,10:23:03,8.74,--,49,42826,买盘,2017-07-31,2017-07-31 10:23:03
10:23:06,10:23:06,8.74,--,9,7866,买盘,2017-07-31,2017-07-31 10:23:06
10:23:09,10:23:09,8.73,-0.01,20,17460,卖盘,2017-07-31,2017-07-31 10:23:09
10:23:12,10:23:12,8.74,0.01,18,15732,买盘,2017-07-31,2017-07-31 10:23:12
10:23:18,10:23:18,8.74,--,62,54188,买盘,2017-07-31,2017-07-31 10:23:18
10:23:21,10:23:21,8.75,0.01,53,46375,买盘,2017-07-31,2017-07-31 10:23:21
10:23:30,10:23:30,8.73,-0.02,31,27063,卖盘,2017-07-31,2017-07-31 10:23:30
10:23:33,10:23:33,8.75,0.02,10,8750,买盘,2017-07-31,2017-07-31 10:23:33
10:23:39,10:23:39,8.75,--,10,8750,买盘,2017-07-31,2017-07-31 10:23:39
10:23:42,10:23:42,8.75,--,11,9625,买盘,2017-07-31,2017-07-31 10:23:42
10:23:48,10:23:48,8.75,--,10,8750,买盘,2017-07-31,2017-07-31 10:23:48
10:23:51,10:23:51,8.75,--,9,7875,买盘,2017-07-31,2017-07-31 10:23:51
10:23:54,10:23:54,8.75,--,4,3500,买盘,2017-07-31,2017-07-31 10:23:54
10:23:57,10:23:57,8.75,--,210,183750,买盘,2017-07-31,2017-07-31 10:23:57
10:24:00,10:24:00,8.74,-0.01,9,7866,卖盘,2017-07-31,2017-07-31 10:24:00
10:24:03,10:24:03,8.75,0.01,10,8750,买盘,2017-07-31,2017-07-31 10:24:03
10:24:06,10:24:06,8.75,--,7,6125,买盘,2017-07-31,2017-07-31 10:24:06
10:24:09,10:24:09,8.75,--,38,33250,买盘,2017-07-31,2017-07-31 10:24:09
10:24:12,10:24:12,8.75,--,11,9625,买盘,2017-07-31,2017-07-31 10:24:12
10:24:18,10:24:18,8.75,--,4,3500,卖盘,2017-07-31,2017-07-31 10:24:18
10:24:21,10:24:21,8.77,0.02,58,50866,买盘,2017-07-31,2017-07-31 10:24:21
10:24:27,10:24:27,8.77,--,2,1754,买盘,2017-07-31,2017-07-31 10:24:27
10:24:30,10:24:30,8.77,--,5,4385,买盘,2017-07-31,2017-07-31 10:24:30
10:24:39,10:24:39,8.77,--,44,38588,买盘,2017-07-31,2017-07-31 10:24:39
10:24:42,10:24:42,8.77,--,97,85069,买盘,2017-07-31,2017-07-31 10:24:42
10:24:45,10:24:45,8.77,--,10,8770,买盘,2017-07-31,2017-07-31 10:24:45
10:24:57,10:24:57,8.77,--,107,93839,卖盘,2017-07-31,2017-07-31 10:24:57
10:25:00,10:25:00,8.78,0.01,235,206329,买盘,2017-07-31,2017-07-31 10:25:00
10:25:03,10:25:03,8.78,--,171,150138,买盘,2017-07-31,2017-07-31 10:25:03
10:25:09,10:25:09,8.78,--,11,9658,买盘,2017-07-31,2017-07-31 10:25:09
10:25:12,10:25:12,8.77,-0.01,5,4385,卖盘,2017-07-31,2017-07-31 10:25:12
10:25:15,10:25:15,8.78,0.01,5,4390,买盘,2017-07-31,2017-07-31 10:25:15
10:25:21,10:25:21,8.77,-0.01,49,42973,卖盘,2017-07-31,2017-07-31 10:25:21
10:25:24,10:25:24,8.77,--,64,56128,卖盘,2017-07-31,2017-07-31 10:25:24
10:25:27,10:25:27,8.77,--,56,49112,卖盘,2017-07-31,2017-07-31 10:25:27
10:25:30,10:25:30,8.78,0.01,10,8780,买盘,2017-07-31,2017-07-31 10:25:30
10:25:33,10:25:33,8.78,--,21,18438,买盘,2017-07-31,2017-07-31 10:25:33
10:25:36,10:25:36,8.78,--,38,33364,买盘,2017-07-31,2017-07-31 10:25:36
10:25:42,10:25:42,8.78,--,21,18438,买盘,2017-07-31,2017-07-31 10:25:42
10:25:48,10:25:48,8.77,-0.01,20,17540,卖盘,2017-07-31,2017-07-31 10:25:48
10:25:51,10:25:51,8.78,0.01,108,94824,买盘,2017-07-31,2017-07-31 10:25:51
10:25:54,10:25:54,8.78,--,28,24584,买盘,2017-07-31,2017-07-31 10:25:54
10:26:00,10:26:00,8.78,--,13,11414,买盘,2017-07-31,2017-07-31 10:26:00
10:26:03,10:26:03,8.77,-0.01,311,272747,卖盘,2017-07-31,2017-07-31 10:26:03
10:26:06,10:26:06,8.77,--,10,8770,买盘,2017-07-31,2017-07-31 10:26:06
10:26:12,10:26:12,8.77,--,2,1754,买盘,2017-07-31,2017-07-31 10:26:12
10:26:15,10:26:15,8.77,--,5,4385,买盘,2017-07-31,2017-07-31 10:26:15
10:26:18,10:26:18,8.77,--,30,26310,买盘,2017-07-31,2017-07-31 10:26:18
10:26:21,10:26:21,8.77,--,21,18417,买盘,2017-07-31,2017-07-31 10:26:21
10:26:24,10:26:24,8.77,--,12,10524,买盘,2017-07-31,2017-07-31 10:26:24
10:26:27,10:26:27,8.77,--,49,42973,买盘,2017-07-31,2017-07-31 10:26:27
10:26:33,10:26:33,8.77,--,40,35080,卖盘,2017-07-31,2017-07-31 10:26:33
10:26:36,10:26:36,8.77,--,25,21925,卖盘,2017-07-31,2017-07-31 10:26:36
10:26:39,10:26:39,8.77,--,17,14909,卖盘,2017-07-31,2017-07-31 10:26:39
10:26:45,10:26:45,8.78,0.01,34,29851,买盘,2017-07-31,2017-07-31 10:26:45
10:26:57,10:26:57,8.76,-0.02,43,37668,卖盘,2017-07-31,2017-07-31 10:26:57
10:27:12,10:27:12,8.76,--,46,40296,买盘,2017-07-31,2017-07-31 10:27:12
10:27:15,10:27:15,8.77,0.01,13,11401,买盘,2017-07-31,2017-07-31 10:27:15
10:27:21,10:27:21,8.74,-0.03,100,87400,卖盘,2017-07-31,2017-07-31 10:27:21
10:27:27,10:27:27,8.76,0.02,30,26280,中性盘,2017-07-31,2017-07-31 10:27:27
10:27:36,10:27:36,8.74,-0.02,39,34086,卖盘,2017-07-31,2017-07-31 10:27:36
10:27:45,10:27:45,8.74,--,39,34086,卖盘,2017-07-31,2017-07-31 10:27:45
10:27:48,10:27:48,8.75,0.01,9,7875,买盘,2017-07-31,2017-07-31 10:27:48
10:27:54,10:27:54,8.76,0.01,4,3504,中性盘,2017-07-31,2017-07-31 10:27:54
10:28:00,10:28:00,8.75,-0.01,5,4375,卖盘,2017-07-31,2017-07-31 10:28:00
10:28:03,10:28:03,8.75,--,20,17500,卖盘,2017-07-31,2017-07-31 10:28:03
10:28:06,10:28:06,8.75,--,6,5250,卖盘,2017-07-31,2017-07-31 10:28:06
10:28:09,10:28:09,8.76,0.01,5,4380,买盘,2017-07-31,2017-07-31 10:28:09
10:28:15,10:28:15,8.75,-0.01,7,6125,卖盘,2017-07-31,2017-07-31 10:28:15
10:28:18,10:28:18,8.73,-0.02,471,411183,卖盘,2017-07-31,2017-07-31 10:28:18
10:28:24,10:28:24,8.75,0.02,2,1750,中性盘,2017-07-31,2017-07-31 10:28:24
10:28:27,10:28:27,8.75,--,3,2625,买盘,2017-07-31,2017-07-31 10:28:27
10:28:30,10:28:30,8.73,-0.02,99,86427,卖盘,2017-07-31,2017-07-31 10:28:30
10:28:42,10:28:42,8.72,-0.01,60,52320,卖盘,2017-07-31,2017-07-31 10:28:42
10:28:48,10:28:48,8.72,--,29,25288,卖盘,2017-07-31,2017-07-31 10:28:48
10:28:51,10:28:51,8.72,--,49,42728,卖盘,2017-07-31,2017-07-31 10:28:51
10:28:54,10:28:54,8.73,0.01,55,48015,买盘,2017-07-31,2017-07-31 10:28:54
10:28:57,10:28:57,8.74,0.01,21,18354,买盘,2017-07-31,2017-07-31 10:28:57
10:29:00,10:29:00,8.72,-0.02,1,872,卖盘,2017-07-31,2017-07-31 10:29:00
10:29:03,10:29:03,8.73,0.01,95,82935,买盘,2017-07-31,2017-07-31 10:29:03
10:29:06,10:29:06,8.75,0.02,11,9625,买盘,2017-07-31,2017-07-31 10:29:06
10:29:09,10:29:09,8.74,-0.01,24,20976,中性盘,2017-07-31,2017-07-31 10:29:09
10:29:15,10:29:15,8.74,--,3,2622,卖盘,2017-07-31,2017-07-31 10:29:15
10:29:18,10:29:18,8.73,-0.01,31,27063,卖盘,2017-07-31,2017-07-31 10:29:18
10:29:21,10:29:21,8.73,--,1,873,买盘,2017-07-31,2017-07-31 10:29:21
10:29:24,10:29:24,8.73,--,16,13968,买盘,2017-07-31,2017-07-31 10:29:24
10:29:27,10:29:27,8.73,--,9,7857,买盘,2017-07-31,2017-07-31 10:29:27
10:29:30,10:29:30,8.73,--,12,10476,卖盘,2017-07-31,2017-07-31 10:29:30
10:29:36,10:29:36,8.73,--,42,36666,卖盘,2017-07-31,2017-07-31 10:29:36
10:29:39,10:29:39,8.73,--,22,19206,卖盘,2017-07-31,2017-07-31 10:29:39
10:29:48,10:29:48,8.73,--,2,1746,卖盘,2017-07-31,2017-07-31 10:29:48
10:29:51,10:29:51,8.73,--,10,8730,卖盘,2017-07-31,2017-07-31 10:29:51
10:29:54,10:29:54,8.74,0.01,10,8740,买盘,2017-07-31,2017-07-31 10:29:54
10:29:57,10:29:57,8.72,-0.02,5,4360,卖盘,2017-07-31,2017-07-31 10:29:57
10:30:06,10:30:06,8.72,--,2,1744,卖盘,2017-07-31,2017-07-31 10:30:06
10:30:09,10:30:09,8.73,0.01,65,56745,卖盘,2017-07-31,2017-07-31 10:30:09
10:30:15,10:30:15,8.73,--,11,9603,卖盘,2017-07-31,2017-07-31 10:30:15
10:30:18,10:30:18,8.72,-0.01,2,1744,卖盘,2017-07-31,2017-07-31 10:30:18
10:30:21,10:30:21,8.73,0.01,2,1746,买盘,2017-07-31,2017-07-31 10:30:21
10:30:24,10:30:24,8.73,--,799,697527,买盘,2017-07-31,2017-07-31 10:30:24
10:30:27,10:30:27,8.73,--,3,2619,卖盘,2017-07-31,2017-07-31 10:30:27
10:30:30,10:30:30,8.73,--,8,6984,卖盘,2017-07-31,2017-07-31 10:30:30
10:30:39,10:30:39,8.74,0.01,29,25346,买盘,2017-07-31,2017-07-31 10:30:39
10:30:42,10:30:42,8.74,--,5,4370,买盘,2017-07-31,2017-07-31 10:30:42
10:30:45,10:30:45,8.74,--,36,31464,买盘,2017-07-31,2017-07-31 10:30:45
10:30:48,10:30:48,8.73,-0.01,133,116109,卖盘,2017-07-31,2017-07-31 10:30:48
10:30:51,10:30:51,8.75,0.02,14,12250,买盘,2017-07-31,2017-07-31 10:30:51
10:30:54,10:30:54,8.73,-0.02,53,46269,卖盘,2017-07-31,2017-07-31 10:30:54
10:31:00,10:31:00,8.75,0.02,38,33250,买盘,2017-07-31,2017-07-31 10:31:00
10:31:03,10:31:03,8.73,-0.02,2,1746,卖盘,2017-07-31,2017-07-31 10:31:03
10:31:15,10:31:15,8.75,0.02,1,875,买盘,2017-07-31,2017-07-31 10:31:15
10:31:18,10:31:18,8.75,--,18,15750,买盘,2017-07-31,2017-07-31 10:31:18
10:31:21,10:31:21,8.74,-0.01,7,6118,卖盘,2017-07-31,2017-07-31 10:31:21
10:31:24,10:31:24,8.74,--,5,4370,卖盘,2017-07-31,2017-07-31 10:31:24
10:31:33,10:31:33,8.74,--,189,165186,卖盘,2017-07-31,2017-07-31 10:31:33
10:31:36,10:31:36,8.74,--,46,40204,买盘,2017-07-31,2017-07-31 10:31:36
10:31:42,10:31:42,8.75,0.01,80,70000,买盘,2017-07-31,2017-07-31 10:31:42
10:31:45,10:31:45,8.74,-0.01,19,16606,卖盘,2017-07-31,2017-07-31 10:31:45
10:31:57,10:31:57,8.74,--,5,4370,卖盘,2017-07-31,2017-07-31 10:31:57
10:32:09,10:32:09,8.76,0.02,50,43800,买盘,2017-07-31,2017-07-31 10:32:09
10:32:15,10:32:15,8.75,-0.01,6,5250,卖盘,2017-07-31,2017-07-31 10:32:15
10:32:18,10:32:18,8.76,0.01,17,14892,买盘,2017-07-31,2017-07-31 10:32:18
10:32:30,10:32:30,8.76,--,24,21024,买盘,2017-07-31,2017-07-31 10:32:30
10:32:33,10:32:33,8.76,--,3,2628,买盘,2017-07-31,2017-07-31 10:32:33
10:32:45,10:32:45,8.76,--,23,20148,中性盘,2017-07-31,2017-07-31 10:32:45
10:32:51,10:32:51,8.77,0.01,178,156106,买盘,2017-07-31,2017-07-31 10:32:51
10:32:54,10:32:54,8.77,--,23,20171,买盘,2017-07-31,2017-07-31 10:32:54
10:32:57,10:32:57,8.77,--,14,12278,买盘,2017-07-31,2017-07-31 10:32:57
10:33:03,10:33:03,8.78,0.01,5,4390,买盘,2017-07-31,2017-07-31 10:33:03
10:33:06,10:33:06,8.78,--,8,7023,买盘,2017-07-31,2017-07-31 10:33:06
10:33:12,10:33:12,8.78,--,46,40388,买盘,2017-07-31,2017-07-31 10:33:12
10:33:15,10:33:15,8.77,-0.01,40,35080,卖盘,2017-07-31,2017-07-31 10:33:15
10:33:18,10:33:18,8.78,0.01,32,28095,买盘,2017-07-31,2017-07-31 10:33:18
10:33:24,10:33:24,8.77,-0.01,9,7893,卖盘,2017-07-31,2017-07-31 10:33:24
10:33:30,10:33:30,8.78,0.01,188,165064,买盘,2017-07-31,2017-07-31 10:33:30
10:33:39,10:33:39,8.78,--,39,34242,买盘,2017-07-31,2017-07-31 10:33:39
10:33:42,10:33:42,8.78,--,49,43022,买盘,2017-07-31,2017-07-31 10:33:42
10:33:45,10:33:45,8.78,--,58,50923,买盘,2017-07-31,2017-07-31 10:33:45
10:33:48,10:33:48,8.78,--,4,3511,买盘,2017-07-31,2017-07-31 10:33:48
10:33:51,10:33:51,8.77,-0.01,82,71914,卖盘,2017-07-31,2017-07-31 10:33:51
10:33:57,10:33:57,8.78,0.01,29,25461,买盘,2017-07-31,2017-07-31 10:33:57
10:34:00,10:34:00,8.78,--,12,10536,买盘,2017-07-31,2017-07-31 10:34:00
10:34:09,10:34:09,8.78,--,52,45656,买盘,2017-07-31,2017-07-31 10:34:09
10:34:12,10:34:12,8.78,--,5,4390,卖盘,2017-07-31,2017-07-31 10:34:12
10:34:18,10:34:18,8.78,--,20,17560,卖盘,2017-07-31,2017-07-31 10:34:18
10:34:27,10:34:27,8.78,--,11,9658,卖盘,2017-07-31,2017-07-31 10:34:27
10:34:30,10:34:30,8.78,--,70,61459,卖盘,2017-07-31,2017-07-31 10:34:30
10:34:33,10:34:33,8.78,--,10,8780,买盘,2017-07-31,2017-07-31 10:34:33
10:34:36,10:34:36,8.78,--,7,6146,买盘,2017-07-31,2017-07-31 10:34:36
10:34:39,10:34:39,8.77,-0.01,209,184073,卖盘,2017-07-31,2017-07-31 10:34:39
10:34:42,10:34:42,8.78,0.01,15,13169,买盘,2017-07-31,2017-07-31 10:34:42
10:34:45,10:34:45,8.78,--,39,34242,买盘,2017-07-31,2017-07-31 10:34:45
10:34:48,10:34:48,8.78,--,8,7023,买盘,2017-07-31,2017-07-31 10:34:48
10:34:51,10:34:51,8.78,--,3,2634,买盘,2017-07-31,2017-07-31 10:34:51
10:34:57,10:34:57,8.78,--,10,8780,买盘,2017-07-31,2017-07-31 10:34:57
10:35:06,10:35:06,8.78,--,8,7023,买盘,2017-07-31,2017-07-31 10:35:06
10:35:09,10:35:09,8.77,-0.01,90,78930,卖盘,2017-07-31,2017-07-31 10:35:09
10:35:18,10:35:18,8.78,0.01,77,67606,买盘,2017-07-31,2017-07-31 10:35:18
10:35:27,10:35:27,8.78,--,4,3511,卖盘,2017-07-31,2017-07-31 10:35:27
10:35:30,10:35:30,8.79,0.01,11,9668,买盘,2017-07-31,2017-07-31 10:35:30
10:35:33,10:35:33,8.78,-0.01,50,43900,卖盘,2017-07-31,2017-07-31 10:35:33
10:35:36,10:35:36,8.78,--,31,27217,买盘,2017-07-31,2017-07-31 10:35:36
10:35:42,10:35:42,8.78,--,5,4390,买盘,2017-07-31,2017-07-31 10:35:42
10:35:45,10:35:45,8.78,--,23,20194,买盘,2017-07-31,2017-07-31 10:35:45
10:35:51,10:35:51,8.77,-0.01,62,54374,卖盘,2017-07-31,2017-07-31 10:35:51
10:35:54,10:35:54,8.78,0.01,37,32485,买盘,2017-07-31,2017-07-31 10:35:54
10:35:57,10:35:57,8.78,--,16,14047,买盘,2017-07-31,2017-07-31 10:35:57
10:36:00,10:36:00,8.78,--,5,4390,买盘,2017-07-31,2017-07-31 10:36:00
10:36:06,10:36:06,8.78,--,15,13169,买盘,2017-07-31,2017-07-31 10:36:06
10:36:09,10:36:09,8.77,-0.01,14,12278,卖盘,2017-07-31,2017-07-31 10:36:09
10:36:12,10:36:12,8.78,0.01,25,21950,买盘,2017-07-31,2017-07-31 10:36:12
10:36:15,10:36:15,8.78,--,17,14925,买盘,2017-07-31,2017-07-31 10:36:15
10:36:18,10:36:18,8.78,--,91,79898,买盘,2017-07-31,2017-07-31 10:36:18
10:36:21,10:36:21,8.78,--,5,4390,买盘,2017-07-31,2017-07-31 10:36:21
10:36:24,10:36:24,8.78,--,110,96580,买盘,2017-07-31,2017-07-31 10:36:24
10:36:27,10:36:27,8.78,--,85,74630,买盘,2017-07-31,2017-07-31 10:36:27
10:36:30,10:36:30,8.77,-0.01,7,6139,卖盘,2017-07-31,2017-07-31 10:36:30
10:36:33,10:36:33,8.77,--,1,877,卖盘,2017-07-31,2017-07-31 10:36:33
10:36:36,10:36:36,8.77,--,106,92962,卖盘,2017-07-31,2017-07-31 10:36:36
10:36:45,10:36:45,8.77,--,91,79807,卖盘,2017-07-31,2017-07-31 10:36:45
10:36:51,10:36:51,8.77,--,10,8770,卖盘,2017-07-31,2017-07-31 10:36:51
10:36:54,10:36:54,8.77,--,2,1754,卖盘,2017-07-31,2017-07-31 10:36:54
10:36:57,10:36:57,8.78,0.01,30,26339,买盘,2017-07-31,2017-07-31 10:36:57
10:37:00,10:37:00,8.77,-0.01,110,96470,卖盘,2017-07-31,2017-07-31 10:37:00
10:37:03,10:37:03,8.77,--,43,37711,卖盘,2017-07-31,2017-07-31 10:37:03
10:37:06,10:37:06,8.77,--,10,8770,卖盘,2017-07-31,2017-07-31 10:37:06
10:37:09,10:37:09,8.77,--,85,74545,卖盘,2017-07-31,2017-07-31 10:37:09
10:37:12,10:37:12,8.77,--,4,3508,卖盘,2017-07-31,2017-07-31 10:37:12
10:37:15,10:37:15,8.77,--,199,174619,卖盘,2017-07-31,2017-07-31 10:37:15
10:37:21,10:37:21,8.77,--,25,21925,买盘,2017-07-31,2017-07-31 10:37:21
10:37:27,10:37:27,8.77,--,30,26310,买盘,2017-07-31,2017-07-31 10:37:27
10:37:30,10:37:30,8.76,-0.01,7,6132,卖盘,2017-07-31,2017-07-31 10:37:30
10:37:33,10:37:33,8.76,--,5,4380,卖盘,2017-07-31,2017-07-31 10:37:33
10:37:36,10:37:36,8.76,--,10,8760,卖盘,2017-07-31,2017-07-31 10:37:36
10:37:45,10:37:45,8.76,--,8,7008,卖盘,2017-07-31,2017-07-31 10:37:45
10:37:48,10:37:48,8.76,--,64,56064,卖盘,2017-07-31,2017-07-31 10:37:48
10:37:51,10:37:51,8.76,--,39,34164,卖盘,2017-07-31,2017-07-31 10:37:51
10:37:54,10:37:54,8.76,--,12,10512,卖盘,2017-07-31,2017-07-31 10:37:54
10:37:57,10:37:57,8.76,--,5,4380,卖盘,2017-07-31,2017-07-31 10:37:57
10:38:00,10:38:00,8.77,0.01,3,2631,买盘,2017-07-31,2017-07-31 10:38:00
10:38:03,10:38:03,8.76,-0.01,27,23652,卖盘,2017-07-31,2017-07-31 10:38:03
10:38:06,10:38:06,8.77,0.01,175,153475,买盘,2017-07-31,2017-07-31 10:38:06
10:38:12,10:38:12,8.76,-0.01,1,876,卖盘,2017-07-31,2017-07-31 10:38:12
10:38:15,10:38:15,8.77,0.01,67,58759,买盘,2017-07-31,2017-07-31 10:38:15
10:38:24,10:38:24,8.76,-0.01,85,74460,卖盘,2017-07-31,2017-07-31 10:38:24
10:38:27,10:38:27,8.77,0.01,35,30695,买盘,2017-07-31,2017-07-31 10:38:27
10:38:36,10:38:36,8.77,--,12,10524,买盘,2017-07-31,2017-07-31 10:38:36
10:38:39,10:38:39,8.76,-0.01,47,41172,卖盘,2017-07-31,2017-07-31 10:38:39
10:38:42,10:38:42,8.77,0.01,33,28941,买盘,2017-07-31,2017-07-31 10:38:42
10:38:48,10:38:48,8.77,--,1,877,买盘,2017-07-31,2017-07-31 10:38:48
10:38:54,10:38:54,8.77,--,10,8770,买盘,2017-07-31,2017-07-31 10:38:54
10:38:57,10:38:57,8.77,--,19,16663,买盘,2017-07-31,2017-07-31 10:38:57
10:39:03,10:39:03,8.77,--,50,43850,买盘,2017-07-31,2017-07-31 10:39:03
10:39:06,10:39:06,8.77,--,7,6139,买盘,2017-07-31,2017-07-31 10:39:06
10:39:15,10:39:15,8.76,-0.01,29,25404,卖盘,2017-07-31,2017-07-31 10:39:15
10:39:21,10:39:21,8.76,--,12,10512,买盘,2017-07-31,2017-07-31 10:39:21
10:39:27,10:39:27,8.76,--,3,2628,买盘,2017-07-31,2017-07-31 10:39:27
10:39:33,10:39:33,8.76,--,25,21900,买盘,2017-07-31,2017-07-31 10:39:33
10:39:36,10:39:36,8.76,--,23,20148,卖盘,2017-07-31,2017-07-31 10:39:36
10:39:48,10:39:48,8.77,0.01,20,17540,买盘,2017-07-31,2017-07-31 10:39:48
10:39:51,10:39:51,8.76,-0.01,5,4380,卖盘,2017-07-31,2017-07-31 10:39:51
10:39:54,10:39:54,8.76,--,18,15768,卖盘,2017-07-31,2017-07-31 10:39:54
10:39:57,10:39:57,8.75,-0.01,311,272125,卖盘,2017-07-31,2017-07-31 10:39:57
10:40:03,10:40:03,8.77,0.02,3,2631,买盘,2017-07-31,2017-07-31 10:40:03
10:40:06,10:40:06,8.77,--,10,8770,买盘,2017-07-31,2017-07-31 10:40:06
10:40:12,10:40:12,8.76,-0.01,5,4380,卖盘,2017-07-31,2017-07-31 10:40:12
10:40:15,10:40:15,8.77,0.01,30,26310,买盘,2017-07-31,2017-07-31 10:40:15
10:40:18,10:40:18,8.77,--,25,21925,买盘,2017-07-31,2017-07-31 10:40:18
10:40:24,10:40:24,8.77,--,2,1754,买盘,2017-07-31,2017-07-31 10:40:24
10:40:27,10:40:27,8.77,--,2,1754,买盘,2017-07-31,2017-07-31 10:40:27
10:40:33,10:40:33,8.76,-0.01,32,28032,卖盘,2017-07-31,2017-07-31 10:40:33
10:40:36,10:40:36,8.76,--,131,114756,卖盘,2017-07-31,2017-07-31 10:40:36
10:40:39,10:40:39,8.76,--,15,13140,买盘,2017-07-31,2017-07-31 10:40:39
10:40:42,10:40:42,8.76,--,35,30660,买盘,2017-07-31,2017-07-31 10:40:42
10:40:48,10:40:48,8.76,--,5,4380,买盘,2017-07-31,2017-07-31 10:40:48
10:40:54,10:40:54,8.76,--,5,4380,买盘,2017-07-31,2017-07-31 10:40:54
10:41:00,10:41:00,8.76,--,19,16644,买盘,2017-07-31,2017-07-31 10:41:00
10:41:03,10:41:03,8.76,--,64,56064,买盘,2017-07-31,2017-07-31 10:41:03
10:41:12,10:41:12,8.76,--,139,121764,买盘,2017-07-31,2017-07-31 10:41:12
10:41:18,10:41:18,8.76,--,16,14016,买盘,2017-07-31,2017-07-31 10:41:18
10:41:21,10:41:21,8.76,--,2,1752,买盘,2017-07-31,2017-07-31 10:41:21
10:41:24,10:41:24,8.75,-0.01,41,35875,卖盘,2017-07-31,2017-07-31 10:41:24
10:41:30,10:41:30,8.75,--,10,8750,卖盘,2017-07-31,2017-07-31 10:41:30
10:41:33,10:41:33,8.76,0.01,509,445884,买盘,2017-07-31,2017-07-31 10:41:33
10:41:36,10:41:36,8.75,-0.01,8,7000,卖盘,2017-07-31,2017-07-31 10:41:36
10:41:45,10:41:45,8.76,0.01,6,5256,买盘,2017-07-31,2017-07-31 10:41:45
10:41:51,10:41:51,8.75,-0.01,33,28875,卖盘,2017-07-31,2017-07-31 10:41:51
10:41:54,10:41:54,8.76,0.01,10,8760,买盘,2017-07-31,2017-07-31 10:41:54
10:42:03,10:42:03,8.75,-0.01,3,2625,卖盘,2017-07-31,2017-07-31 10:42:03
10:42:06,10:42:06,8.76,0.01,9,7884,买盘,2017-07-31,2017-07-31 10:42:06
10:42:15,10:42:15,8.75,-0.01,37,32375,卖盘,2017-07-31,2017-07-31 10:42:15
10:42:24,10:42:24,8.76,0.01,5,4380,买盘,2017-07-31,2017-07-31 10:42:24
10:42:27,10:42:27,8.75,-0.01,27,23625,卖盘,2017-07-31,2017-07-31 10:42:27
10:42:30,10:42:30,8.75,--,13,11375,卖盘,2017-07-31,2017-07-31 10:42:30
10:42:42,10:42:42,8.75,--,22,19250,卖盘,2017-07-31,2017-07-31 10:42:42
10:42:48,10:42:48,8.75,--,68,59500,卖盘,2017-07-31,2017-07-31 10:42:48
10:42:54,10:42:54,8.75,--,6,5250,卖盘,2017-07-31,2017-07-31 10:42:54
10:43:03,10:43:03,8.75,--,1,875,卖盘,2017-07-31,2017-07-31 10:43:03
10:43:06,10:43:06,8.75,--,2,1750,卖盘,2017-07-31,2017-07-31 10:43:06
10:43:18,10:43:18,8.75,--,3,2625,卖盘,2017-07-31,2017-07-31 10:43:18
10:43:21,10:43:21,8.76,0.01,10,8760,买盘,2017-07-31,2017-07-31 10:43:21
10:43:39,10:43:39,8.76,--,100,87600,买盘,2017-07-31,2017-07-31 10:43:39
10:43:42,10:43:42,8.76,--,43,37668,买盘,2017-07-31,2017-07-31 10:43:42
10:43:45,10:43:45,8.75,-0.01,32,28000,卖盘,2017-07-31,2017-07-31 10:43:45
10:43:48,10:43:48,8.75,--,20,17500,卖盘,2017-07-31,2017-07-31 10:43:48
10:43:51,10:43:51,8.76,0.01,2,1752,买盘,2017-07-31,2017-07-31 10:43:51
10:44:06,10:44:06,8.76,--,5,4380,买盘,2017-07-31,2017-07-31 10:44:06
10:44:09,10:44:09,8.76,--,5,4380,买盘,2017-07-31,2017-07-31 10:44:09
10:44:12,10:44:12,8.76,--,21,18396,买盘,2017-07-31,2017-07-31 10:44:12
10:44:18,10:44:18,8.76,--,102,89352,买盘,2017-07-31,2017-07-31 10:44:18
10:44:21,10:44:21,8.76,--,8,7008,买盘,2017-07-31,2017-07-31 10:44:21
10:44:24,10:44:24,8.76,--,20,17520,买盘,2017-07-31,2017-07-31 10:44:24
10:44:27,10:44:27,8.76,--,6,5256,买盘,2017-07-31,2017-07-31 10:44:27
10:44:30,10:44:30,8.76,--,40,35040,买盘,2017-07-31,2017-07-31 10:44:30
10:44:33,10:44:33,8.76,--,20,17520,买盘,2017-07-31,2017-07-31 10:44:33
10:44:36,10:44:36,8.76,--,431,377853,买盘,2017-07-31,2017-07-31 10:44:36
10:45:03,10:45:03,8.77,0.01,12,10524,买盘,2017-07-31,2017-07-31 10:45:03
10:45:18,10:45:18,8.77,--,10,8770,买盘,2017-07-31,2017-07-31 10:45:18
10:45:21,10:45:21,8.77,--,100,87700,买盘,2017-07-31,2017-07-31 10:45:21
10:45:24,10:45:24,8.77,--,110,96470,买盘,2017-07-31,2017-07-31 10:45:24
10:45:27,10:45:27,8.77,--,3,2631,买盘,2017-07-31,2017-07-31 10:45:27
10:45:30,10:45:30,8.77,--,13,11401,买盘,2017-07-31,2017-07-31 10:45:30
10:45:33,10:45:33,8.77,--,154,135838,买盘,2017-07-31,2017-07-31 10:45:33
10:45:39,10:45:39,8.78,0.01,2,1755,买盘,2017-07-31,2017-07-31 10:45:39
10:45:45,10:45:45,8.78,--,8,7023,买盘,2017-07-31,2017-07-31 10:45:45
10:45:48,10:45:48,8.78,--,2,1755,买盘,2017-07-31,2017-07-31 10:45:48
10:45:51,10:45:51,8.78,--,105,92190,买盘,2017-07-31,2017-07-31 10:45:51
10:45:54,10:45:54,8.78,--,11,9658,买盘,2017-07-31,2017-07-31 10:45:54
10:45:57,10:45:57,8.78,--,20,17560,买盘,2017-07-31,2017-07-31 10:45:57
10:46:00,10:46:00,8.78,--,96,84288,买盘,2017-07-31,2017-07-31 10:46:00
10:46:03,10:46:03,8.78,--,6,5268,卖盘,2017-07-31,2017-07-31 10:46:03
10:46:09,10:46:09,8.79,0.01,29,25490,买盘,2017-07-31,2017-07-31 10:46:09
10:46:12,10:46:12,8.79,--,24,21095,买盘,2017-07-31,2017-07-31 10:46:12
10:46:15,10:46:15,8.79,--,4,3515,买盘,2017-07-31,2017-07-31 10:46:15
10:46:18,10:46:18,8.79,--,34,29885,买盘,2017-07-31,2017-07-31 10:46:18
10:46:21,10:46:21,8.79,--,3,2636,买盘,2017-07-31,2017-07-31 10:46:21
10:46:24,10:46:24,8.79,--,184,161735,买盘,2017-07-31,2017-07-31 10:46:24
10:46:27,10:46:27,8.79,--,5,4395,买盘,2017-07-31,2017-07-31 10:46:27
10:46:30,10:46:30,8.79,--,4,3515,买盘,2017-07-31,2017-07-31 10:46:30
10:46:36,10:46:36,8.79,--,58,50981,买盘,2017-07-31,2017-07-31 10:46:36
10:46:39,10:46:39,8.79,--,10,8790,买盘,2017-07-31,2017-07-31 10:46:39
10:46:42,10:46:42,8.79,--,10,8790,买盘,2017-07-31,2017-07-31 10:46:42
10:46:48,10:46:48,8.79,--,6,5273,买盘,2017-07-31,2017-07-31 10:46:48
10:46:51,10:46:51,8.79,--,1,878,卖盘,2017-07-31,2017-07-31 10:46:51
10:46:57,10:46:57,8.79,--,33,29006,卖盘,2017-07-31,2017-07-31 10:46:57
10:47:00,10:47:00,8.8,0.01,10,8800,买盘,2017-07-31,2017-07-31 10:47:00
10:47:06,10:47:06,8.8,--,110,96800,买盘,2017-07-31,2017-07-31 10:47:06
10:47:09,10:47:09,8.8,--,76,66880,买盘,2017-07-31,2017-07-31 10:47:09
10:47:15,10:47:15,8.79,-0.01,50,43949,卖盘,2017-07-31,2017-07-31 10:47:15
10:47:24,10:47:24,8.79,--,42,36918,卖盘,2017-07-31,2017-07-31 10:47:24
10:47:27,10:47:27,8.8,0.01,16,14080,买盘,2017-07-31,2017-07-31 10:47:27
10:47:30,10:47:30,8.8,--,11,9680,买盘,2017-07-31,2017-07-31 10:47:30
10:47:33,10:47:33,8.8,--,57,50160,买盘,2017-07-31,2017-07-31 10:47:33
10:47:39,10:47:39,8.8,--,100,88000,买盘,2017-07-31,2017-07-31 10:47:39
10:47:51,10:47:51,8.81,0.01,12,10572,买盘,2017-07-31,2017-07-31 10:47:51
10:47:54,10:47:54,8.8,-0.01,3,2640,卖盘,2017-07-31,2017-07-31 10:47:54
10:47:57,10:47:57,8.81,0.01,19,16739,买盘,2017-07-31,2017-07-31 10:47:57
10:48:00,10:48:00,8.8,-0.01,32,28160,卖盘,2017-07-31,2017-07-31 10:48:00
10:48:06,10:48:06,8.8,--,11,9680,买盘,2017-07-31,2017-07-31 10:48:06
10:48:09,10:48:09,8.8,--,15,13200,买盘,2017-07-31,2017-07-31 10:48:09
10:48:18,10:48:18,8.8,--,51,44880,买盘,2017-07-31,2017-07-31 10:48:18
10:48:27,10:48:27,8.79,-0.01,10,8790,卖盘,2017-07-31,2017-07-31 10:48:27
10:48:30,10:48:30,8.8,0.01,44,38720,买盘,2017-07-31,2017-07-31 10:48:30
10:48:33,10:48:33,8.79,-0.01,10,8790,卖盘,2017-07-31,2017-07-31 10:48:33
10:48:42,10:48:42,8.8,0.01,2,1760,买盘,2017-07-31,2017-07-31 10:48:42
10:48:51,10:48:51,8.8,--,6,5280,买盘,2017-07-31,2017-07-31 10:48:51
10:48:54,10:48:54,8.79,-0.01,12,10547,卖盘,2017-07-31,2017-07-31 10:48:54
10:48:57,10:48:57,8.8,0.01,20,17600,买盘,2017-07-31,2017-07-31 10:48:57
10:49:06,10:49:06,8.79,-0.01,1,878,卖盘,2017-07-31,2017-07-31 10:49:06
10:49:18,10:49:18,8.79,--,3,2636,卖盘,2017-07-31,2017-07-31 10:49:18
10:49:24,10:49:24,8.8,0.01,14,12320,买盘,2017-07-31,2017-07-31 10:49:24
10:49:36,10:49:36,8.79,-0.01,141,123938,卖盘,2017-07-31,2017-07-31 10:49:36
10:49:39,10:49:39,8.8,0.01,69,60720,买盘,2017-07-31,2017-07-31 10:49:39
10:49:42,10:49:42,8.79,-0.01,42,36918,卖盘,2017-07-31,2017-07-31 10:49:42
10:49:48,10:49:48,8.79,--,50,43949,卖盘,2017-07-31,2017-07-31 10:49:48
10:49:54,10:49:54,8.79,--,14,12305,卖盘,2017-07-31,2017-07-31 10:49:54
10:50:00,10:50:00,8.79,--,41,36039,卖盘,2017-07-31,2017-07-31 10:50:00
10:50:03,10:50:03,8.79,--,25,21974,买盘,2017-07-31,2017-07-31 10:50:03
10:50:06,10:50:06,8.78,-0.01,1,877,卖盘,2017-07-31,2017-07-31 10:50:06
10:50:09,10:50:09,8.8,0.02,20,17600,买盘,2017-07-31,2017-07-31 10:50:09
10:50:12,10:50:12,8.78,-0.02,58,50923,卖盘,2017-07-31,2017-07-31 10:50:12
10:50:21,10:50:21,8.8,0.02,112,98560,买盘,2017-07-31,2017-07-31 10:50:21
10:50:27,10:50:27,8.78,-0.02,12,10536,卖盘,2017-07-31,2017-07-31 10:50:27
10:50:30,10:50:30,8.8,0.02,13,11440,买盘,2017-07-31,2017-07-31 10:50:30
10:50:36,10:50:36,8.8,--,1,880,买盘,2017-07-31,2017-07-31 10:50:36
10:50:45,10:50:45,8.8,--,65,57200,买盘,2017-07-31,2017-07-31 10:50:45
10:50:54,10:50:54,8.79,-0.01,15,13184,卖盘,2017-07-31,2017-07-31 10:50:54
10:50:57,10:50:57,8.8,0.01,28,24640,买盘,2017-07-31,2017-07-31 10:50:57
10:51:00,10:51:00,8.8,--,3,2640,买盘,2017-07-31,2017-07-31 10:51:00
10:51:03,10:51:03,8.79,-0.01,51,44828,卖盘,2017-07-31,2017-07-31 10:51:03
10:51:06,10:51:06,8.8,0.01,14,12320,买盘,2017-07-31,2017-07-31 10:51:06
10:51:09,10:51:09,8.79,-0.01,5,4395,卖盘,2017-07-31,2017-07-31 10:51:09
10:51:15,10:51:15,8.8,0.01,6,5280,买盘,2017-07-31,2017-07-31 10:51:15
10:51:18,10:51:18,8.8,--,50,44000,买盘,2017-07-31,2017-07-31 10:51:18
10:51:24,10:51:24,8.79,-0.01,20,17580,卖盘,2017-07-31,2017-07-31 10:51:24
10:51:30,10:51:30,8.79,--,1,878,买盘,2017-07-31,2017-07-31 10:51:30
10:51:36,10:51:36,8.79,--,43,37796,卖盘,2017-07-31,2017-07-31 10:51:36
10:51:39,10:51:39,8.79,--,25,21974,卖盘,2017-07-31,2017-07-31 10:51:39
10:51:42,10:51:42,8.79,--,1,878,买盘,2017-07-31,2017-07-31 10:51:42
10:51:45,10:51:45,8.79,--,2,1757,买盘,2017-07-31,2017-07-31 10:51:45
10:51:48,10:51:48,8.79,--,5,4395,买盘,2017-07-31,2017-07-31 10:51:48
10:51:51,10:51:51,8.78,-0.01,25,21950,卖盘,2017-07-31,2017-07-31 10:51:51
10:51:57,10:51:57,8.78,--,22,19316,卖盘,2017-07-31,2017-07-31 10:51:57
10:52:00,10:52:00,8.78,--,14,12292,卖盘,2017-07-31,2017-07-31 10:52:00
10:52:21,10:52:21,8.79,0.01,10,8790,买盘,2017-07-31,2017-07-31 10:52:21
10:52:30,10:52:30,8.79,--,7,6152,买盘,2017-07-31,2017-07-31 10:52:30
10:52:33,10:52:33,8.79,--,2,1757,买盘,2017-07-31,2017-07-31 10:52:33
10:52:39,10:52:39,8.79,--,12,10547,买盘,2017-07-31,2017-07-31 10:52:39
10:52:45,10:52:45,8.79,--,57,50102,买盘,2017-07-31,2017-07-31 10:52:45
10:52:48,10:52:48,8.79,--,5,4395,买盘,2017-07-31,2017-07-31 10:52:48
10:52:51,10:52:51,8.79,--,56,49223,买盘,2017-07-31,2017-07-31 10:52:51
10:52:57,10:52:57,8.79,--,83,72957,卖盘,2017-07-31,2017-07-31 10:52:57
10:53:00,10:53:00,8.79,--,51,44828,卖盘,2017-07-31,2017-07-31 10:53:00
10:53:03,10:53:03,8.79,--,10,8790,卖盘,2017-07-31,2017-07-31 10:53:03
10:53:06,10:53:06,8.79,--,6,5273,卖盘,2017-07-31,2017-07-31 10:53:06
10:53:12,10:53:12,8.8,0.01,61,53680,买盘,2017-07-31,2017-07-31 10:53:12
10:53:18,10:53:18,8.79,-0.01,50,43949,卖盘,2017-07-31,2017-07-31 10:53:18
10:53:21,10:53:21,8.79,--,20,17580,卖盘,2017-07-31,2017-07-31 10:53:21
10:53:27,10:53:27,8.79,--,2,1757,卖盘,2017-07-31,2017-07-31 10:53:27
10:53:30,10:53:30,8.79,--,129,113390,卖盘,2017-07-31,2017-07-31 10:53:30
10:53:33,10:53:33,8.79,--,15,13184,卖盘,2017-07-31,2017-07-31 10:53:33
10:53:36,10:53:36,8.79,--,14,12305,卖盘,2017-07-31,2017-07-31 10:53:36
10:53:39,10:53:39,8.79,--,12,10547,买盘,2017-07-31,2017-07-31 10:53:39
10:53:42,10:53:42,8.79,--,7,6152,买盘,2017-07-31,2017-07-31 10:53:42
10:53:48,10:53:48,8.79,--,1,878,买盘,2017-07-31,2017-07-31 10:53:48
10:53:57,10:53:57,8.79,--,46,40433,买盘,2017-07-31,2017-07-31 10:53:57
10:54:00,10:54:00,8.79,--,10,8790,买盘,2017-07-31,2017-07-31 10:54:00
10:54:06,10:54:06,8.78,-0.01,10,8780,卖盘,2017-07-31,2017-07-31 10:54:06
10:54:09,10:54:09,8.78,--,308,270424,卖盘,2017-07-31,2017-07-31 10:54:09
10:54:12,10:54:12,8.79,0.01,1,878,买盘,2017-07-31,2017-07-31 10:54:12
10:54:15,10:54:15,8.79,--,70,61529,买盘,2017-07-31,2017-07-31 10:54:15
10:54:21,10:54:21,8.79,--,60,52739,买盘,2017-07-31,2017-07-31 10:54:21
10:54:30,10:54:30,8.78,-0.01,444,389832,卖盘,2017-07-31,2017-07-31 10:54:30
10:54:36,10:54:36,8.78,--,100,87800,买盘,2017-07-31,2017-07-31 10:54:36
10:54:39,10:54:39,8.78,--,6,5268,买盘,2017-07-31,2017-07-31 10:54:39
10:54:45,10:54:45,8.78,--,31,27217,买盘,2017-07-31,2017-07-31 10:54:45
10:54:51,10:54:51,8.77,-0.01,73,64021,卖盘,2017-07-31,2017-07-31 10:54:51
10:54:54,10:54:54,8.78,0.01,6,5268,买盘,2017-07-31,2017-07-31 10:54:54
10:55:00,10:55:00,8.78,--,11,9658,买盘,2017-07-31,2017-07-31 10:55:00
10:55:03,10:55:03,8.78,--,15,13169,买盘,2017-07-31,2017-07-31 10:55:03
10:55:06,10:55:06,8.77,-0.01,13,11401,卖盘,2017-07-31,2017-07-31 10:55:06
10:55:12,10:55:12,8.77,--,6,5262,卖盘,2017-07-31,2017-07-31 10:55:12
10:55:21,10:55:21,8.77,--,14,12278,卖盘,2017-07-31,2017-07-31 10:55:21
10:55:33,10:55:33,8.77,--,4,3508,卖盘,2017-07-31,2017-07-31 10:55:33
10:55:36,10:55:36,8.78,0.01,30,26339,买盘,2017-07-31,2017-07-31 10:55:36
10:55:39,10:55:39,8.77,-0.01,26,22802,卖盘,2017-07-31,2017-07-31 10:55:39
10:55:48,10:55:48,8.78,0.01,5,4390,买盘,2017-07-31,2017-07-31 10:55:48
10:55:51,10:55:51,8.77,-0.01,5,4385,卖盘,2017-07-31,2017-07-31 10:55:51
10:55:57,10:55:57,8.77,--,3,2631,卖盘,2017-07-31,2017-07-31 10:55:57
10:56:00,10:56:00,8.77,--,173,151721,卖盘,2017-07-31,2017-07-31 10:56:00
10:56:03,10:56:03,8.77,--,30,26310,买盘,2017-07-31,2017-07-31 10:56:03
10:56:09,10:56:09,8.76,-0.01,66,57816,卖盘,2017-07-31,2017-07-31 10:56:09
10:56:21,10:56:21,8.76,--,5,4380,卖盘,2017-07-31,2017-07-31 10:56:21
10:56:24,10:56:24,8.77,0.01,2,1754,买盘,2017-07-31,2017-07-31 10:56:24
10:56:27,10:56:27,8.77,--,19,16663,买盘,2017-07-31,2017-07-31 10:56:27
10:56:30,10:56:30,8.77,--,5,4385,买盘,2017-07-31,2017-07-31 10:56:30
10:56:36,10:56:36,8.76,-0.01,10,8760,卖盘,2017-07-31,2017-07-31 10:56:36
10:56:39,10:56:39,8.77,0.01,46,40342,买盘,2017-07-31,2017-07-31 10:56:39
10:56:42,10:56:42,8.76,-0.01,5,4380,卖盘,2017-07-31,2017-07-31 10:56:42
10:56:48,10:56:48,8.77,0.01,3,2631,买盘,2017-07-31,2017-07-31 10:56:48
10:56:54,10:56:54,8.76,-0.01,4,3504,卖盘,2017-07-31,2017-07-31 10:56:54
10:56:57,10:56:57,8.76,--,4,3504,卖盘,2017-07-31,2017-07-31 10:56:57
10:57:00,10:57:00,8.77,0.01,10,8770,买盘,2017-07-31,2017-07-31 10:57:00
10:57:06,10:57:06,8.76,-0.01,13,11388,卖盘,2017-07-31,2017-07-31 10:57:06
10:57:09,10:57:09,8.76,--,9,7884,卖盘,2017-07-31,2017-07-31 10:57:09
10:57:12,10:57:12,8.76,--,102,89352,卖盘,2017-07-31,2017-07-31 10:57:12
10:57:15,10:57:15,8.76,--,67,58692,卖盘,2017-07-31,2017-07-31 10:57:15
10:57:18,10:57:18,8.76,--,2,1752,卖盘,2017-07-31,2017-07-31 10:57:18
10:57:21,10:57:21,8.76,--,154,134904,卖盘,2017-07-31,2017-07-31 10:57:21
10:57:24,10:57:24,8.77,0.01,1120,982240,买盘,2017-07-31,2017-07-31 10:57:24
10:57:27,10:57:27,8.77,--,176,154352,卖盘,2017-07-31,2017-07-31 10:57:27
10:57:30,10:57:30,8.75,-0.02,300,262500,卖盘,2017-07-31,2017-07-31 10:57:30
10:57:36,10:57:36,8.78,0.03,10,8780,买盘,2017-07-31,2017-07-31 10:57:36
10:57:42,10:57:42,8.75,-0.03,21,18375,卖盘,2017-07-31,2017-07-31 10:57:42
10:57:48,10:57:48,8.75,--,4,3500,卖盘,2017-07-31,2017-07-31 10:57:48
10:57:54,10:57:54,8.76,0.01,10,8760,买盘,2017-07-31,2017-07-31 10:57:54
10:57:57,10:57:57,8.76,--,10,8760,卖盘,2017-07-31,2017-07-31 10:57:57
10:58:09,10:58:09,8.76,--,8,7008,卖盘,2017-07-31,2017-07-31 10:58:09
10:58:12,10:58:12,8.76,--,13,11388,卖盘,2017-07-31,2017-07-31 10:58:12
10:58:21,10:58:21,8.77,0.01,20,17540,买盘,2017-07-31,2017-07-31 10:58:21
10:58:27,10:58:27,8.77,--,53,46481,买盘,2017-07-31,2017-07-31 10:58:27
10:58:36,10:58:36,8.78,0.01,15,13169,买盘,2017-07-31,2017-07-31 10:58:36
10:58:48,10:58:48,8.79,0.01,99,87020,买盘,2017-07-31,2017-07-31 10:58:48
10:59:03,10:59:03,8.79,--,19,16701,买盘,2017-07-31,2017-07-31 10:59:03
10:59:06,10:59:06,8.79,--,22,19337,买盘,2017-07-31,2017-07-31 10:59:06
10:59:09,10:59:09,8.79,--,9,7910,买盘,2017-07-31,2017-07-31 10:59:09
10:59:15,10:59:15,8.79,--,36,31643,买盘,2017-07-31,2017-07-31 10:59:15
10:59:21,10:59:21,8.78,-0.01,25,21950,卖盘,2017-07-31,2017-07-31 10:59:21
10:59:30,10:59:30,8.78,--,7,6146,买盘,2017-07-31,2017-07-31 10:59:30
10:59:33,10:59:33,8.78,--,6,5268,买盘,2017-07-31,2017-07-31 10:59:33
10:59:39,10:59:39,8.77,-0.01,5,4385,卖盘,2017-07-31,2017-07-31 10:59:39
10:59:45,10:59:45,8.78,0.01,16,14047,买盘,2017-07-31,2017-07-31 10:59:45
10:59:54,10:59:54,8.77,-0.01,52,45604,卖盘,2017-07-31,2017-07-31 10:59:54
10:59:57,10:59:57,8.77,--,21,18417,买盘,2017-07-31,2017-07-31 10:59:57
11:00:03,11:00:03,8.77,--,80,70160,买盘,2017-07-31,2017-07-31 11:00:03
11:00:12,11:00:12,8.77,--,7,6139,卖盘,2017-07-31,2017-07-31 11:00:12
