idx_time,time,price,change,volume,amount,type,date,date_time
09:25:03,09:25:03,7.54,7.54,916,690664,买盘,2017-07-18,2017-07-18 09:25:03
09:30:00,09:30:00,7.54,--,0,0,买盘,2017-07-18,2017-07-18 09:30:00
09:30:03,09:30:03,7.53,-0.01,706,531618,中性盘,2017-07-18,2017-07-18 09:30:03
09:30:06,09:30:06,7.5,-0.03,46,34500,卖盘,2017-07-18,2017-07-18 09:30:06
09:30:09,09:30:09,7.51,0.01,32,24032,买盘,2017-07-18,2017-07-18 09:30:09
09:30:12,09:30:12,7.51,--,101,75851,买盘,2017-07-18,2017-07-18 09:30:12
09:30:15,09:30:15,7.53,0.02,48,36144,买盘,2017-07-18,2017-07-18 09:30:15
09:30:18,09:30:18,7.51,-0.02,60,45060,卖盘,2017-07-18,2017-07-18 09:30:18
09:30:24,09:30:24,7.53,0.02,60,45180,买盘,2017-07-18,2017-07-18 09:30:24
09:30:33,09:30:33,7.52,-0.01,152,114304,中性盘,2017-07-18,2017-07-18 09:30:33
09:30:39,09:30:39,7.52,--,60,45120,买盘,2017-07-18,2017-07-18 09:30:39
09:30:42,09:30:42,7.52,--,101,75952,买盘,2017-07-18,2017-07-18 09:30:42
09:30:45,09:30:45,7.52,--,105,78960,卖盘,2017-07-18,2017-07-18 09:30:45
09:30:48,09:30:48,7.53,0.01,2,1506,买盘,2017-07-18,2017-07-18 09:30:48
09:30:51,09:30:51,7.52,-0.01,35,26320,卖盘,2017-07-18,2017-07-18 09:30:51
09:30:57,09:30:57,7.53,0.01,34,25602,买盘,2017-07-18,2017-07-18 09:30:57
09:31:00,09:31:00,7.53,--,342,257526,买盘,2017-07-18,2017-07-18 09:31:00
09:31:03,09:31:03,7.53,--,98,73794,卖盘,2017-07-18,2017-07-18 09:31:03
09:31:06,09:31:06,7.54,0.01,54,40716,买盘,2017-07-18,2017-07-18 09:31:06
09:31:09,09:31:09,7.54,--,3,2262,买盘,2017-07-18,2017-07-18 09:31:09
09:31:12,09:31:12,7.53,-0.01,10,7530,卖盘,2017-07-18,2017-07-18 09:31:12
09:31:15,09:31:15,7.54,0.01,56,42224,买盘,2017-07-18,2017-07-18 09:31:15
09:31:18,09:31:18,7.53,-0.01,310,233430,卖盘,2017-07-18,2017-07-18 09:31:18
09:31:21,09:31:21,7.54,0.01,12,9048,买盘,2017-07-18,2017-07-18 09:31:21
09:31:24,09:31:24,7.55,0.01,30,22650,买盘,2017-07-18,2017-07-18 09:31:24
09:31:27,09:31:27,7.54,-0.01,42,31668,卖盘,2017-07-18,2017-07-18 09:31:27
09:31:30,09:31:30,7.54,--,194,146276,卖盘,2017-07-18,2017-07-18 09:31:30
09:31:33,09:31:33,7.57,0.03,425,321725,买盘,2017-07-18,2017-07-18 09:31:33
09:31:36,09:31:36,7.57,--,115,87055,买盘,2017-07-18,2017-07-18 09:31:36
09:31:39,09:31:39,7.56,-0.01,9,6804,卖盘,2017-07-18,2017-07-18 09:31:39
09:31:42,09:31:42,7.56,--,1,756,买盘,2017-07-18,2017-07-18 09:31:42
09:31:48,09:31:48,7.56,--,34,25704,卖盘,2017-07-18,2017-07-18 09:31:48
09:31:51,09:31:51,7.57,0.01,70,52990,买盘,2017-07-18,2017-07-18 09:31:51
09:31:57,09:31:57,7.56,-0.01,93,70308,卖盘,2017-07-18,2017-07-18 09:31:57
09:32:00,09:32:00,7.57,0.01,99,74943,买盘,2017-07-18,2017-07-18 09:32:00
09:32:03,09:32:03,7.59,0.02,1269,963512,买盘,2017-07-18,2017-07-18 09:32:03
09:32:06,09:32:06,7.6,0.01,5,3800,买盘,2017-07-18,2017-07-18 09:32:06
09:32:09,09:32:09,7.6,--,31,23560,买盘,2017-07-18,2017-07-18 09:32:09
09:32:12,09:32:12,7.59,-0.01,228,173469,卖盘,2017-07-18,2017-07-18 09:32:12
09:32:15,09:32:15,7.59,--,155,117645,买盘,2017-07-18,2017-07-18 09:32:15
09:32:18,09:32:18,7.59,--,105,79695,买盘,2017-07-18,2017-07-18 09:32:18
09:32:21,09:32:21,7.58,-0.01,40,30320,中性盘,2017-07-18,2017-07-18 09:32:21
09:32:24,09:32:24,7.58,--,48,36384,买盘,2017-07-18,2017-07-18 09:32:24
09:32:27,09:32:27,7.58,--,5,3790,买盘,2017-07-18,2017-07-18 09:32:27
09:32:30,09:32:30,7.58,--,90,68220,买盘,2017-07-18,2017-07-18 09:32:30
09:32:33,09:32:33,7.58,--,4,3032,买盘,2017-07-18,2017-07-18 09:32:33
09:32:39,09:32:39,7.59,0.01,61,46299,买盘,2017-07-18,2017-07-18 09:32:39
09:32:42,09:32:42,7.59,--,187,142593,买盘,2017-07-18,2017-07-18 09:32:42
09:32:45,09:32:45,7.6,0.01,519,394440,买盘,2017-07-18,2017-07-18 09:32:45
09:32:48,09:32:48,7.58,-0.02,40,30320,卖盘,2017-07-18,2017-07-18 09:32:48
09:32:51,09:32:51,7.59,0.01,5,3795,中性盘,2017-07-18,2017-07-18 09:32:51
09:32:54,09:32:54,7.59,--,58,44022,买盘,2017-07-18,2017-07-18 09:32:54
09:32:57,09:32:57,7.6,0.01,341,259160,买盘,2017-07-18,2017-07-18 09:32:57
09:33:00,09:33:00,7.58,-0.02,72,54576,卖盘,2017-07-18,2017-07-18 09:33:00
09:33:03,09:33:03,7.6,0.02,2,1520,买盘,2017-07-18,2017-07-18 09:33:03
09:33:06,09:33:06,7.59,-0.01,14,10724,买盘,2017-07-18,2017-07-18 09:33:06
09:33:12,09:33:12,7.58,-0.01,167,126586,中性盘,2017-07-18,2017-07-18 09:33:12
09:33:15,09:33:15,7.58,--,60,45480,买盘,2017-07-18,2017-07-18 09:33:15
09:33:18,09:33:18,7.59,0.01,207,157113,买盘,2017-07-18,2017-07-18 09:33:18
09:33:21,09:33:21,7.57,-0.02,78,59046,卖盘,2017-07-18,2017-07-18 09:33:21
09:33:27,09:33:27,7.57,--,10,7570,买盘,2017-07-18,2017-07-18 09:33:27
09:33:33,09:33:33,7.56,-0.01,172,130032,卖盘,2017-07-18,2017-07-18 09:33:33
09:33:36,09:33:36,7.56,--,1,756,买盘,2017-07-18,2017-07-18 09:33:36
09:33:39,09:33:39,7.56,--,23,17388,买盘,2017-07-18,2017-07-18 09:33:39
09:33:42,09:33:42,7.54,-0.02,100,75400,卖盘,2017-07-18,2017-07-18 09:33:42
09:33:51,09:33:51,7.55,0.01,12,9060,中性盘,2017-07-18,2017-07-18 09:33:51
09:33:57,09:33:57,7.55,--,17,12835,买盘,2017-07-18,2017-07-18 09:33:57
09:34:00,09:34:00,7.54,-0.01,82,61828,卖盘,2017-07-18,2017-07-18 09:34:00
09:34:06,09:34:06,7.55,0.01,3,2265,买盘,2017-07-18,2017-07-18 09:34:06
09:34:09,09:34:09,7.54,-0.01,15,11310,卖盘,2017-07-18,2017-07-18 09:34:09
09:34:12,09:34:12,7.54,--,24,18096,卖盘,2017-07-18,2017-07-18 09:34:12
09:34:15,09:34:15,7.54,--,23,17342,买盘,2017-07-18,2017-07-18 09:34:15
09:34:21,09:34:21,7.54,--,5,3770,买盘,2017-07-18,2017-07-18 09:34:21
09:34:24,09:34:24,7.52,-0.02,98,73696,卖盘,2017-07-18,2017-07-18 09:34:24
09:34:27,09:34:27,7.52,--,19,14288,买盘,2017-07-18,2017-07-18 09:34:27
09:34:30,09:34:30,7.51,-0.01,10,7510,卖盘,2017-07-18,2017-07-18 09:34:30
09:34:33,09:34:33,7.51,--,144,108144,卖盘,2017-07-18,2017-07-18 09:34:33
09:34:36,09:34:36,7.5,-0.01,13,9750,卖盘,2017-07-18,2017-07-18 09:34:36
09:34:39,09:34:39,7.51,0.01,242,181742,买盘,2017-07-18,2017-07-18 09:34:39
09:34:45,09:34:45,7.51,--,213,159970,卖盘,2017-07-18,2017-07-18 09:34:45
09:34:48,09:34:48,7.51,--,11,8261,卖盘,2017-07-18,2017-07-18 09:34:48
09:34:51,09:34:51,7.53,0.02,5,3765,买盘,2017-07-18,2017-07-18 09:34:51
09:34:57,09:34:57,7.53,--,15,11295,买盘,2017-07-18,2017-07-18 09:34:57
09:35:03,09:35:03,7.53,--,3,2259,卖盘,2017-07-18,2017-07-18 09:35:03
09:35:06,09:35:06,7.54,0.01,5,3770,买盘,2017-07-18,2017-07-18 09:35:06
09:35:09,09:35:09,7.52,-0.02,29,21808,卖盘,2017-07-18,2017-07-18 09:35:09
09:35:12,09:35:12,7.52,--,15,11280,买盘,2017-07-18,2017-07-18 09:35:12
09:35:18,09:35:18,7.53,0.01,64,48192,买盘,2017-07-18,2017-07-18 09:35:18
09:35:27,09:35:27,7.53,--,268,201804,卖盘,2017-07-18,2017-07-18 09:35:27
09:35:30,09:35:30,7.53,--,30,22590,买盘,2017-07-18,2017-07-18 09:35:30
09:35:33,09:35:33,7.53,--,10,7530,买盘,2017-07-18,2017-07-18 09:35:33
09:35:36,09:35:36,7.53,--,36,27108,买盘,2017-07-18,2017-07-18 09:35:36
09:35:39,09:35:39,7.52,-0.01,45,33840,卖盘,2017-07-18,2017-07-18 09:35:39
09:35:42,09:35:42,7.53,0.01,30,22590,买盘,2017-07-18,2017-07-18 09:35:42
09:35:45,09:35:45,7.53,--,40,30120,买盘,2017-07-18,2017-07-18 09:35:45
09:35:48,09:35:48,7.53,--,6,4518,买盘,2017-07-18,2017-07-18 09:35:48
09:35:51,09:35:51,7.53,--,6,4518,买盘,2017-07-18,2017-07-18 09:35:51
09:35:54,09:35:54,7.52,-0.01,128,96256,卖盘,2017-07-18,2017-07-18 09:35:54
09:35:57,09:35:57,7.53,0.01,28,21084,买盘,2017-07-18,2017-07-18 09:35:57
09:36:00,09:36:00,7.53,--,64,48192,买盘,2017-07-18,2017-07-18 09:36:00
09:36:06,09:36:06,7.54,0.01,20,15080,卖盘,2017-07-18,2017-07-18 09:36:06
09:36:12,09:36:12,7.55,0.01,102,77010,买盘,2017-07-18,2017-07-18 09:36:12
09:36:21,09:36:21,7.55,--,25,18875,买盘,2017-07-18,2017-07-18 09:36:21
09:36:24,09:36:24,7.54,-0.01,197,148538,卖盘,2017-07-18,2017-07-18 09:36:24
09:36:27,09:36:27,7.56,0.02,37,27972,买盘,2017-07-18,2017-07-18 09:36:27
09:36:30,09:36:30,7.55,-0.01,80,60400,卖盘,2017-07-18,2017-07-18 09:36:30
09:36:36,09:36:36,7.56,0.01,13,9828,买盘,2017-07-18,2017-07-18 09:36:36
09:36:42,09:36:42,7.56,--,61,46116,买盘,2017-07-18,2017-07-18 09:36:42
09:36:45,09:36:45,7.56,--,67,50652,买盘,2017-07-18,2017-07-18 09:36:45
09:36:48,09:36:48,7.56,--,14,10584,买盘,2017-07-18,2017-07-18 09:36:48
09:36:51,09:36:51,7.56,--,5,3780,中性盘,2017-07-18,2017-07-18 09:36:51
09:36:57,09:36:57,7.56,--,25,18900,买盘,2017-07-18,2017-07-18 09:36:57
09:37:00,09:37:00,7.57,0.01,116,87812,买盘,2017-07-18,2017-07-18 09:37:00
09:37:06,09:37:06,7.56,-0.01,229,173124,卖盘,2017-07-18,2017-07-18 09:37:06
09:37:09,09:37:09,7.57,0.01,6,4542,买盘,2017-07-18,2017-07-18 09:37:09
09:37:12,09:37:12,7.57,--,1,757,买盘,2017-07-18,2017-07-18 09:37:12
09:37:15,09:37:15,7.57,--,5,3785,买盘,2017-07-18,2017-07-18 09:37:15
09:37:18,09:37:18,7.57,--,55,41635,买盘,2017-07-18,2017-07-18 09:37:18
09:37:21,09:37:21,7.58,0.01,5,3790,买盘,2017-07-18,2017-07-18 09:37:21
09:37:33,09:37:33,7.58,--,23,17434,买盘,2017-07-18,2017-07-18 09:37:33
09:37:39,09:37:39,7.59,0.01,341,258819,买盘,2017-07-18,2017-07-18 09:37:39
09:37:48,09:37:48,7.59,--,11,8349,买盘,2017-07-18,2017-07-18 09:37:48
09:37:51,09:37:51,7.59,--,16,12144,买盘,2017-07-18,2017-07-18 09:37:51
09:37:54,09:37:54,7.59,--,216,163944,买盘,2017-07-18,2017-07-18 09:37:54
09:38:00,09:38:00,7.58,-0.01,3,2274,中性盘,2017-07-18,2017-07-18 09:38:00
09:38:03,09:38:03,7.57,-0.01,139,105223,卖盘,2017-07-18,2017-07-18 09:38:03
09:38:06,09:38:06,7.57,--,147,111279,卖盘,2017-07-18,2017-07-18 09:38:06
09:38:15,09:38:15,7.58,0.01,150,113700,买盘,2017-07-18,2017-07-18 09:38:15
09:38:18,09:38:18,7.59,0.01,329,249711,买盘,2017-07-18,2017-07-18 09:38:18
09:38:21,09:38:21,7.57,-0.02,32,24224,中性盘,2017-07-18,2017-07-18 09:38:21
09:38:24,09:38:24,7.58,0.01,6,4548,卖盘,2017-07-18,2017-07-18 09:38:24
09:38:27,09:38:27,7.58,--,3,2274,买盘,2017-07-18,2017-07-18 09:38:27
09:38:33,09:38:33,7.58,--,10,7580,买盘,2017-07-18,2017-07-18 09:38:33
09:38:36,09:38:36,7.58,--,192,145536,买盘,2017-07-18,2017-07-18 09:38:36
09:38:39,09:38:39,7.58,--,100,75800,买盘,2017-07-18,2017-07-18 09:38:39
09:38:42,09:38:42,7.58,--,73,55334,买盘,2017-07-18,2017-07-18 09:38:42
09:38:45,09:38:45,7.58,--,117,88686,买盘,2017-07-18,2017-07-18 09:38:45
09:38:51,09:38:51,7.58,--,17,12886,买盘,2017-07-18,2017-07-18 09:38:51
09:38:54,09:38:54,7.58,--,5,3790,买盘,2017-07-18,2017-07-18 09:38:54
09:38:57,09:38:57,7.57,-0.01,199,150643,卖盘,2017-07-18,2017-07-18 09:38:57
09:39:03,09:39:03,7.57,--,1,757,买盘,2017-07-18,2017-07-18 09:39:03
09:39:06,09:39:06,7.58,0.01,46,34868,买盘,2017-07-18,2017-07-18 09:39:06
09:39:09,09:39:09,7.57,-0.01,18,13626,卖盘,2017-07-18,2017-07-18 09:39:09
09:39:12,09:39:12,7.57,--,97,73429,卖盘,2017-07-18,2017-07-18 09:39:12
09:39:15,09:39:15,7.58,0.01,35,26530,买盘,2017-07-18,2017-07-18 09:39:15
09:39:21,09:39:21,7.57,-0.01,48,36336,中性盘,2017-07-18,2017-07-18 09:39:21
09:39:24,09:39:24,7.57,--,19,14383,卖盘,2017-07-18,2017-07-18 09:39:24
09:39:27,09:39:27,7.57,--,18,13626,买盘,2017-07-18,2017-07-18 09:39:27
09:39:30,09:39:30,7.58,0.01,28,21224,买盘,2017-07-18,2017-07-18 09:39:30
09:39:33,09:39:33,7.56,-0.02,117,88452,卖盘,2017-07-18,2017-07-18 09:39:33
09:39:36,09:39:36,7.57,0.01,54,40878,买盘,2017-07-18,2017-07-18 09:39:36
09:39:39,09:39:39,7.58,0.01,129,97782,买盘,2017-07-18,2017-07-18 09:39:39
09:39:45,09:39:45,7.58,--,17,12886,买盘,2017-07-18,2017-07-18 09:39:45
09:39:48,09:39:48,7.57,-0.01,19,14383,买盘,2017-07-18,2017-07-18 09:39:48
09:39:51,09:39:51,7.58,0.01,26,19708,买盘,2017-07-18,2017-07-18 09:39:51
09:39:54,09:39:54,7.58,--,13,9854,买盘,2017-07-18,2017-07-18 09:39:54
09:39:57,09:39:57,7.58,--,31,23498,买盘,2017-07-18,2017-07-18 09:39:57
09:40:00,09:40:00,7.58,--,34,25772,买盘,2017-07-18,2017-07-18 09:40:00
09:40:03,09:40:03,7.58,--,17,12886,买盘,2017-07-18,2017-07-18 09:40:03
09:40:09,09:40:09,7.57,-0.01,195,147615,卖盘,2017-07-18,2017-07-18 09:40:09
09:40:12,09:40:12,7.57,--,17,12869,买盘,2017-07-18,2017-07-18 09:40:12
09:40:18,09:40:18,7.56,-0.01,31,23436,卖盘,2017-07-18,2017-07-18 09:40:18
09:40:21,09:40:21,7.56,--,16,12096,卖盘,2017-07-18,2017-07-18 09:40:21
09:40:24,09:40:24,7.56,--,121,91476,卖盘,2017-07-18,2017-07-18 09:40:24
09:40:27,09:40:27,7.56,--,54,40824,买盘,2017-07-18,2017-07-18 09:40:27
09:40:33,09:40:33,7.55,-0.01,80,60400,卖盘,2017-07-18,2017-07-18 09:40:33
09:40:36,09:40:36,7.55,--,16,12080,卖盘,2017-07-18,2017-07-18 09:40:36
09:40:42,09:40:42,7.55,--,19,14345,卖盘,2017-07-18,2017-07-18 09:40:42
09:40:45,09:40:45,7.56,0.01,12,9072,买盘,2017-07-18,2017-07-18 09:40:45
09:40:48,09:40:48,7.55,-0.01,13,9815,卖盘,2017-07-18,2017-07-18 09:40:48
09:40:51,09:40:51,7.56,0.01,13,9828,买盘,2017-07-18,2017-07-18 09:40:51
09:40:57,09:40:57,7.56,--,1,756,买盘,2017-07-18,2017-07-18 09:40:57
09:41:03,09:41:03,7.55,-0.01,30,22650,卖盘,2017-07-18,2017-07-18 09:41:03
09:41:06,09:41:06,7.55,--,132,99660,卖盘,2017-07-18,2017-07-18 09:41:06
09:41:12,09:41:12,7.55,--,23,17365,卖盘,2017-07-18,2017-07-18 09:41:12
09:41:15,09:41:15,7.54,-0.01,5,3770,卖盘,2017-07-18,2017-07-18 09:41:15
09:41:21,09:41:21,7.55,0.01,30,22650,买盘,2017-07-18,2017-07-18 09:41:21
09:41:24,09:41:24,7.55,--,33,24915,买盘,2017-07-18,2017-07-18 09:41:24
09:41:27,09:41:27,7.54,-0.01,161,121394,卖盘,2017-07-18,2017-07-18 09:41:27
09:41:30,09:41:30,7.54,--,14,10556,买盘,2017-07-18,2017-07-18 09:41:30
09:41:33,09:41:33,7.53,-0.01,44,33132,卖盘,2017-07-18,2017-07-18 09:41:33
09:41:36,09:41:36,7.53,--,112,84336,卖盘,2017-07-18,2017-07-18 09:41:36
09:41:39,09:41:39,7.55,0.02,1,755,买盘,2017-07-18,2017-07-18 09:41:39
09:41:45,09:41:45,7.55,--,64,48320,买盘,2017-07-18,2017-07-18 09:41:45
09:41:48,09:41:48,7.53,-0.02,20,15060,卖盘,2017-07-18,2017-07-18 09:41:48
09:41:51,09:41:51,7.53,--,50,37650,卖盘,2017-07-18,2017-07-18 09:41:51
09:41:54,09:41:54,7.55,0.02,5,3775,买盘,2017-07-18,2017-07-18 09:41:54
09:41:57,09:41:57,7.53,-0.02,113,85089,卖盘,2017-07-18,2017-07-18 09:41:57
09:42:15,09:42:15,7.54,0.01,9,6786,买盘,2017-07-18,2017-07-18 09:42:15
09:42:24,09:42:24,7.55,0.01,6,4530,买盘,2017-07-18,2017-07-18 09:42:24
09:42:27,09:42:27,7.55,--,54,40770,买盘,2017-07-18,2017-07-18 09:42:27
09:42:30,09:42:30,7.54,-0.01,1,754,卖盘,2017-07-18,2017-07-18 09:42:30
09:42:36,09:42:36,7.55,0.01,13,9815,买盘,2017-07-18,2017-07-18 09:42:36
09:42:42,09:42:42,7.54,-0.01,106,79924,卖盘,2017-07-18,2017-07-18 09:42:42
09:42:45,09:42:45,7.54,--,38,28652,买盘,2017-07-18,2017-07-18 09:42:45
09:42:48,09:42:48,7.55,0.01,8,6040,买盘,2017-07-18,2017-07-18 09:42:48
09:42:54,09:42:54,7.54,-0.01,6,4524,卖盘,2017-07-18,2017-07-18 09:42:54
09:42:57,09:42:57,7.54,--,14,10556,买盘,2017-07-18,2017-07-18 09:42:57
09:43:00,09:43:00,7.55,0.01,25,18875,买盘,2017-07-18,2017-07-18 09:43:00
09:43:09,09:43:09,7.54,-0.01,72,54288,卖盘,2017-07-18,2017-07-18 09:43:09
09:43:15,09:43:15,7.54,--,42,31668,买盘,2017-07-18,2017-07-18 09:43:15
09:43:21,09:43:21,7.54,--,28,21112,卖盘,2017-07-18,2017-07-18 09:43:21
09:43:24,09:43:24,7.55,0.01,5,3775,买盘,2017-07-18,2017-07-18 09:43:24
09:43:27,09:43:27,7.55,--,1,755,买盘,2017-07-18,2017-07-18 09:43:27
09:43:36,09:43:36,7.55,--,14,10570,买盘,2017-07-18,2017-07-18 09:43:36
09:43:39,09:43:39,7.55,--,200,151000,买盘,2017-07-18,2017-07-18 09:43:39
09:43:42,09:43:42,7.55,--,52,39260,买盘,2017-07-18,2017-07-18 09:43:42
09:43:54,09:43:54,7.56,0.01,10,7560,买盘,2017-07-18,2017-07-18 09:43:54
09:43:57,09:43:57,7.56,--,1,756,买盘,2017-07-18,2017-07-18 09:43:57
09:44:03,09:44:03,7.56,--,208,157248,买盘,2017-07-18,2017-07-18 09:44:03
09:44:09,09:44:09,7.55,-0.01,10,7550,卖盘,2017-07-18,2017-07-18 09:44:09
09:44:12,09:44:12,7.55,--,58,43790,卖盘,2017-07-18,2017-07-18 09:44:12
09:44:15,09:44:15,7.56,0.01,60,45360,买盘,2017-07-18,2017-07-18 09:44:15
09:44:18,09:44:18,7.56,--,42,31752,买盘,2017-07-18,2017-07-18 09:44:18
09:44:24,09:44:24,7.57,0.01,5,3785,买盘,2017-07-18,2017-07-18 09:44:24
09:44:27,09:44:27,7.57,--,1,757,买盘,2017-07-18,2017-07-18 09:44:27
09:44:33,09:44:33,7.56,-0.01,3,2268,卖盘,2017-07-18,2017-07-18 09:44:33
09:44:45,09:44:45,7.56,--,14,10584,卖盘,2017-07-18,2017-07-18 09:44:45
09:44:48,09:44:48,7.57,0.01,8,6056,买盘,2017-07-18,2017-07-18 09:44:48
09:44:51,09:44:51,7.57,--,44,33308,买盘,2017-07-18,2017-07-18 09:44:51
09:44:54,09:44:54,7.57,--,11,8327,买盘,2017-07-18,2017-07-18 09:44:54
09:45:09,09:45:09,7.57,--,70,52990,买盘,2017-07-18,2017-07-18 09:45:09
09:45:15,09:45:15,7.57,--,1,757,买盘,2017-07-18,2017-07-18 09:45:15
09:45:24,09:45:24,7.58,0.01,554,419932,买盘,2017-07-18,2017-07-18 09:45:24
09:45:27,09:45:27,7.58,--,507,384306,卖盘,2017-07-18,2017-07-18 09:45:27
09:45:30,09:45:30,7.6,0.02,29,22040,买盘,2017-07-18,2017-07-18 09:45:30
09:45:36,09:45:36,7.6,--,63,48541,买盘,2017-07-18,2017-07-18 09:45:36
09:45:39,09:45:39,7.62,0.02,205,156210,买盘,2017-07-18,2017-07-18 09:45:39
09:45:51,09:45:51,7.61,-0.01,10,7610,中性盘,2017-07-18,2017-07-18 09:45:51
09:45:54,09:45:54,7.61,--,151,114911,买盘,2017-07-18,2017-07-18 09:45:54
09:45:57,09:45:57,7.62,0.01,5,3810,买盘,2017-07-18,2017-07-18 09:45:57
09:46:00,09:46:00,7.61,-0.01,78,59358,卖盘,2017-07-18,2017-07-18 09:46:00
09:46:03,09:46:03,7.61,--,3,2283,卖盘,2017-07-18,2017-07-18 09:46:03
09:46:06,09:46:06,7.6,-0.01,52,39520,卖盘,2017-07-18,2017-07-18 09:46:06
09:46:09,09:46:09,7.6,--,21,16058,卖盘,2017-07-18,2017-07-18 09:46:09
09:46:12,09:46:12,7.6,--,30,22800,买盘,2017-07-18,2017-07-18 09:46:12
09:46:15,09:46:15,7.61,0.01,32,24352,买盘,2017-07-18,2017-07-18 09:46:15
09:46:21,09:46:21,7.61,--,132,100452,买盘,2017-07-18,2017-07-18 09:46:21
09:46:24,09:46:24,7.61,--,68,51748,买盘,2017-07-18,2017-07-18 09:46:24
09:46:27,09:46:27,7.6,-0.01,10,7600,卖盘,2017-07-18,2017-07-18 09:46:27
09:46:36,09:46:36,7.59,-0.01,31,23529,卖盘,2017-07-18,2017-07-18 09:46:36
09:46:39,09:46:39,7.59,--,10,7590,买盘,2017-07-18,2017-07-18 09:46:39
09:46:45,09:46:45,7.59,--,2,1518,买盘,2017-07-18,2017-07-18 09:46:45
09:46:48,09:46:48,7.58,-0.01,17,12886,卖盘,2017-07-18,2017-07-18 09:46:48
09:46:51,09:46:51,7.59,0.01,31,23529,买盘,2017-07-18,2017-07-18 09:46:51
09:46:54,09:46:54,7.59,--,6,4554,买盘,2017-07-18,2017-07-18 09:46:54
09:47:00,09:47:00,7.59,--,120,91080,买盘,2017-07-18,2017-07-18 09:47:00
09:47:09,09:47:09,7.6,0.01,195,148200,买盘,2017-07-18,2017-07-18 09:47:09
09:47:21,09:47:21,7.59,-0.01,12,9108,中性盘,2017-07-18,2017-07-18 09:47:21
09:47:24,09:47:24,7.62,0.03,255,194972,买盘,2017-07-18,2017-07-18 09:47:24
09:47:30,09:47:30,7.63,0.01,506,386078,买盘,2017-07-18,2017-07-18 09:47:30
09:47:36,09:47:36,7.63,--,168,128184,买盘,2017-07-18,2017-07-18 09:47:36
09:47:39,09:47:39,7.63,--,110,83930,买盘,2017-07-18,2017-07-18 09:47:39
09:47:45,09:47:45,7.63,--,148,112924,买盘,2017-07-18,2017-07-18 09:47:45
09:47:48,09:47:48,7.63,--,44,33572,买盘,2017-07-18,2017-07-18 09:47:48
09:47:51,09:47:51,7.63,--,182,138866,买盘,2017-07-18,2017-07-18 09:47:51
09:47:54,09:47:54,7.63,--,121,92323,买盘,2017-07-18,2017-07-18 09:47:54
09:47:57,09:47:57,7.63,--,153,116739,买盘,2017-07-18,2017-07-18 09:47:57
09:48:03,09:48:03,7.63,--,340,259420,买盘,2017-07-18,2017-07-18 09:48:03
09:48:06,09:48:06,7.63,--,20,15260,卖盘,2017-07-18,2017-07-18 09:48:06
09:48:09,09:48:09,7.64,0.01,122,93208,买盘,2017-07-18,2017-07-18 09:48:09
09:48:12,09:48:12,7.63,-0.01,122,93086,卖盘,2017-07-18,2017-07-18 09:48:12
09:48:15,09:48:15,7.63,--,25,19075,买盘,2017-07-18,2017-07-18 09:48:15
09:48:18,09:48:18,7.62,-0.01,151,115062,卖盘,2017-07-18,2017-07-18 09:48:18
09:48:21,09:48:21,7.62,--,7,5334,卖盘,2017-07-18,2017-07-18 09:48:21
09:48:24,09:48:24,7.62,--,21,16002,买盘,2017-07-18,2017-07-18 09:48:24
09:48:33,09:48:33,7.62,--,13,9906,买盘,2017-07-18,2017-07-18 09:48:33
09:48:36,09:48:36,7.62,--,107,81534,买盘,2017-07-18,2017-07-18 09:48:36
09:48:42,09:48:42,7.62,--,143,108966,买盘,2017-07-18,2017-07-18 09:48:42
09:48:51,09:48:51,7.62,--,62,47244,卖盘,2017-07-18,2017-07-18 09:48:51
09:48:54,09:48:54,7.62,--,16,12192,买盘,2017-07-18,2017-07-18 09:48:54
09:48:57,09:48:57,7.62,--,131,99822,买盘,2017-07-18,2017-07-18 09:48:57
09:49:03,09:49:03,7.62,--,133,101346,买盘,2017-07-18,2017-07-18 09:49:03
09:49:06,09:49:06,7.63,0.01,86,65618,买盘,2017-07-18,2017-07-18 09:49:06
09:49:12,09:49:12,7.62,-0.01,23,17526,卖盘,2017-07-18,2017-07-18 09:49:12
09:49:15,09:49:15,7.62,--,147,112014,卖盘,2017-07-18,2017-07-18 09:49:15
09:49:21,09:49:21,7.63,0.01,134,102242,买盘,2017-07-18,2017-07-18 09:49:21
09:49:24,09:49:24,7.62,-0.01,55,41910,卖盘,2017-07-18,2017-07-18 09:49:24
09:49:27,09:49:27,7.63,0.01,24,18312,买盘,2017-07-18,2017-07-18 09:49:27
09:49:30,09:49:30,7.63,--,85,64855,买盘,2017-07-18,2017-07-18 09:49:30
09:49:33,09:49:33,7.63,--,40,30520,卖盘,2017-07-18,2017-07-18 09:49:33
09:49:36,09:49:36,7.64,0.01,33,25212,买盘,2017-07-18,2017-07-18 09:49:36
09:49:42,09:49:42,7.64,--,175,133700,买盘,2017-07-18,2017-07-18 09:49:42
09:49:45,09:49:45,7.64,--,174,132936,买盘,2017-07-18,2017-07-18 09:49:45
09:49:48,09:49:48,7.64,--,10,7640,卖盘,2017-07-18,2017-07-18 09:49:48
09:49:54,09:49:54,7.66,0.02,125,95750,买盘,2017-07-18,2017-07-18 09:49:54
09:49:57,09:49:57,7.65,-0.01,52,39780,中性盘,2017-07-18,2017-07-18 09:49:57
09:50:00,09:50:00,7.65,--,19,14535,卖盘,2017-07-18,2017-07-18 09:50:00
09:50:03,09:50:03,7.64,-0.01,120,91680,卖盘,2017-07-18,2017-07-18 09:50:03
09:50:06,09:50:06,7.66,0.02,528,404448,买盘,2017-07-18,2017-07-18 09:50:06
09:50:09,09:50:09,7.66,--,33,25278,卖盘,2017-07-18,2017-07-18 09:50:09
09:50:15,09:50:15,7.66,--,51,39066,卖盘,2017-07-18,2017-07-18 09:50:15
09:50:18,09:50:18,7.67,0.01,236,181012,买盘,2017-07-18,2017-07-18 09:50:18
09:50:21,09:50:21,7.67,--,106,81302,买盘,2017-07-18,2017-07-18 09:50:21
09:50:24,09:50:24,7.66,-0.01,148,113368,卖盘,2017-07-18,2017-07-18 09:50:24
09:50:27,09:50:27,7.67,0.01,38,29146,买盘,2017-07-18,2017-07-18 09:50:27
09:50:30,09:50:30,7.67,--,86,65962,买盘,2017-07-18,2017-07-18 09:50:30
09:50:33,09:50:33,7.66,-0.01,267,204522,卖盘,2017-07-18,2017-07-18 09:50:33
09:50:36,09:50:36,7.67,0.01,68,52156,买盘,2017-07-18,2017-07-18 09:50:36
09:50:39,09:50:39,7.66,-0.01,131,100346,中性盘,2017-07-18,2017-07-18 09:50:39
09:50:45,09:50:45,7.66,--,47,36002,买盘,2017-07-18,2017-07-18 09:50:45
09:50:48,09:50:48,7.66,--,5,3830,买盘,2017-07-18,2017-07-18 09:50:48
09:50:51,09:50:51,7.66,--,244,186904,买盘,2017-07-18,2017-07-18 09:50:51
09:50:54,09:50:54,7.65,-0.01,100,76500,卖盘,2017-07-18,2017-07-18 09:50:54
09:50:57,09:50:57,7.66,0.01,50,38300,买盘,2017-07-18,2017-07-18 09:50:57
09:51:00,09:51:00,7.65,-0.01,193,147645,卖盘,2017-07-18,2017-07-18 09:51:00
09:51:06,09:51:06,7.64,-0.01,746,569944,卖盘,2017-07-18,2017-07-18 09:51:06
09:51:12,09:51:12,7.65,0.01,51,39015,中性盘,2017-07-18,2017-07-18 09:51:12
09:51:15,09:51:15,7.65,--,18,13770,买盘,2017-07-18,2017-07-18 09:51:15
09:51:18,09:51:18,7.64,-0.01,82,62648,卖盘,2017-07-18,2017-07-18 09:51:18
09:51:24,09:51:24,7.64,--,20,15280,卖盘,2017-07-18,2017-07-18 09:51:24
09:51:27,09:51:27,7.65,0.01,26,19890,买盘,2017-07-18,2017-07-18 09:51:27
09:51:30,09:51:30,7.65,--,8,6120,买盘,2017-07-18,2017-07-18 09:51:30
09:51:36,09:51:36,7.65,--,165,126225,买盘,2017-07-18,2017-07-18 09:51:36
09:51:39,09:51:39,7.65,--,5,3825,卖盘,2017-07-18,2017-07-18 09:51:39
09:51:45,09:51:45,7.65,--,10,7650,卖盘,2017-07-18,2017-07-18 09:51:45
09:51:51,09:51:51,7.65,--,3,2295,卖盘,2017-07-18,2017-07-18 09:51:51
09:51:54,09:51:54,7.65,--,215,164475,卖盘,2017-07-18,2017-07-18 09:51:54
09:51:57,09:51:57,7.65,--,35,26775,买盘,2017-07-18,2017-07-18 09:51:57
09:52:03,09:52:03,7.64,-0.01,270,206280,卖盘,2017-07-18,2017-07-18 09:52:03
09:52:06,09:52:06,7.64,--,28,21392,卖盘,2017-07-18,2017-07-18 09:52:06
09:52:09,09:52:09,7.64,--,27,20628,卖盘,2017-07-18,2017-07-18 09:52:09
09:52:15,09:52:15,7.63,-0.01,2,1526,卖盘,2017-07-18,2017-07-18 09:52:15
09:52:21,09:52:21,7.63,--,133,101479,卖盘,2017-07-18,2017-07-18 09:52:21
09:52:27,09:52:27,7.63,--,125,95375,卖盘,2017-07-18,2017-07-18 09:52:27
09:52:30,09:52:30,7.63,--,4,3052,卖盘,2017-07-18,2017-07-18 09:52:30
09:52:39,09:52:39,7.62,-0.01,77,58674,卖盘,2017-07-18,2017-07-18 09:52:39
09:52:42,09:52:42,7.63,0.01,5,3815,买盘,2017-07-18,2017-07-18 09:52:42
09:52:45,09:52:45,7.62,-0.01,5,3810,卖盘,2017-07-18,2017-07-18 09:52:45
09:52:48,09:52:48,7.63,0.01,3,2289,买盘,2017-07-18,2017-07-18 09:52:48
09:52:54,09:52:54,7.62,-0.01,20,15240,卖盘,2017-07-18,2017-07-18 09:52:54
09:52:57,09:52:57,7.63,0.01,29,22127,买盘,2017-07-18,2017-07-18 09:52:57
09:53:00,09:53:00,7.62,-0.01,24,18288,卖盘,2017-07-18,2017-07-18 09:53:00
09:53:06,09:53:06,7.62,--,396,301752,买盘,2017-07-18,2017-07-18 09:53:06
09:53:18,09:53:18,7.62,--,11,8382,卖盘,2017-07-18,2017-07-18 09:53:18
09:53:21,09:53:21,7.62,--,14,10668,卖盘,2017-07-18,2017-07-18 09:53:21
09:53:27,09:53:27,7.62,--,29,22098,卖盘,2017-07-18,2017-07-18 09:53:27
09:53:30,09:53:30,7.62,--,6,4572,买盘,2017-07-18,2017-07-18 09:53:30
09:53:36,09:53:36,7.62,--,67,51054,买盘,2017-07-18,2017-07-18 09:53:36
09:53:39,09:53:39,7.63,0.01,239,182357,买盘,2017-07-18,2017-07-18 09:53:39
09:53:45,09:53:45,7.62,-0.01,5,3810,买盘,2017-07-18,2017-07-18 09:53:45
09:53:57,09:53:57,7.61,-0.01,55,41855,卖盘,2017-07-18,2017-07-18 09:53:57
09:54:06,09:54:06,7.62,0.01,23,17526,买盘,2017-07-18,2017-07-18 09:54:06
09:54:12,09:54:12,7.63,0.01,5,3815,买盘,2017-07-18,2017-07-18 09:54:12
09:54:18,09:54:18,7.63,--,22,16786,买盘,2017-07-18,2017-07-18 09:54:18
09:54:21,09:54:21,7.62,-0.01,2,1524,卖盘,2017-07-18,2017-07-18 09:54:21
09:54:24,09:54:24,7.63,0.01,30,22890,买盘,2017-07-18,2017-07-18 09:54:24
09:54:27,09:54:27,7.63,--,5,3815,买盘,2017-07-18,2017-07-18 09:54:27
09:54:30,09:54:30,7.63,--,26,19838,买盘,2017-07-18,2017-07-18 09:54:30
09:54:36,09:54:36,7.63,--,6,4578,买盘,2017-07-18,2017-07-18 09:54:36
09:54:39,09:54:39,7.63,--,42,32046,买盘,2017-07-18,2017-07-18 09:54:39
09:54:42,09:54:42,7.62,-0.01,30,22860,卖盘,2017-07-18,2017-07-18 09:54:42
09:54:45,09:54:45,7.63,0.01,5,3815,买盘,2017-07-18,2017-07-18 09:54:45
09:54:48,09:54:48,7.63,--,200,152600,买盘,2017-07-18,2017-07-18 09:54:48
09:54:54,09:54:54,7.63,--,1,763,卖盘,2017-07-18,2017-07-18 09:54:54
09:54:57,09:54:57,7.64,0.01,45,34380,买盘,2017-07-18,2017-07-18 09:54:57
09:55:09,09:55:09,7.63,-0.01,2,1526,卖盘,2017-07-18,2017-07-18 09:55:09
09:55:12,09:55:12,7.63,--,16,12208,卖盘,2017-07-18,2017-07-18 09:55:12
09:55:15,09:55:15,7.63,--,30,22890,卖盘,2017-07-18,2017-07-18 09:55:15
09:55:18,09:55:18,7.63,--,65,49595,卖盘,2017-07-18,2017-07-18 09:55:18
09:55:21,09:55:21,7.63,--,51,38913,卖盘,2017-07-18,2017-07-18 09:55:21
09:55:24,09:55:24,7.63,--,182,138866,卖盘,2017-07-18,2017-07-18 09:55:24
09:55:27,09:55:27,7.63,--,63,48069,卖盘,2017-07-18,2017-07-18 09:55:27
09:55:33,09:55:33,7.63,--,25,19075,卖盘,2017-07-18,2017-07-18 09:55:33
09:55:36,09:55:36,7.63,--,42,32046,买盘,2017-07-18,2017-07-18 09:55:36
09:55:54,09:55:54,7.63,--,10,7630,买盘,2017-07-18,2017-07-18 09:55:54
09:55:57,09:55:57,7.63,--,105,80115,买盘,2017-07-18,2017-07-18 09:55:57
09:56:00,09:56:00,7.62,-0.01,68,51816,卖盘,2017-07-18,2017-07-18 09:56:00
09:56:03,09:56:03,7.62,--,350,266700,卖盘,2017-07-18,2017-07-18 09:56:03
09:56:06,09:56:06,7.62,--,43,32766,卖盘,2017-07-18,2017-07-18 09:56:06
09:56:09,09:56:09,7.61,-0.01,30,22830,卖盘,2017-07-18,2017-07-18 09:56:09
09:56:15,09:56:15,7.61,--,50,38050,卖盘,2017-07-18,2017-07-18 09:56:15
09:56:21,09:56:21,7.61,--,46,35006,卖盘,2017-07-18,2017-07-18 09:56:21
09:56:27,09:56:27,7.61,--,5,3805,买盘,2017-07-18,2017-07-18 09:56:27
09:56:30,09:56:30,7.6,-0.01,50,38000,卖盘,2017-07-18,2017-07-18 09:56:30
09:56:33,09:56:33,7.61,0.01,88,66968,买盘,2017-07-18,2017-07-18 09:56:33
09:56:42,09:56:42,7.6,-0.01,9,6840,卖盘,2017-07-18,2017-07-18 09:56:42
09:56:45,09:56:45,7.6,--,291,221160,卖盘,2017-07-18,2017-07-18 09:56:45
09:56:48,09:56:48,7.6,--,200,152000,卖盘,2017-07-18,2017-07-18 09:56:48
09:56:54,09:56:54,7.6,--,18,13680,卖盘,2017-07-18,2017-07-18 09:56:54
09:56:57,09:56:57,7.6,--,31,23560,买盘,2017-07-18,2017-07-18 09:56:57
09:57:03,09:57:03,7.6,--,5,3800,买盘,2017-07-18,2017-07-18 09:57:03
09:57:09,09:57:09,7.59,-0.01,20,15180,卖盘,2017-07-18,2017-07-18 09:57:09
09:57:15,09:57:15,7.59,--,40,30360,卖盘,2017-07-18,2017-07-18 09:57:15
09:57:21,09:57:21,7.59,--,14,10626,卖盘,2017-07-18,2017-07-18 09:57:21
09:57:24,09:57:24,7.59,--,54,40986,卖盘,2017-07-18,2017-07-18 09:57:24
09:57:27,09:57:27,7.59,--,445,337755,卖盘,2017-07-18,2017-07-18 09:57:27
09:57:30,09:57:30,7.59,--,93,70587,卖盘,2017-07-18,2017-07-18 09:57:30
09:57:33,09:57:33,7.59,--,20,15180,买盘,2017-07-18,2017-07-18 09:57:33
09:57:36,09:57:36,7.59,--,45,34155,买盘,2017-07-18,2017-07-18 09:57:36
09:57:39,09:57:39,7.59,--,140,106260,买盘,2017-07-18,2017-07-18 09:57:39
09:57:42,09:57:42,7.58,-0.01,281,212998,卖盘,2017-07-18,2017-07-18 09:57:42
09:57:45,09:57:45,7.58,--,157,119006,买盘,2017-07-18,2017-07-18 09:57:45
09:57:48,09:57:48,7.58,--,49,37142,买盘,2017-07-18,2017-07-18 09:57:48
09:57:51,09:57:51,7.58,--,1,758,买盘,2017-07-18,2017-07-18 09:57:51
09:57:54,09:57:54,7.58,--,6,4548,买盘,2017-07-18,2017-07-18 09:57:54
09:57:57,09:57:57,7.59,0.01,208,157872,买盘,2017-07-18,2017-07-18 09:57:57
09:58:00,09:58:00,7.58,-0.01,10,7580,卖盘,2017-07-18,2017-07-18 09:58:00
09:58:03,09:58:03,7.58,--,189,143913,卖盘,2017-07-18,2017-07-18 09:58:03
09:58:06,09:58:06,7.59,0.01,13,9867,买盘,2017-07-18,2017-07-18 09:58:06
09:58:09,09:58:09,7.59,--,83,62997,买盘,2017-07-18,2017-07-18 09:58:09
09:58:12,09:58:12,7.6,0.01,70,53200,买盘,2017-07-18,2017-07-18 09:58:12
09:58:15,09:58:15,7.6,--,177,134520,买盘,2017-07-18,2017-07-18 09:58:15
09:58:18,09:58:18,7.58,-0.02,1628,1234130,卖盘,2017-07-18,2017-07-18 09:58:18
09:58:24,09:58:24,7.58,--,20,15160,买盘,2017-07-18,2017-07-18 09:58:24
09:58:27,09:58:27,7.58,--,34,25772,买盘,2017-07-18,2017-07-18 09:58:27
09:58:30,09:58:30,7.58,--,198,150084,买盘,2017-07-18,2017-07-18 09:58:30
09:58:33,09:58:33,7.58,--,300,227400,买盘,2017-07-18,2017-07-18 09:58:33
09:58:36,09:58:36,7.58,--,229,173582,买盘,2017-07-18,2017-07-18 09:58:36
09:58:39,09:58:39,7.61,0.03,323,245803,买盘,2017-07-18,2017-07-18 09:58:39
09:58:57,09:58:57,7.61,--,0,654,买盘,2017-07-18,2017-07-18 09:58:57
09:59:15,09:59:15,7.62,0.01,5,3810,买盘,2017-07-18,2017-07-18 09:59:15
09:59:21,09:59:21,7.61,-0.01,9,6955,卖盘,2017-07-18,2017-07-18 09:59:21
09:59:27,09:59:27,7.61,--,3,2937,买盘,2017-07-18,2017-07-18 09:59:27
09:59:33,09:59:33,7.61,--,10,7610,卖盘,2017-07-18,2017-07-18 09:59:33
09:59:36,09:59:36,7.61,--,25,19131,卖盘,2017-07-18,2017-07-18 09:59:36
09:59:42,09:59:42,7.61,--,10,7610,买盘,2017-07-18,2017-07-18 09:59:42
09:59:45,09:59:45,7.6,-0.01,2,1520,卖盘,2017-07-18,2017-07-18 09:59:45
09:59:51,09:59:51,7.6,--,10,7600,卖盘,2017-07-18,2017-07-18 09:59:51
09:59:54,09:59:54,7.61,0.01,10,7610,买盘,2017-07-18,2017-07-18 09:59:54
09:59:57,09:59:57,7.61,--,76,57836,买盘,2017-07-18,2017-07-18 09:59:57
10:00:03,10:00:03,7.61,--,20,15220,买盘,2017-07-18,2017-07-18 10:00:03
10:00:06,10:00:06,7.61,--,6,4566,买盘,2017-07-18,2017-07-18 10:00:06
10:00:12,10:00:12,7.61,--,5,3805,买盘,2017-07-18,2017-07-18 10:00:12
10:00:15,10:00:15,7.6,-0.01,15,11400,卖盘,2017-07-18,2017-07-18 10:00:15
10:00:18,10:00:18,7.61,0.01,7,5327,买盘,2017-07-18,2017-07-18 10:00:18
10:00:30,10:00:30,7.61,--,5,3805,买盘,2017-07-18,2017-07-18 10:00:30
10:00:33,10:00:33,7.61,--,10,7610,买盘,2017-07-18,2017-07-18 10:00:33
10:00:39,10:00:39,7.6,-0.01,40,30400,卖盘,2017-07-18,2017-07-18 10:00:39
10:00:42,10:00:42,7.61,0.01,136,103496,买盘,2017-07-18,2017-07-18 10:00:42
10:00:45,10:00:45,7.61,--,5,3805,买盘,2017-07-18,2017-07-18 10:00:45
10:00:48,10:00:48,7.61,--,48,37182,买盘,2017-07-18,2017-07-18 10:00:48
10:00:51,10:00:51,7.61,--,52,39572,卖盘,2017-07-18,2017-07-18 10:00:51
10:01:00,10:01:00,7.61,--,15,11415,卖盘,2017-07-18,2017-07-18 10:01:00
10:01:03,10:01:03,7.61,--,10,7610,卖盘,2017-07-18,2017-07-18 10:01:03
10:01:09,10:01:09,7.61,--,49,37289,卖盘,2017-07-18,2017-07-18 10:01:09
10:01:12,10:01:12,7.61,--,6,4566,卖盘,2017-07-18,2017-07-18 10:01:12
10:01:15,10:01:15,7.61,--,40,30440,卖盘,2017-07-18,2017-07-18 10:01:15
10:01:18,10:01:18,7.61,--,5,3805,卖盘,2017-07-18,2017-07-18 10:01:18
10:01:21,10:01:21,7.61,--,2,1522,卖盘,2017-07-18,2017-07-18 10:01:21
10:01:27,10:01:27,7.61,--,10,7610,卖盘,2017-07-18,2017-07-18 10:01:27
10:01:30,10:01:30,7.62,0.01,5,3810,买盘,2017-07-18,2017-07-18 10:01:30
10:01:36,10:01:36,7.61,-0.01,67,51093,卖盘,2017-07-18,2017-07-18 10:01:36
10:01:39,10:01:39,7.61,--,28,21308,买盘,2017-07-18,2017-07-18 10:01:39
10:01:45,10:01:45,7.61,--,4,3044,买盘,2017-07-18,2017-07-18 10:01:45
10:01:48,10:01:48,7.61,--,2,2176,买盘,2017-07-18,2017-07-18 10:01:48
10:01:54,10:01:54,7.62,0.01,462,352044,买盘,2017-07-18,2017-07-18 10:01:54
10:01:57,10:01:57,7.63,0.01,6,4578,买盘,2017-07-18,2017-07-18 10:01:57
10:02:00,10:02:00,7.61,-0.02,62,47182,卖盘,2017-07-18,2017-07-18 10:02:00
10:02:06,10:02:06,7.61,--,10,7610,卖盘,2017-07-18,2017-07-18 10:02:06
10:02:12,10:02:12,7.61,--,48,36634,卖盘,2017-07-18,2017-07-18 10:02:12
10:02:15,10:02:15,7.61,--,57,44031,买盘,2017-07-18,2017-07-18 10:02:15
10:02:18,10:02:18,7.62,0.01,503,383286,买盘,2017-07-18,2017-07-18 10:02:18
10:02:21,10:02:21,7.61,-0.01,15,11415,卖盘,2017-07-18,2017-07-18 10:02:21
10:02:27,10:02:27,7.61,--,30,22830,卖盘,2017-07-18,2017-07-18 10:02:27
10:02:30,10:02:30,7.62,0.01,5,3810,买盘,2017-07-18,2017-07-18 10:02:30
10:02:36,10:02:36,7.61,-0.01,10,7610,卖盘,2017-07-18,2017-07-18 10:02:36
10:02:42,10:02:42,7.61,--,113,85993,卖盘,2017-07-18,2017-07-18 10:02:42
10:02:45,10:02:45,7.61,--,3,2283,卖盘,2017-07-18,2017-07-18 10:02:45
10:02:48,10:02:48,7.61,--,31,23591,卖盘,2017-07-18,2017-07-18 10:02:48
10:02:51,10:02:51,7.61,--,165,125565,卖盘,2017-07-18,2017-07-18 10:02:51
10:02:54,10:02:54,7.61,--,146,111106,卖盘,2017-07-18,2017-07-18 10:02:54
10:03:00,10:03:00,7.62,0.01,5,3810,买盘,2017-07-18,2017-07-18 10:03:00
10:03:03,10:03:03,7.61,-0.01,20,15220,卖盘,2017-07-18,2017-07-18 10:03:03
10:03:06,10:03:06,7.62,0.01,206,156972,买盘,2017-07-18,2017-07-18 10:03:06
10:03:12,10:03:12,7.61,-0.01,64,48810,卖盘,2017-07-18,2017-07-18 10:03:12
10:03:21,10:03:21,7.62,0.01,200,152400,买盘,2017-07-18,2017-07-18 10:03:21
10:03:27,10:03:27,7.61,-0.01,151,114911,买盘,2017-07-18,2017-07-18 10:03:27
10:03:30,10:03:30,7.61,--,129,98169,买盘,2017-07-18,2017-07-18 10:03:30
10:03:33,10:03:33,7.63,0.02,192,147152,买盘,2017-07-18,2017-07-18 10:03:33
10:03:39,10:03:39,7.61,-0.02,73,55553,卖盘,2017-07-18,2017-07-18 10:03:39
10:03:42,10:03:42,7.61,--,71,54031,卖盘,2017-07-18,2017-07-18 10:03:42
10:03:45,10:03:45,7.63,0.02,102,77826,买盘,2017-07-18,2017-07-18 10:03:45
10:03:48,10:03:48,7.63,--,1,763,卖盘,2017-07-18,2017-07-18 10:03:48
10:03:51,10:03:51,7.63,--,6,4578,卖盘,2017-07-18,2017-07-18 10:03:51
10:03:54,10:03:54,7.63,--,50,38150,卖盘,2017-07-18,2017-07-18 10:03:54
10:04:00,10:04:00,7.64,0.01,5,3820,买盘,2017-07-18,2017-07-18 10:04:00
10:04:03,10:04:03,7.63,-0.01,21,16023,卖盘,2017-07-18,2017-07-18 10:04:03
10:04:09,10:04:09,7.64,0.01,14,10696,买盘,2017-07-18,2017-07-18 10:04:09
10:04:12,10:04:12,7.64,--,90,68760,买盘,2017-07-18,2017-07-18 10:04:12
10:04:15,10:04:15,7.63,-0.01,255,194565,卖盘,2017-07-18,2017-07-18 10:04:15
10:04:18,10:04:18,7.63,--,10,7630,卖盘,2017-07-18,2017-07-18 10:04:18
10:04:21,10:04:21,7.63,--,106,80878,卖盘,2017-07-18,2017-07-18 10:04:21
10:04:24,10:04:24,7.64,0.01,73,55772,买盘,2017-07-18,2017-07-18 10:04:24
10:04:30,10:04:30,7.65,0.01,6,4590,买盘,2017-07-18,2017-07-18 10:04:30
10:04:33,10:04:33,7.64,-0.01,35,26740,卖盘,2017-07-18,2017-07-18 10:04:33
10:04:42,10:04:42,7.64,--,24,18336,卖盘,2017-07-18,2017-07-18 10:04:42
10:04:45,10:04:45,7.64,--,150,114600,买盘,2017-07-18,2017-07-18 10:04:45
10:04:48,10:04:48,7.63,-0.01,2,1526,卖盘,2017-07-18,2017-07-18 10:04:48
10:04:54,10:04:54,7.64,0.01,20,15280,买盘,2017-07-18,2017-07-18 10:04:54
10:05:00,10:05:00,7.64,--,111,84804,买盘,2017-07-18,2017-07-18 10:05:00
10:05:06,10:05:06,7.63,-0.01,80,61040,卖盘,2017-07-18,2017-07-18 10:05:06
10:05:09,10:05:09,7.64,0.01,41,31324,买盘,2017-07-18,2017-07-18 10:05:09
10:05:12,10:05:12,7.63,-0.01,5,3815,卖盘,2017-07-18,2017-07-18 10:05:12
10:05:15,10:05:15,7.63,--,300,228900,卖盘,2017-07-18,2017-07-18 10:05:15
10:05:18,10:05:18,7.63,--,10,7630,卖盘,2017-07-18,2017-07-18 10:05:18
10:05:21,10:05:21,7.63,--,77,58751,卖盘,2017-07-18,2017-07-18 10:05:21
10:05:30,10:05:30,7.63,--,5,3815,买盘,2017-07-18,2017-07-18 10:05:30
10:05:39,10:05:39,7.62,-0.01,30,22860,卖盘,2017-07-18,2017-07-18 10:05:39
10:05:54,10:05:54,7.62,--,15,11430,卖盘,2017-07-18,2017-07-18 10:05:54
10:05:57,10:05:57,7.63,0.01,205,156415,买盘,2017-07-18,2017-07-18 10:05:57
10:06:00,10:06:00,7.63,--,5,3815,买盘,2017-07-18,2017-07-18 10:06:00
10:06:03,10:06:03,7.62,-0.01,2,1524,买盘,2017-07-18,2017-07-18 10:06:03
10:06:09,10:06:09,7.62,--,2,1524,买盘,2017-07-18,2017-07-18 10:06:09
10:06:12,10:06:12,7.62,--,26,19812,买盘,2017-07-18,2017-07-18 10:06:12
10:06:27,10:06:27,7.62,--,10,7620,卖盘,2017-07-18,2017-07-18 10:06:27
10:06:30,10:06:30,7.62,--,21,16002,卖盘,2017-07-18,2017-07-18 10:06:30
10:06:39,10:06:39,7.63,0.01,387,295281,买盘,2017-07-18,2017-07-18 10:06:39
10:06:42,10:06:42,7.61,-0.02,188,143068,卖盘,2017-07-18,2017-07-18 10:06:42
10:07:00,10:07:00,7.62,0.01,5,3810,中性盘,2017-07-18,2017-07-18 10:07:00
10:07:18,10:07:18,7.62,--,23,17526,买盘,2017-07-18,2017-07-18 10:07:18
10:07:21,10:07:21,7.62,--,48,36576,卖盘,2017-07-18,2017-07-18 10:07:21
10:07:27,10:07:27,7.62,--,34,25908,卖盘,2017-07-18,2017-07-18 10:07:27
10:07:30,10:07:30,7.62,--,52,39624,卖盘,2017-07-18,2017-07-18 10:07:30
10:07:33,10:07:33,7.61,-0.01,60,45660,卖盘,2017-07-18,2017-07-18 10:07:33
10:07:39,10:07:39,7.62,0.01,140,106680,买盘,2017-07-18,2017-07-18 10:07:39
10:07:57,10:07:57,7.62,--,50,38100,买盘,2017-07-18,2017-07-18 10:07:57
10:08:00,10:08:00,7.61,-0.01,297,226017,卖盘,2017-07-18,2017-07-18 10:08:00
10:08:03,10:08:03,7.61,--,51,38811,买盘,2017-07-18,2017-07-18 10:08:03
10:08:09,10:08:09,7.6,-0.01,10,7600,卖盘,2017-07-18,2017-07-18 10:08:09
10:08:12,10:08:12,7.6,--,100,76000,卖盘,2017-07-18,2017-07-18 10:08:12
10:08:15,10:08:15,7.6,--,21,15960,卖盘,2017-07-18,2017-07-18 10:08:15
10:08:18,10:08:18,7.6,--,56,42560,卖盘,2017-07-18,2017-07-18 10:08:18
10:08:21,10:08:21,7.59,-0.01,44,33396,卖盘,2017-07-18,2017-07-18 10:08:21
10:08:24,10:08:24,7.6,0.01,20,15200,买盘,2017-07-18,2017-07-18 10:08:24
10:08:33,10:08:33,7.6,--,5,3800,买盘,2017-07-18,2017-07-18 10:08:33
10:08:36,10:08:36,7.59,-0.01,13,9867,卖盘,2017-07-18,2017-07-18 10:08:36
10:08:39,10:08:39,7.59,--,100,75900,卖盘,2017-07-18,2017-07-18 10:08:39
10:08:42,10:08:42,7.59,--,11,8349,卖盘,2017-07-18,2017-07-18 10:08:42
10:08:45,10:08:45,7.59,--,4,3036,卖盘,2017-07-18,2017-07-18 10:08:45
10:08:48,10:08:48,7.59,--,70,53130,卖盘,2017-07-18,2017-07-18 10:08:48
10:08:51,10:08:51,7.59,--,58,44022,卖盘,2017-07-18,2017-07-18 10:08:51
10:08:54,10:08:54,7.59,--,156,118404,卖盘,2017-07-18,2017-07-18 10:08:54
10:09:03,10:09:03,7.58,-0.01,45,34110,卖盘,2017-07-18,2017-07-18 10:09:03
10:09:06,10:09:06,7.58,--,60,45480,卖盘,2017-07-18,2017-07-18 10:09:06
10:09:12,10:09:12,7.58,--,3,2274,卖盘,2017-07-18,2017-07-18 10:09:12
10:09:15,10:09:15,7.57,-0.01,188,142316,卖盘,2017-07-18,2017-07-18 10:09:15
10:09:24,10:09:24,7.57,--,10,7570,卖盘,2017-07-18,2017-07-18 10:09:24
10:09:27,10:09:27,7.57,--,5,3785,卖盘,2017-07-18,2017-07-18 10:09:27
10:09:33,10:09:33,7.57,--,35,26495,卖盘,2017-07-18,2017-07-18 10:09:33
10:09:36,10:09:36,7.58,0.01,35,26530,买盘,2017-07-18,2017-07-18 10:09:36
10:09:42,10:09:42,7.57,-0.01,69,52233,卖盘,2017-07-18,2017-07-18 10:09:42
10:09:45,10:09:45,7.57,--,20,15140,卖盘,2017-07-18,2017-07-18 10:09:45
10:09:48,10:09:48,7.57,--,15,11355,卖盘,2017-07-18,2017-07-18 10:09:48
10:09:51,10:09:51,7.58,0.01,75,56850,买盘,2017-07-18,2017-07-18 10:09:51
10:09:54,10:09:54,7.57,-0.01,32,24224,卖盘,2017-07-18,2017-07-18 10:09:54
10:09:57,10:09:57,7.58,0.01,32,24256,买盘,2017-07-18,2017-07-18 10:09:57
10:10:00,10:10:00,7.58,--,50,37900,买盘,2017-07-18,2017-07-18 10:10:00
10:10:03,10:10:03,7.58,--,6,4548,买盘,2017-07-18,2017-07-18 10:10:03
10:10:09,10:10:09,7.58,--,91,68978,买盘,2017-07-18,2017-07-18 10:10:09
10:10:12,10:10:12,7.58,--,10,7580,卖盘,2017-07-18,2017-07-18 10:10:12
10:10:15,10:10:15,7.58,--,1,758,卖盘,2017-07-18,2017-07-18 10:10:15
10:10:21,10:10:21,7.58,--,50,37900,卖盘,2017-07-18,2017-07-18 10:10:21
10:10:27,10:10:27,7.58,--,6,4548,卖盘,2017-07-18,2017-07-18 10:10:27
10:10:30,10:10:30,7.59,0.01,69,52371,买盘,2017-07-18,2017-07-18 10:10:30
10:10:33,10:10:33,7.59,--,25,18975,买盘,2017-07-18,2017-07-18 10:10:33
10:10:36,10:10:36,7.59,--,10,7590,卖盘,2017-07-18,2017-07-18 10:10:36
10:10:39,10:10:39,7.6,0.01,40,30400,买盘,2017-07-18,2017-07-18 10:10:39
10:10:42,10:10:42,7.6,--,87,66120,买盘,2017-07-18,2017-07-18 10:10:42
10:10:45,10:10:45,7.6,--,49,37240,买盘,2017-07-18,2017-07-18 10:10:45
10:10:51,10:10:51,7.6,--,10,7600,卖盘,2017-07-18,2017-07-18 10:10:51
10:10:54,10:10:54,7.61,0.01,23,17503,买盘,2017-07-18,2017-07-18 10:10:54
10:10:57,10:10:57,7.6,-0.01,30,22800,卖盘,2017-07-18,2017-07-18 10:10:57
10:11:00,10:11:00,7.61,0.01,41,31201,买盘,2017-07-18,2017-07-18 10:11:00
10:11:06,10:11:06,7.61,--,10,7610,卖盘,2017-07-18,2017-07-18 10:11:06
10:11:09,10:11:09,7.61,--,101,76861,卖盘,2017-07-18,2017-07-18 10:11:09
10:11:12,10:11:12,7.61,--,10,7610,卖盘,2017-07-18,2017-07-18 10:11:12
10:11:15,10:11:15,7.62,0.01,252,192024,买盘,2017-07-18,2017-07-18 10:11:15
10:11:24,10:11:24,7.63,0.01,36,27468,买盘,2017-07-18,2017-07-18 10:11:24
10:11:33,10:11:33,7.63,--,5,3815,买盘,2017-07-18,2017-07-18 10:11:33
10:11:39,10:11:39,7.63,--,372,283836,买盘,2017-07-18,2017-07-18 10:11:39
10:11:42,10:11:42,7.63,--,10,7630,卖盘,2017-07-18,2017-07-18 10:11:42
10:11:45,10:11:45,7.63,--,14,10682,卖盘,2017-07-18,2017-07-18 10:11:45
10:11:48,10:11:48,7.63,--,8,6104,卖盘,2017-07-18,2017-07-18 10:11:48
10:11:51,10:11:51,7.63,--,5,3815,卖盘,2017-07-18,2017-07-18 10:11:51
10:11:54,10:11:54,7.63,--,53,40439,卖盘,2017-07-18,2017-07-18 10:11:54
10:12:00,10:12:00,7.63,--,26,19838,买盘,2017-07-18,2017-07-18 10:12:00
10:12:03,10:12:03,7.63,--,5,3815,买盘,2017-07-18,2017-07-18 10:12:03
10:12:09,10:12:09,7.63,--,47,35861,买盘,2017-07-18,2017-07-18 10:12:09
10:12:12,10:12:12,7.63,--,55,41965,买盘,2017-07-18,2017-07-18 10:12:12
10:12:15,10:12:15,7.63,--,64,48832,卖盘,2017-07-18,2017-07-18 10:12:15
10:12:21,10:12:21,7.63,--,23,17549,卖盘,2017-07-18,2017-07-18 10:12:21
10:12:24,10:12:24,7.64,0.01,26,19864,买盘,2017-07-18,2017-07-18 10:12:24
10:12:30,10:12:30,7.64,--,371,283444,买盘,2017-07-18,2017-07-18 10:12:30
10:12:33,10:12:33,7.64,--,5,3820,买盘,2017-07-18,2017-07-18 10:12:33
10:12:36,10:12:36,7.65,0.01,26,19890,买盘,2017-07-18,2017-07-18 10:12:36
10:12:42,10:12:42,7.65,--,876,670140,买盘,2017-07-18,2017-07-18 10:12:42
10:12:48,10:12:48,7.66,0.01,8,6128,买盘,2017-07-18,2017-07-18 10:12:48
10:12:51,10:12:51,7.65,-0.01,16,12240,卖盘,2017-07-18,2017-07-18 10:12:51
10:12:54,10:12:54,7.65,--,127,97155,卖盘,2017-07-18,2017-07-18 10:12:54
10:12:57,10:12:57,7.65,--,10,7650,卖盘,2017-07-18,2017-07-18 10:12:57
10:13:00,10:13:00,7.66,0.01,26,19916,买盘,2017-07-18,2017-07-18 10:13:00
10:13:03,10:13:03,7.66,--,86,65876,买盘,2017-07-18,2017-07-18 10:13:03
10:13:06,10:13:06,7.66,--,43,32938,买盘,2017-07-18,2017-07-18 10:13:06
10:13:09,10:13:09,7.65,-0.01,50,38250,卖盘,2017-07-18,2017-07-18 10:13:09
10:13:12,10:13:12,7.66,0.01,141,108006,买盘,2017-07-18,2017-07-18 10:13:12
10:13:15,10:13:15,7.66,--,25,19150,买盘,2017-07-18,2017-07-18 10:13:15
10:13:18,10:13:18,7.66,--,10,7660,买盘,2017-07-18,2017-07-18 10:13:18
10:13:21,10:13:21,7.66,--,133,101878,买盘,2017-07-18,2017-07-18 10:13:21
10:13:30,10:13:30,7.66,--,29,22214,买盘,2017-07-18,2017-07-18 10:13:30
10:13:33,10:13:33,7.66,--,10,7660,卖盘,2017-07-18,2017-07-18 10:13:33
10:13:36,10:13:36,7.67,0.01,26,19942,买盘,2017-07-18,2017-07-18 10:13:36
10:13:39,10:13:39,7.66,-0.01,31,23746,卖盘,2017-07-18,2017-07-18 10:13:39
10:13:42,10:13:42,7.67,0.01,54,41418,买盘,2017-07-18,2017-07-18 10:13:42
10:13:45,10:13:45,7.67,--,100,76700,买盘,2017-07-18,2017-07-18 10:13:45
10:13:48,10:13:48,7.66,-0.01,146,111836,卖盘,2017-07-18,2017-07-18 10:13:48
10:13:51,10:13:51,7.67,0.01,6,4602,买盘,2017-07-18,2017-07-18 10:13:51
10:13:54,10:13:54,7.67,--,327,250809,买盘,2017-07-18,2017-07-18 10:13:54
10:13:57,10:13:57,7.67,--,69,52923,买盘,2017-07-18,2017-07-18 10:13:57
10:14:03,10:14:03,7.67,--,5,3835,买盘,2017-07-18,2017-07-18 10:14:03
10:14:06,10:14:06,7.66,-0.01,25,19150,卖盘,2017-07-18,2017-07-18 10:14:06
10:14:09,10:14:09,7.67,0.01,31,23777,买盘,2017-07-18,2017-07-18 10:14:09
10:14:12,10:14:12,7.66,-0.01,14,10724,卖盘,2017-07-18,2017-07-18 10:14:12
10:14:15,10:14:15,7.67,0.01,54,41418,买盘,2017-07-18,2017-07-18 10:14:15
10:14:18,10:14:18,7.66,-0.01,16,12256,卖盘,2017-07-18,2017-07-18 10:14:18
10:14:21,10:14:21,7.66,--,58,44428,卖盘,2017-07-18,2017-07-18 10:14:21
10:14:27,10:14:27,7.65,-0.01,23,17595,卖盘,2017-07-18,2017-07-18 10:14:27
10:14:30,10:14:30,7.65,--,70,53550,卖盘,2017-07-18,2017-07-18 10:14:30
10:14:33,10:14:33,7.67,0.02,451,345917,买盘,2017-07-18,2017-07-18 10:14:33
10:14:39,10:14:39,7.67,--,56,42952,卖盘,2017-07-18,2017-07-18 10:14:39
10:14:42,10:14:42,7.66,-0.01,127,97282,买盘,2017-07-18,2017-07-18 10:14:42
10:14:51,10:14:51,7.65,-0.01,50,38250,卖盘,2017-07-18,2017-07-18 10:14:51
10:14:54,10:14:54,7.65,--,37,28305,卖盘,2017-07-18,2017-07-18 10:14:54
10:14:57,10:14:57,7.66,0.01,34,26044,买盘,2017-07-18,2017-07-18 10:14:57
10:15:00,10:15:00,7.66,--,1,766,买盘,2017-07-18,2017-07-18 10:15:00
10:15:03,10:15:03,7.66,--,5,3830,买盘,2017-07-18,2017-07-18 10:15:03
10:15:09,10:15:09,7.63,-0.03,1,763,卖盘,2017-07-18,2017-07-18 10:15:09
10:15:18,10:15:18,7.65,0.02,194,148410,买盘,2017-07-18,2017-07-18 10:15:18
10:15:21,10:15:21,7.64,-0.01,7,5348,卖盘,2017-07-18,2017-07-18 10:15:21
10:15:24,10:15:24,7.64,--,45,34380,卖盘,2017-07-18,2017-07-18 10:15:24
10:15:30,10:15:30,7.64,--,93,71052,买盘,2017-07-18,2017-07-18 10:15:30
10:15:33,10:15:33,7.64,--,17,12988,买盘,2017-07-18,2017-07-18 10:15:33
10:15:36,10:15:36,7.63,-0.01,134,102242,卖盘,2017-07-18,2017-07-18 10:15:36
10:15:39,10:15:39,7.63,--,11,8393,买盘,2017-07-18,2017-07-18 10:15:39
10:15:45,10:15:45,7.63,--,11,8393,买盘,2017-07-18,2017-07-18 10:15:45
10:15:48,10:15:48,7.63,--,11,8393,买盘,2017-07-18,2017-07-18 10:15:48
10:15:51,10:15:51,7.62,-0.01,29,22098,卖盘,2017-07-18,2017-07-18 10:15:51
10:15:54,10:15:54,7.62,--,50,38100,卖盘,2017-07-18,2017-07-18 10:15:54
10:16:00,10:16:00,7.62,--,304,231648,卖盘,2017-07-18,2017-07-18 10:16:00
10:16:03,10:16:03,7.63,0.01,5,3815,买盘,2017-07-18,2017-07-18 10:16:03
10:16:06,10:16:06,7.63,--,195,148785,买盘,2017-07-18,2017-07-18 10:16:06
10:16:15,10:16:15,7.64,0.01,6,4584,中性盘,2017-07-18,2017-07-18 10:16:15
10:16:24,10:16:24,7.65,0.01,30,22950,买盘,2017-07-18,2017-07-18 10:16:24
10:16:27,10:16:27,7.65,--,60,45900,买盘,2017-07-18,2017-07-18 10:16:27
10:16:30,10:16:30,7.65,--,12,9180,卖盘,2017-07-18,2017-07-18 10:16:30
10:16:33,10:16:33,7.66,0.01,18,13788,买盘,2017-07-18,2017-07-18 10:16:33
10:16:39,10:16:39,7.65,-0.01,42,32130,卖盘,2017-07-18,2017-07-18 10:16:39
10:16:42,10:16:42,7.66,0.01,50,38300,买盘,2017-07-18,2017-07-18 10:16:42
10:16:45,10:16:45,7.66,--,6,4596,买盘,2017-07-18,2017-07-18 10:16:45
10:16:48,10:16:48,7.65,-0.01,10,7650,卖盘,2017-07-18,2017-07-18 10:16:48
10:16:51,10:16:51,7.66,0.01,8,6128,买盘,2017-07-18,2017-07-18 10:16:51
10:17:03,10:17:03,7.66,--,15,11490,买盘,2017-07-18,2017-07-18 10:17:03
10:17:06,10:17:06,7.66,--,385,294910,买盘,2017-07-18,2017-07-18 10:17:06
10:17:15,10:17:15,7.67,0.01,301,230867,买盘,2017-07-18,2017-07-18 10:17:15
10:17:18,10:17:18,7.67,--,57,43719,卖盘,2017-07-18,2017-07-18 10:17:18
10:17:21,10:17:21,7.67,--,22,16874,卖盘,2017-07-18,2017-07-18 10:17:21
10:17:27,10:17:27,7.68,0.01,72,55296,买盘,2017-07-18,2017-07-18 10:17:27
10:17:30,10:17:30,7.68,--,22,16896,买盘,2017-07-18,2017-07-18 10:17:30
10:17:33,10:17:33,7.67,-0.01,656,503152,卖盘,2017-07-18,2017-07-18 10:17:33
10:17:36,10:17:36,7.68,0.01,379,291072,买盘,2017-07-18,2017-07-18 10:17:36
10:17:42,10:17:42,7.68,--,10,7680,卖盘,2017-07-18,2017-07-18 10:17:42
10:17:45,10:17:45,7.68,--,14,10752,卖盘,2017-07-18,2017-07-18 10:17:45
10:17:48,10:17:48,7.68,--,120,92160,卖盘,2017-07-18,2017-07-18 10:17:48
10:17:54,10:17:54,7.68,--,238,182784,买盘,2017-07-18,2017-07-18 10:17:54
10:18:00,10:18:00,7.67,-0.01,119,91273,卖盘,2017-07-18,2017-07-18 10:18:00
10:18:03,10:18:03,7.69,0.02,79,60751,买盘,2017-07-18,2017-07-18 10:18:03
10:18:06,10:18:06,7.68,-0.01,19,14592,买盘,2017-07-18,2017-07-18 10:18:06
10:18:09,10:18:09,7.68,--,10,7680,卖盘,2017-07-18,2017-07-18 10:18:09
10:18:15,10:18:15,7.68,--,340,261120,卖盘,2017-07-18,2017-07-18 10:18:15
10:18:21,10:18:21,7.68,--,148,113664,买盘,2017-07-18,2017-07-18 10:18:21
10:18:27,10:18:27,7.68,--,5,3840,买盘,2017-07-18,2017-07-18 10:18:27
10:18:33,10:18:33,7.68,--,23,17664,买盘,2017-07-18,2017-07-18 10:18:33
10:18:36,10:18:36,7.68,--,34,26112,买盘,2017-07-18,2017-07-18 10:18:36
10:18:39,10:18:39,7.68,--,19,14592,买盘,2017-07-18,2017-07-18 10:18:39
10:18:48,10:18:48,7.68,--,30,23040,买盘,2017-07-18,2017-07-18 10:18:48
10:18:51,10:18:51,7.67,-0.01,101,77467,卖盘,2017-07-18,2017-07-18 10:18:51
10:19:00,10:19:00,7.66,-0.01,26,19916,卖盘,2017-07-18,2017-07-18 10:19:00
10:19:06,10:19:06,7.66,--,5,3830,买盘,2017-07-18,2017-07-18 10:19:06
10:19:09,10:19:09,7.65,-0.01,10,7650,卖盘,2017-07-18,2017-07-18 10:19:09
10:19:12,10:19:12,7.65,--,100,76500,卖盘,2017-07-18,2017-07-18 10:19:12
10:19:15,10:19:15,7.66,0.01,21,16086,买盘,2017-07-18,2017-07-18 10:19:15
10:19:24,10:19:24,7.65,-0.01,208,159120,卖盘,2017-07-18,2017-07-18 10:19:24
10:19:30,10:19:30,7.65,--,10,7650,卖盘,2017-07-18,2017-07-18 10:19:30
10:19:33,10:19:33,7.65,--,35,26775,卖盘,2017-07-18,2017-07-18 10:19:33
10:19:36,10:19:36,7.66,0.01,6,4596,买盘,2017-07-18,2017-07-18 10:19:36
10:19:39,10:19:39,7.66,--,15,11490,买盘,2017-07-18,2017-07-18 10:19:39
10:19:42,10:19:42,7.65,-0.01,64,48960,卖盘,2017-07-18,2017-07-18 10:19:42
10:19:45,10:19:45,7.65,--,10,7650,卖盘,2017-07-18,2017-07-18 10:19:45
10:19:48,10:19:48,7.65,--,20,15300,卖盘,2017-07-18,2017-07-18 10:19:48
10:19:51,10:19:51,7.65,--,2,1530,卖盘,2017-07-18,2017-07-18 10:19:51
10:19:54,10:19:54,7.66,0.01,50,38300,买盘,2017-07-18,2017-07-18 10:19:54
10:19:57,10:19:57,7.65,-0.01,4,3060,卖盘,2017-07-18,2017-07-18 10:19:57
10:20:00,10:20:00,7.65,--,22,16830,卖盘,2017-07-18,2017-07-18 10:20:00
10:20:03,10:20:03,7.65,--,3,2295,卖盘,2017-07-18,2017-07-18 10:20:03
10:20:06,10:20:06,7.64,-0.01,198,151272,卖盘,2017-07-18,2017-07-18 10:20:06
10:20:09,10:20:09,7.64,--,6,4584,买盘,2017-07-18,2017-07-18 10:20:09
10:20:12,10:20:12,7.64,--,9,6876,买盘,2017-07-18,2017-07-18 10:20:12
10:20:18,10:20:18,7.63,-0.01,176,134288,卖盘,2017-07-18,2017-07-18 10:20:18
10:20:21,10:20:21,7.64,0.01,104,79456,买盘,2017-07-18,2017-07-18 10:20:21
10:20:30,10:20:30,7.65,0.01,131,100215,买盘,2017-07-18,2017-07-18 10:20:30
10:20:33,10:20:33,7.65,--,11,8415,卖盘,2017-07-18,2017-07-18 10:20:33
10:20:36,10:20:36,7.65,--,65,49725,卖盘,2017-07-18,2017-07-18 10:20:36
10:20:39,10:20:39,7.65,--,2,1530,卖盘,2017-07-18,2017-07-18 10:20:39
10:20:45,10:20:45,7.65,--,20,15300,卖盘,2017-07-18,2017-07-18 10:20:45
10:20:48,10:20:48,7.66,0.01,2,1532,买盘,2017-07-18,2017-07-18 10:20:48
10:20:51,10:20:51,7.65,-0.01,20,15300,卖盘,2017-07-18,2017-07-18 10:20:51
10:20:54,10:20:54,7.65,--,20,15300,卖盘,2017-07-18,2017-07-18 10:20:54
10:21:00,10:21:00,7.66,0.01,2,1532,买盘,2017-07-18,2017-07-18 10:21:00
10:21:03,10:21:03,7.65,-0.01,53,40545,卖盘,2017-07-18,2017-07-18 10:21:03
10:21:06,10:21:06,7.65,--,5,3825,买盘,2017-07-18,2017-07-18 10:21:06
10:21:09,10:21:09,7.65,--,11,8415,买盘,2017-07-18,2017-07-18 10:21:09
10:21:12,10:21:12,7.65,--,39,29835,买盘,2017-07-18,2017-07-18 10:21:12
10:21:21,10:21:21,7.65,--,45,34425,卖盘,2017-07-18,2017-07-18 10:21:21
10:21:24,10:21:24,7.66,0.01,122,93452,买盘,2017-07-18,2017-07-18 10:21:24
10:21:30,10:21:30,7.64,-0.02,35,26740,卖盘,2017-07-18,2017-07-18 10:21:30
10:21:33,10:21:33,7.66,0.02,20,15320,买盘,2017-07-18,2017-07-18 10:21:33
10:21:36,10:21:36,7.65,-0.01,14,10710,买盘,2017-07-18,2017-07-18 10:21:36
10:21:39,10:21:39,7.65,--,1,765,买盘,2017-07-18,2017-07-18 10:21:39
10:21:42,10:21:42,7.66,0.01,49,37534,买盘,2017-07-18,2017-07-18 10:21:42
10:21:45,10:21:45,7.66,--,30,22980,卖盘,2017-07-18,2017-07-18 10:21:45
10:21:48,10:21:48,7.66,--,1,766,卖盘,2017-07-18,2017-07-18 10:21:48
10:21:51,10:21:51,7.66,--,20,15320,卖盘,2017-07-18,2017-07-18 10:21:51
10:22:00,10:22:00,7.67,0.01,27,20709,买盘,2017-07-18,2017-07-18 10:22:00
10:22:03,10:22:03,7.67,--,216,165672,买盘,2017-07-18,2017-07-18 10:22:03
10:22:12,10:22:12,7.67,--,30,23010,卖盘,2017-07-18,2017-07-18 10:22:12
10:22:15,10:22:15,7.67,--,10,7670,卖盘,2017-07-18,2017-07-18 10:22:15
10:22:18,10:22:18,7.68,0.01,101,77568,买盘,2017-07-18,2017-07-18 10:22:18
10:22:21,10:22:21,7.67,-0.01,10,7670,卖盘,2017-07-18,2017-07-18 10:22:21
10:22:24,10:22:24,7.68,0.01,46,35328,买盘,2017-07-18,2017-07-18 10:22:24
10:22:30,10:22:30,7.68,--,176,135168,买盘,2017-07-18,2017-07-18 10:22:30
10:22:33,10:22:33,7.68,--,23,17664,买盘,2017-07-18,2017-07-18 10:22:33
10:22:36,10:22:36,7.7,0.02,600,462000,买盘,2017-07-18,2017-07-18 10:22:36
10:22:39,10:22:39,7.68,-0.02,20,15360,卖盘,2017-07-18,2017-07-18 10:22:39
10:22:45,10:22:45,7.68,--,8,6144,卖盘,2017-07-18,2017-07-18 10:22:45
10:22:48,10:22:48,7.7,0.02,303,233310,买盘,2017-07-18,2017-07-18 10:22:48
10:22:54,10:22:54,7.73,0.03,544,420512,买盘,2017-07-18,2017-07-18 10:22:54
10:23:00,10:23:00,7.74,0.01,15,11610,买盘,2017-07-18,2017-07-18 10:23:00
10:23:03,10:23:03,7.75,0.01,508,393700,买盘,2017-07-18,2017-07-18 10:23:03
10:23:09,10:23:09,7.74,-0.01,418,323532,中性盘,2017-07-18,2017-07-18 10:23:09
10:23:12,10:23:12,7.75,0.01,238,184450,买盘,2017-07-18,2017-07-18 10:23:12
10:23:15,10:23:15,7.76,0.01,140,108640,买盘,2017-07-18,2017-07-18 10:23:15
10:23:18,10:23:18,7.76,--,142,110192,买盘,2017-07-18,2017-07-18 10:23:18
10:23:21,10:23:21,7.77,0.01,112,87024,买盘,2017-07-18,2017-07-18 10:23:21
10:23:24,10:23:24,7.76,-0.01,487,377912,中性盘,2017-07-18,2017-07-18 10:23:24
10:23:27,10:23:27,7.76,--,30,23280,买盘,2017-07-18,2017-07-18 10:23:27
10:23:30,10:23:30,7.76,--,150,116400,买盘,2017-07-18,2017-07-18 10:23:30
10:23:33,10:23:33,7.75,-0.01,180,139500,卖盘,2017-07-18,2017-07-18 10:23:33
10:23:36,10:23:36,7.77,0.02,570,442890,买盘,2017-07-18,2017-07-18 10:23:36
10:23:39,10:23:39,7.76,-0.01,53,41128,卖盘,2017-07-18,2017-07-18 10:23:39
10:23:42,10:23:42,7.76,--,510,395760,卖盘,2017-07-18,2017-07-18 10:23:42
10:23:45,10:23:45,7.77,0.01,80,62160,买盘,2017-07-18,2017-07-18 10:23:45
10:23:48,10:23:48,7.77,--,36,27972,卖盘,2017-07-18,2017-07-18 10:23:48
10:23:51,10:23:51,7.77,--,56,43512,卖盘,2017-07-18,2017-07-18 10:23:51
10:23:57,10:23:57,7.77,--,58,45066,买盘,2017-07-18,2017-07-18 10:23:57
10:24:00,10:24:00,7.76,-0.01,66,51216,卖盘,2017-07-18,2017-07-18 10:24:00
10:24:03,10:24:03,7.77,0.01,13,10101,买盘,2017-07-18,2017-07-18 10:24:03
10:24:06,10:24:06,7.76,-0.01,156,121056,卖盘,2017-07-18,2017-07-18 10:24:06
10:24:09,10:24:09,7.76,--,126,97776,卖盘,2017-07-18,2017-07-18 10:24:09
10:24:15,10:24:15,7.76,--,99,76824,买盘,2017-07-18,2017-07-18 10:24:15
10:24:18,10:24:18,7.75,-0.01,63,48825,卖盘,2017-07-18,2017-07-18 10:24:18
10:24:21,10:24:21,7.75,--,33,25575,卖盘,2017-07-18,2017-07-18 10:24:21
10:24:27,10:24:27,7.74,-0.01,20,15480,中性盘,2017-07-18,2017-07-18 10:24:27
10:24:30,10:24:30,7.71,-0.03,71,54741,卖盘,2017-07-18,2017-07-18 10:24:30
10:24:33,10:24:33,7.75,0.04,11,8525,买盘,2017-07-18,2017-07-18 10:24:33
10:24:36,10:24:36,7.75,--,20,15500,买盘,2017-07-18,2017-07-18 10:24:36
10:24:39,10:24:39,7.71,-0.04,50,38550,卖盘,2017-07-18,2017-07-18 10:24:39
10:24:48,10:24:48,7.71,--,160,123360,卖盘,2017-07-18,2017-07-18 10:24:48
10:24:51,10:24:51,7.71,--,48,37008,买盘,2017-07-18,2017-07-18 10:24:51
10:24:54,10:24:54,7.7,-0.01,20,15400,卖盘,2017-07-18,2017-07-18 10:24:54
10:25:03,10:25:03,7.7,--,124,95480,卖盘,2017-07-18,2017-07-18 10:25:03
10:25:06,10:25:06,7.71,0.01,187,144177,买盘,2017-07-18,2017-07-18 10:25:06
10:25:12,10:25:12,7.71,--,55,42405,买盘,2017-07-18,2017-07-18 10:25:12
10:25:15,10:25:15,7.71,--,98,75558,买盘,2017-07-18,2017-07-18 10:25:15
10:25:18,10:25:18,7.7,-0.01,20,15400,卖盘,2017-07-18,2017-07-18 10:25:18
10:25:21,10:25:21,7.71,0.01,44,33924,买盘,2017-07-18,2017-07-18 10:25:21
10:25:24,10:25:24,7.71,--,30,23130,买盘,2017-07-18,2017-07-18 10:25:24
10:25:27,10:25:27,7.7,-0.01,200,154000,卖盘,2017-07-18,2017-07-18 10:25:27
10:25:30,10:25:30,7.7,--,18,13860,卖盘,2017-07-18,2017-07-18 10:25:30
10:25:33,10:25:33,7.7,--,57,43890,卖盘,2017-07-18,2017-07-18 10:25:33
10:25:36,10:25:36,7.7,--,18,13860,买盘,2017-07-18,2017-07-18 10:25:36
10:25:42,10:25:42,7.71,0.01,273,210483,买盘,2017-07-18,2017-07-18 10:25:42
10:25:54,10:25:54,7.73,0.02,48,37104,买盘,2017-07-18,2017-07-18 10:25:54
10:25:57,10:25:57,7.73,--,95,73435,买盘,2017-07-18,2017-07-18 10:25:57
10:26:06,10:26:06,7.74,0.01,6,4644,买盘,2017-07-18,2017-07-18 10:26:06
10:26:09,10:26:09,7.74,--,56,43344,买盘,2017-07-18,2017-07-18 10:26:09
10:26:12,10:26:12,7.74,--,100,77400,买盘,2017-07-18,2017-07-18 10:26:12
10:26:15,10:26:15,7.73,-0.01,59,45607,卖盘,2017-07-18,2017-07-18 10:26:15
10:26:18,10:26:18,7.74,0.01,33,25542,买盘,2017-07-18,2017-07-18 10:26:18
10:26:21,10:26:21,7.75,0.01,45,34875,买盘,2017-07-18,2017-07-18 10:26:21
10:26:24,10:26:24,7.73,-0.02,37,28601,卖盘,2017-07-18,2017-07-18 10:26:24
10:26:30,10:26:30,7.75,0.02,339,262725,买盘,2017-07-18,2017-07-18 10:26:30
10:26:33,10:26:33,7.75,--,30,23250,卖盘,2017-07-18,2017-07-18 10:26:33
10:26:36,10:26:36,7.75,--,30,23250,卖盘,2017-07-18,2017-07-18 10:26:36
10:26:39,10:26:39,7.75,--,32,24800,卖盘,2017-07-18,2017-07-18 10:26:39
10:26:42,10:26:42,7.75,--,75,58125,卖盘,2017-07-18,2017-07-18 10:26:42
10:26:45,10:26:45,7.75,--,151,117025,卖盘,2017-07-18,2017-07-18 10:26:45
10:26:48,10:26:48,7.74,-0.01,77,59598,卖盘,2017-07-18,2017-07-18 10:26:48
10:26:54,10:26:54,7.75,0.01,178,137950,买盘,2017-07-18,2017-07-18 10:26:54
10:27:00,10:27:00,7.74,-0.01,4,3096,中性盘,2017-07-18,2017-07-18 10:27:00
10:27:03,10:27:03,7.74,--,95,73530,卖盘,2017-07-18,2017-07-18 10:27:03
10:27:06,10:27:06,7.73,-0.01,90,69570,卖盘,2017-07-18,2017-07-18 10:27:06
10:27:18,10:27:18,7.72,-0.01,20,15440,卖盘,2017-07-18,2017-07-18 10:27:18
10:27:21,10:27:21,7.72,--,20,15440,卖盘,2017-07-18,2017-07-18 10:27:21
10:27:24,10:27:24,7.73,0.01,21,16233,买盘,2017-07-18,2017-07-18 10:27:24
10:27:27,10:27:27,7.72,-0.01,45,34740,卖盘,2017-07-18,2017-07-18 10:27:27
10:27:30,10:27:30,7.72,--,58,44776,卖盘,2017-07-18,2017-07-18 10:27:30
10:27:36,10:27:36,7.73,0.01,27,20871,买盘,2017-07-18,2017-07-18 10:27:36
10:27:39,10:27:39,7.71,-0.02,50,38550,卖盘,2017-07-18,2017-07-18 10:27:39
10:27:45,10:27:45,7.72,0.01,50,38600,中性盘,2017-07-18,2017-07-18 10:27:45
10:27:54,10:27:54,7.72,--,1,772,买盘,2017-07-18,2017-07-18 10:27:54
10:28:00,10:28:00,7.71,-0.01,39,30069,卖盘,2017-07-18,2017-07-18 10:28:00
10:28:03,10:28:03,7.71,--,4,3084,卖盘,2017-07-18,2017-07-18 10:28:03
10:28:06,10:28:06,7.72,0.01,5,3860,买盘,2017-07-18,2017-07-18 10:28:06
10:28:09,10:28:09,7.72,--,35,27020,买盘,2017-07-18,2017-07-18 10:28:09
10:28:12,10:28:12,7.72,--,66,50952,买盘,2017-07-18,2017-07-18 10:28:12
10:28:15,10:28:15,7.72,--,72,55584,买盘,2017-07-18,2017-07-18 10:28:15
10:28:18,10:28:18,7.72,--,29,22388,买盘,2017-07-18,2017-07-18 10:28:18
10:28:27,10:28:27,7.72,--,31,23932,中性盘,2017-07-18,2017-07-18 10:28:27
10:28:33,10:28:33,7.72,--,40,30880,卖盘,2017-07-18,2017-07-18 10:28:33
10:28:36,10:28:36,7.73,0.01,1,773,买盘,2017-07-18,2017-07-18 10:28:36
10:28:39,10:28:39,7.73,--,5,3865,买盘,2017-07-18,2017-07-18 10:28:39
10:28:45,10:28:45,7.72,-0.01,100,77200,卖盘,2017-07-18,2017-07-18 10:28:45
10:28:48,10:28:48,7.73,0.01,100,77300,买盘,2017-07-18,2017-07-18 10:28:48
10:28:51,10:28:51,7.73,--,66,51018,买盘,2017-07-18,2017-07-18 10:28:51
10:28:57,10:28:57,7.73,--,76,58748,买盘,2017-07-18,2017-07-18 10:28:57
10:29:00,10:29:00,7.72,-0.01,6,4632,卖盘,2017-07-18,2017-07-18 10:29:00
10:29:03,10:29:03,7.72,--,40,30880,卖盘,2017-07-18,2017-07-18 10:29:03
10:29:06,10:29:06,7.73,0.01,5,3865,买盘,2017-07-18,2017-07-18 10:29:06
10:29:09,10:29:09,7.73,--,12,9276,买盘,2017-07-18,2017-07-18 10:29:09
10:29:12,10:29:12,7.72,-0.01,108,83376,卖盘,2017-07-18,2017-07-18 10:29:12
10:29:15,10:29:15,7.72,--,55,42460,卖盘,2017-07-18,2017-07-18 10:29:15
10:29:21,10:29:21,7.72,--,52,40144,卖盘,2017-07-18,2017-07-18 10:29:21
10:29:27,10:29:27,7.72,--,119,91868,卖盘,2017-07-18,2017-07-18 10:29:27
10:29:33,10:29:33,7.72,--,185,142820,卖盘,2017-07-18,2017-07-18 10:29:33
10:29:36,10:29:36,7.73,0.01,58,44834,买盘,2017-07-18,2017-07-18 10:29:36
10:29:42,10:29:42,7.72,-0.01,17,13124,中性盘,2017-07-18,2017-07-18 10:29:42
10:29:48,10:29:48,7.71,-0.01,20,15420,卖盘,2017-07-18,2017-07-18 10:29:48
10:29:51,10:29:51,7.72,0.01,73,56356,买盘,2017-07-18,2017-07-18 10:29:51
10:30:00,10:30:00,7.72,--,60,46320,卖盘,2017-07-18,2017-07-18 10:30:00
10:30:03,10:30:03,7.72,--,30,23160,卖盘,2017-07-18,2017-07-18 10:30:03
10:30:09,10:30:09,7.72,--,36,27792,卖盘,2017-07-18,2017-07-18 10:30:09
10:30:24,10:30:24,7.72,--,7,5404,卖盘,2017-07-18,2017-07-18 10:30:24
10:30:27,10:30:27,7.72,--,5,3860,卖盘,2017-07-18,2017-07-18 10:30:27
10:30:30,10:30:30,7.72,--,40,30880,卖盘,2017-07-18,2017-07-18 10:30:30
10:30:33,10:30:33,7.72,--,20,15440,卖盘,2017-07-18,2017-07-18 10:30:33
10:30:39,10:30:39,7.72,--,136,104992,卖盘,2017-07-18,2017-07-18 10:30:39
10:30:42,10:30:42,7.72,--,12,9264,卖盘,2017-07-18,2017-07-18 10:30:42
10:30:45,10:30:45,7.72,--,80,61760,卖盘,2017-07-18,2017-07-18 10:30:45
10:30:54,10:30:54,7.73,0.01,30,23190,买盘,2017-07-18,2017-07-18 10:30:54
10:31:06,10:31:06,7.72,-0.01,24,18528,卖盘,2017-07-18,2017-07-18 10:31:06
10:31:09,10:31:09,7.72,--,3,2316,卖盘,2017-07-18,2017-07-18 10:31:09
10:31:18,10:31:18,7.72,--,122,94184,卖盘,2017-07-18,2017-07-18 10:31:18
10:31:21,10:31:21,7.73,0.01,100,77300,买盘,2017-07-18,2017-07-18 10:31:21
10:31:27,10:31:27,7.72,-0.01,6,4632,卖盘,2017-07-18,2017-07-18 10:31:27
10:31:30,10:31:30,7.72,--,14,10808,卖盘,2017-07-18,2017-07-18 10:31:30
10:31:33,10:31:33,7.7,-0.02,225,173250,卖盘,2017-07-18,2017-07-18 10:31:33
10:31:42,10:31:42,7.72,0.02,88,67936,中性盘,2017-07-18,2017-07-18 10:31:42
10:31:45,10:31:45,7.7,-0.02,50,38500,卖盘,2017-07-18,2017-07-18 10:31:45
10:31:48,10:31:48,7.7,--,56,43120,卖盘,2017-07-18,2017-07-18 10:31:48
10:31:51,10:31:51,7.72,0.02,26,20072,买盘,2017-07-18,2017-07-18 10:31:51
10:31:54,10:31:54,7.7,-0.02,61,46970,卖盘,2017-07-18,2017-07-18 10:31:54
10:31:57,10:31:57,7.72,0.02,5,3860,买盘,2017-07-18,2017-07-18 10:31:57
10:32:06,10:32:06,7.71,-0.01,4,3084,中性盘,2017-07-18,2017-07-18 10:32:06
10:32:12,10:32:12,7.7,-0.01,8,6160,卖盘,2017-07-18,2017-07-18 10:32:12
10:32:36,10:32:36,7.71,0.01,24,18504,中性盘,2017-07-18,2017-07-18 10:32:36
10:32:42,10:32:42,7.7,-0.01,200,154000,卖盘,2017-07-18,2017-07-18 10:32:42
10:32:45,10:32:45,7.7,--,10,7700,买盘,2017-07-18,2017-07-18 10:32:45
10:32:54,10:32:54,7.7,--,13,10010,买盘,2017-07-18,2017-07-18 10:32:54
10:32:57,10:32:57,7.7,--,50,38500,买盘,2017-07-18,2017-07-18 10:32:57
10:33:00,10:33:00,7.69,-0.01,10,7690,卖盘,2017-07-18,2017-07-18 10:33:00
10:33:06,10:33:06,7.7,0.01,49,37730,买盘,2017-07-18,2017-07-18 10:33:06
10:33:15,10:33:15,7.7,--,6,4620,卖盘,2017-07-18,2017-07-18 10:33:15
10:33:30,10:33:30,7.7,--,10,7700,卖盘,2017-07-18,2017-07-18 10:33:30
10:33:36,10:33:36,7.71,0.01,120,92520,买盘,2017-07-18,2017-07-18 10:33:36
10:33:42,10:33:42,7.71,--,95,73245,卖盘,2017-07-18,2017-07-18 10:33:42
10:33:48,10:33:48,7.71,--,5,3855,买盘,2017-07-18,2017-07-18 10:33:48
10:33:54,10:33:54,7.71,--,10,7710,卖盘,2017-07-18,2017-07-18 10:33:54
10:33:57,10:33:57,7.71,--,35,26985,卖盘,2017-07-18,2017-07-18 10:33:57
10:34:00,10:34:00,7.71,--,10,7710,买盘,2017-07-18,2017-07-18 10:34:00
10:34:03,10:34:03,7.71,--,10,7710,买盘,2017-07-18,2017-07-18 10:34:03
10:34:09,10:34:09,7.71,--,10,7710,买盘,2017-07-18,2017-07-18 10:34:09
10:34:12,10:34:12,7.71,--,7,5397,买盘,2017-07-18,2017-07-18 10:34:12
10:34:24,10:34:24,7.71,--,96,74016,卖盘,2017-07-18,2017-07-18 10:34:24
10:34:39,10:34:39,7.71,--,113,87123,卖盘,2017-07-18,2017-07-18 10:34:39
10:34:45,10:34:45,7.72,0.01,31,23932,买盘,2017-07-18,2017-07-18 10:34:45
10:34:54,10:34:54,7.71,-0.01,5,3855,中性盘,2017-07-18,2017-07-18 10:34:54
10:35:00,10:35:00,7.71,--,5,3855,卖盘,2017-07-18,2017-07-18 10:35:00
10:35:06,10:35:06,7.71,--,10,7710,卖盘,2017-07-18,2017-07-18 10:35:06
10:35:09,10:35:09,7.72,0.01,1,772,买盘,2017-07-18,2017-07-18 10:35:09
10:35:15,10:35:15,7.72,--,54,41688,买盘,2017-07-18,2017-07-18 10:35:15
10:35:18,10:35:18,7.72,--,20,15440,买盘,2017-07-18,2017-07-18 10:35:18
10:35:30,10:35:30,7.71,-0.01,30,23130,卖盘,2017-07-18,2017-07-18 10:35:30
10:35:36,10:35:36,7.72,0.01,5,3860,买盘,2017-07-18,2017-07-18 10:35:36
10:35:45,10:35:45,7.72,--,40,30880,买盘,2017-07-18,2017-07-18 10:35:45
10:35:48,10:35:48,7.72,--,54,41688,买盘,2017-07-18,2017-07-18 10:35:48
10:35:51,10:35:51,7.72,--,12,9264,买盘,2017-07-18,2017-07-18 10:35:51
10:35:57,10:35:57,7.72,--,20,15440,买盘,2017-07-18,2017-07-18 10:35:57
10:36:00,10:36:00,7.72,--,10,7720,买盘,2017-07-18,2017-07-18 10:36:00
10:36:12,10:36:12,7.72,--,17,13124,买盘,2017-07-18,2017-07-18 10:36:12
10:36:24,10:36:24,7.72,--,5,3860,买盘,2017-07-18,2017-07-18 10:36:24
10:36:30,10:36:30,7.71,-0.01,11,8481,卖盘,2017-07-18,2017-07-18 10:36:30
10:36:33,10:36:33,7.72,0.01,9,6948,买盘,2017-07-18,2017-07-18 10:36:33
10:36:42,10:36:42,7.72,--,60,46320,买盘,2017-07-18,2017-07-18 10:36:42
10:36:48,10:36:48,7.72,--,10,7720,买盘,2017-07-18,2017-07-18 10:36:48
10:36:51,10:36:51,7.71,-0.01,200,154200,卖盘,2017-07-18,2017-07-18 10:36:51
10:37:03,10:37:03,7.72,0.01,10,7720,买盘,2017-07-18,2017-07-18 10:37:03
10:37:06,10:37:06,7.71,-0.01,21,16191,卖盘,2017-07-18,2017-07-18 10:37:06
10:37:15,10:37:15,7.71,--,10,7710,买盘,2017-07-18,2017-07-18 10:37:15
10:37:27,10:37:27,7.7,-0.01,8,6160,卖盘,2017-07-18,2017-07-18 10:37:27
10:37:33,10:37:33,7.7,--,200,154000,卖盘,2017-07-18,2017-07-18 10:37:33
10:37:42,10:37:42,7.7,--,50,38500,卖盘,2017-07-18,2017-07-18 10:37:42
10:37:45,10:37:45,7.7,--,20,15400,卖盘,2017-07-18,2017-07-18 10:37:45
10:37:48,10:37:48,7.71,0.01,23,17733,买盘,2017-07-18,2017-07-18 10:37:48
10:37:54,10:37:54,7.7,-0.01,38,29260,卖盘,2017-07-18,2017-07-18 10:37:54
10:37:57,10:37:57,7.71,0.01,2,1542,买盘,2017-07-18,2017-07-18 10:37:57
10:38:03,10:38:03,7.7,-0.01,213,164010,卖盘,2017-07-18,2017-07-18 10:38:03
10:38:06,10:38:06,7.7,--,13,10010,买盘,2017-07-18,2017-07-18 10:38:06
10:38:18,10:38:18,7.7,--,15,11550,买盘,2017-07-18,2017-07-18 10:38:18
10:38:21,10:38:21,7.7,--,15,11550,买盘,2017-07-18,2017-07-18 10:38:21
10:38:24,10:38:24,7.7,--,10,7700,买盘,2017-07-18,2017-07-18 10:38:24
10:38:33,10:38:33,7.69,-0.01,56,43064,卖盘,2017-07-18,2017-07-18 10:38:33
10:38:45,10:38:45,7.7,0.01,32,24640,买盘,2017-07-18,2017-07-18 10:38:45
10:39:03,10:39:03,7.7,--,8,6160,买盘,2017-07-18,2017-07-18 10:39:03
10:39:09,10:39:09,7.7,--,100,77000,买盘,2017-07-18,2017-07-18 10:39:09
10:39:27,10:39:27,7.7,--,20,15400,卖盘,2017-07-18,2017-07-18 10:39:27
10:39:30,10:39:30,7.7,--,12,9240,卖盘,2017-07-18,2017-07-18 10:39:30
10:39:48,10:39:48,7.71,0.01,5,3855,买盘,2017-07-18,2017-07-18 10:39:48
10:40:00,10:40:00,7.7,-0.01,10,7700,卖盘,2017-07-18,2017-07-18 10:40:00
10:40:03,10:40:03,7.71,0.01,10,7710,买盘,2017-07-18,2017-07-18 10:40:03
10:40:15,10:40:15,7.7,-0.01,3,2310,卖盘,2017-07-18,2017-07-18 10:40:15
10:40:18,10:40:18,7.71,0.01,55,42405,买盘,2017-07-18,2017-07-18 10:40:18
10:40:36,10:40:36,7.7,-0.01,10,7700,卖盘,2017-07-18,2017-07-18 10:40:36
10:40:39,10:40:39,7.71,0.01,10,7710,买盘,2017-07-18,2017-07-18 10:40:39
10:40:42,10:40:42,7.71,--,5,3855,买盘,2017-07-18,2017-07-18 10:40:42
10:40:57,10:40:57,7.7,-0.01,17,13090,卖盘,2017-07-18,2017-07-18 10:40:57
10:41:00,10:41:00,7.71,0.01,11,8481,买盘,2017-07-18,2017-07-18 10:41:00
10:41:12,10:41:12,7.71,--,4,3084,买盘,2017-07-18,2017-07-18 10:41:12
10:41:18,10:41:18,7.7,-0.01,109,83930,卖盘,2017-07-18,2017-07-18 10:41:18
10:41:21,10:41:21,7.71,0.01,242,186582,买盘,2017-07-18,2017-07-18 10:41:21
10:41:24,10:41:24,7.71,--,5,3855,卖盘,2017-07-18,2017-07-18 10:41:24
10:41:30,10:41:30,7.71,--,14,10794,卖盘,2017-07-18,2017-07-18 10:41:30
10:41:36,10:41:36,7.71,--,78,60138,卖盘,2017-07-18,2017-07-18 10:41:36
10:41:39,10:41:39,7.71,--,49,37779,卖盘,2017-07-18,2017-07-18 10:41:39
10:41:42,10:41:42,7.71,--,17,13107,卖盘,2017-07-18,2017-07-18 10:41:42
10:41:45,10:41:45,7.71,--,5,3855,卖盘,2017-07-18,2017-07-18 10:41:45
10:41:51,10:41:51,7.72,0.01,20,15440,买盘,2017-07-18,2017-07-18 10:41:51
10:41:57,10:41:57,7.72,--,12,9264,买盘,2017-07-18,2017-07-18 10:41:57
10:42:12,10:42:12,7.71,-0.01,2,1542,卖盘,2017-07-18,2017-07-18 10:42:12
10:42:18,10:42:18,7.73,0.02,500,386500,买盘,2017-07-18,2017-07-18 10:42:18
10:42:24,10:42:24,7.72,-0.01,10,7720,卖盘,2017-07-18,2017-07-18 10:42:24
10:42:27,10:42:27,7.72,--,33,25476,买盘,2017-07-18,2017-07-18 10:42:27
10:42:30,10:42:30,7.74,0.02,2,1548,买盘,2017-07-18,2017-07-18 10:42:30
10:42:39,10:42:39,7.73,-0.01,212,163876,中性盘,2017-07-18,2017-07-18 10:42:39
10:42:45,10:42:45,7.74,0.01,100,77400,买盘,2017-07-18,2017-07-18 10:42:45
10:42:51,10:42:51,7.73,-0.01,9,6957,买盘,2017-07-18,2017-07-18 10:42:51
10:42:57,10:42:57,7.73,--,49,37877,卖盘,2017-07-18,2017-07-18 10:42:57
10:43:03,10:43:03,7.74,0.01,147,113778,买盘,2017-07-18,2017-07-18 10:43:03
10:43:06,10:43:06,7.74,--,5,3870,卖盘,2017-07-18,2017-07-18 10:43:06
10:43:09,10:43:09,7.74,--,2,1548,卖盘,2017-07-18,2017-07-18 10:43:09
10:43:12,10:43:12,7.75,0.01,356,275900,买盘,2017-07-18,2017-07-18 10:43:12
10:43:15,10:43:15,7.75,--,2,1550,卖盘,2017-07-18,2017-07-18 10:43:15
10:43:18,10:43:18,7.76,0.01,31,24056,买盘,2017-07-18,2017-07-18 10:43:18
10:43:24,10:43:24,7.76,--,40,31040,买盘,2017-07-18,2017-07-18 10:43:24
10:43:30,10:43:30,7.76,--,20,15520,买盘,2017-07-18,2017-07-18 10:43:30
10:43:33,10:43:33,7.77,0.01,263,204351,买盘,2017-07-18,2017-07-18 10:43:33
10:43:36,10:43:36,7.77,--,20,15540,卖盘,2017-07-18,2017-07-18 10:43:36
10:43:42,10:43:42,7.78,0.01,355,276190,买盘,2017-07-18,2017-07-18 10:43:42
10:43:45,10:43:45,7.78,--,50,38900,买盘,2017-07-18,2017-07-18 10:43:45
10:43:51,10:43:51,7.79,0.01,666,518814,买盘,2017-07-18,2017-07-18 10:43:51
10:43:57,10:43:57,7.79,--,150,116850,买盘,2017-07-18,2017-07-18 10:43:57
10:44:00,10:44:00,7.79,--,84,65436,买盘,2017-07-18,2017-07-18 10:44:00
10:44:03,10:44:03,7.79,--,51,39729,买盘,2017-07-18,2017-07-18 10:44:03
10:44:06,10:44:06,7.77,-0.02,10,7770,卖盘,2017-07-18,2017-07-18 10:44:06
10:44:09,10:44:09,7.79,0.02,2,1558,买盘,2017-07-18,2017-07-18 10:44:09
10:44:12,10:44:12,7.78,-0.01,12,9336,买盘,2017-07-18,2017-07-18 10:44:12
10:44:18,10:44:18,7.77,-0.01,100,77700,中性盘,2017-07-18,2017-07-18 10:44:18
10:44:21,10:44:21,7.77,--,10,7770,买盘,2017-07-18,2017-07-18 10:44:21
10:44:24,10:44:24,7.77,--,223,173271,买盘,2017-07-18,2017-07-18 10:44:24
10:44:27,10:44:27,7.77,--,5,3885,买盘,2017-07-18,2017-07-18 10:44:27
10:44:30,10:44:30,7.77,--,10,7770,买盘,2017-07-18,2017-07-18 10:44:30
10:44:33,10:44:33,7.76,-0.01,8,6208,卖盘,2017-07-18,2017-07-18 10:44:33
10:44:39,10:44:39,7.76,--,274,212624,卖盘,2017-07-18,2017-07-18 10:44:39
10:44:45,10:44:45,7.76,--,10,7760,买盘,2017-07-18,2017-07-18 10:44:45
10:44:51,10:44:51,7.76,--,130,100880,买盘,2017-07-18,2017-07-18 10:44:51
10:44:54,10:44:54,7.76,--,3,2328,买盘,2017-07-18,2017-07-18 10:44:54
10:44:57,10:44:57,7.76,--,74,57424,买盘,2017-07-18,2017-07-18 10:44:57
10:45:00,10:45:00,7.76,--,53,41128,买盘,2017-07-18,2017-07-18 10:45:00
10:45:03,10:45:03,7.75,-0.01,10,7750,卖盘,2017-07-18,2017-07-18 10:45:03
10:45:06,10:45:06,7.76,0.01,34,26384,买盘,2017-07-18,2017-07-18 10:45:06
10:45:09,10:45:09,7.75,-0.01,132,102300,卖盘,2017-07-18,2017-07-18 10:45:09
10:45:12,10:45:12,7.75,--,10,7750,卖盘,2017-07-18,2017-07-18 10:45:12
10:45:21,10:45:21,7.75,--,91,70525,卖盘,2017-07-18,2017-07-18 10:45:21
10:45:33,10:45:33,7.74,-0.01,10,7740,卖盘,2017-07-18,2017-07-18 10:45:33
10:45:36,10:45:36,7.74,--,383,296442,卖盘,2017-07-18,2017-07-18 10:45:36
10:45:39,10:45:39,7.74,--,4,3096,买盘,2017-07-18,2017-07-18 10:45:39
10:45:42,10:45:42,7.74,--,21,16254,卖盘,2017-07-18,2017-07-18 10:45:42
10:45:57,10:45:57,7.74,--,10,7740,买盘,2017-07-18,2017-07-18 10:45:57
10:46:12,10:46:12,7.73,-0.01,100,77300,卖盘,2017-07-18,2017-07-18 10:46:12
10:46:15,10:46:15,7.74,0.01,25,19350,买盘,2017-07-18,2017-07-18 10:46:15
10:46:18,10:46:18,7.73,-0.01,106,81938,卖盘,2017-07-18,2017-07-18 10:46:18
10:46:33,10:46:33,7.73,--,3,2319,买盘,2017-07-18,2017-07-18 10:46:33
10:46:36,10:46:36,7.73,--,5,3865,买盘,2017-07-18,2017-07-18 10:46:36
10:46:42,10:46:42,7.72,-0.01,16,12352,卖盘,2017-07-18,2017-07-18 10:46:42
10:46:45,10:46:45,7.73,0.01,1,773,买盘,2017-07-18,2017-07-18 10:46:45
10:46:54,10:46:54,7.73,--,77,59521,买盘,2017-07-18,2017-07-18 10:46:54
10:46:57,10:46:57,7.73,--,15,11595,卖盘,2017-07-18,2017-07-18 10:46:57
10:47:03,10:47:03,7.73,--,12,9276,卖盘,2017-07-18,2017-07-18 10:47:03
10:47:06,10:47:06,7.73,--,14,10822,卖盘,2017-07-18,2017-07-18 10:47:06
10:47:12,10:47:12,7.73,--,28,21644,买盘,2017-07-18,2017-07-18 10:47:12
10:47:15,10:47:15,7.73,--,5,3865,买盘,2017-07-18,2017-07-18 10:47:15
10:47:24,10:47:24,7.73,--,3,2319,卖盘,2017-07-18,2017-07-18 10:47:24
10:47:27,10:47:27,7.74,0.01,20,15480,买盘,2017-07-18,2017-07-18 10:47:27
10:47:33,10:47:33,7.73,-0.01,2,1546,卖盘,2017-07-18,2017-07-18 10:47:33
10:47:39,10:47:39,7.74,0.01,30,23220,买盘,2017-07-18,2017-07-18 10:47:39
10:47:45,10:47:45,7.73,-0.01,5,3865,卖盘,2017-07-18,2017-07-18 10:47:45
10:47:48,10:47:48,7.73,--,1,773,卖盘,2017-07-18,2017-07-18 10:47:48
10:47:51,10:47:51,7.74,0.01,18,13932,买盘,2017-07-18,2017-07-18 10:47:51
10:47:57,10:47:57,7.74,--,377,291798,买盘,2017-07-18,2017-07-18 10:47:57
10:48:03,10:48:03,7.75,0.01,60,46500,买盘,2017-07-18,2017-07-18 10:48:03
10:48:06,10:48:06,7.75,--,2,1550,买盘,2017-07-18,2017-07-18 10:48:06
10:48:12,10:48:12,7.75,--,11,8525,卖盘,2017-07-18,2017-07-18 10:48:12
10:48:15,10:48:15,7.76,0.01,1,776,买盘,2017-07-18,2017-07-18 10:48:15
10:48:18,10:48:18,7.76,--,313,242888,买盘,2017-07-18,2017-07-18 10:48:18
10:48:21,10:48:21,7.76,--,10,7760,卖盘,2017-07-18,2017-07-18 10:48:21
10:48:27,10:48:27,7.76,--,10,7760,卖盘,2017-07-18,2017-07-18 10:48:27
10:48:33,10:48:33,7.77,0.01,18,13986,买盘,2017-07-18,2017-07-18 10:48:33
10:48:36,10:48:36,7.77,--,117,90909,买盘,2017-07-18,2017-07-18 10:48:36
10:48:48,10:48:48,7.77,--,78,60606,卖盘,2017-07-18,2017-07-18 10:48:48
10:48:51,10:48:51,7.77,--,50,38850,卖盘,2017-07-18,2017-07-18 10:48:51
10:48:54,10:48:54,7.78,0.01,36,28008,买盘,2017-07-18,2017-07-18 10:48:54
10:48:57,10:48:57,7.78,--,357,278142,买盘,2017-07-18,2017-07-18 10:48:57
10:49:00,10:49:00,7.78,--,146,113588,卖盘,2017-07-18,2017-07-18 10:49:00
10:49:03,10:49:03,7.78,--,96,75069,卖盘,2017-07-18,2017-07-18 10:49:03
10:49:06,10:49:06,7.79,0.01,5,3895,买盘,2017-07-18,2017-07-18 10:49:06
10:49:15,10:49:15,7.78,-0.01,116,90248,买盘,2017-07-18,2017-07-18 10:49:15
10:49:21,10:49:21,7.78,--,12,9336,买盘,2017-07-18,2017-07-18 10:49:21
10:49:24,10:49:24,7.78,--,5,3890,买盘,2017-07-18,2017-07-18 10:49:24
10:49:27,10:49:27,7.78,--,10,7780,买盘,2017-07-18,2017-07-18 10:49:27
10:49:33,10:49:33,7.77,-0.01,5,3885,卖盘,2017-07-18,2017-07-18 10:49:33
10:49:36,10:49:36,7.77,--,10,7770,卖盘,2017-07-18,2017-07-18 10:49:36
10:49:39,10:49:39,7.77,--,10,7770,卖盘,2017-07-18,2017-07-18 10:49:39
10:49:48,10:49:48,7.77,--,116,90132,卖盘,2017-07-18,2017-07-18 10:49:48
10:49:51,10:49:51,7.77,--,282,219114,卖盘,2017-07-18,2017-07-18 10:49:51
10:49:54,10:49:54,7.77,--,5,3885,买盘,2017-07-18,2017-07-18 10:49:54
10:49:57,10:49:57,7.76,-0.01,10,7760,卖盘,2017-07-18,2017-07-18 10:49:57
10:50:00,10:50:00,7.77,0.01,100,77700,买盘,2017-07-18,2017-07-18 10:50:00
10:50:03,10:50:03,7.76,-0.01,473,367048,卖盘,2017-07-18,2017-07-18 10:50:03
10:50:09,10:50:09,7.77,0.01,95,73815,买盘,2017-07-18,2017-07-18 10:50:09
10:50:15,10:50:15,7.77,--,20,15540,卖盘,2017-07-18,2017-07-18 10:50:15
10:50:18,10:50:18,7.75,-0.02,17,13175,卖盘,2017-07-18,2017-07-18 10:50:18
10:50:21,10:50:21,7.77,0.02,7,5439,买盘,2017-07-18,2017-07-18 10:50:21
10:50:36,10:50:36,7.75,-0.02,10,7750,卖盘,2017-07-18,2017-07-18 10:50:36
10:50:39,10:50:39,7.77,0.02,7,5439,买盘,2017-07-18,2017-07-18 10:50:39
10:50:54,10:50:54,7.75,-0.02,14,10850,卖盘,2017-07-18,2017-07-18 10:50:54
10:51:06,10:51:06,7.76,0.01,26,20176,中性盘,2017-07-18,2017-07-18 10:51:06
10:51:09,10:51:09,7.76,--,12,9312,卖盘,2017-07-18,2017-07-18 10:51:09
10:51:18,10:51:18,7.77,0.01,155,120435,买盘,2017-07-18,2017-07-18 10:51:18
10:51:27,10:51:27,7.75,-0.02,50,38750,卖盘,2017-07-18,2017-07-18 10:51:27
10:51:36,10:51:36,7.76,0.01,13,10088,中性盘,2017-07-18,2017-07-18 10:51:36
10:51:51,10:51:51,7.75,-0.01,23,17825,卖盘,2017-07-18,2017-07-18 10:51:51
10:52:03,10:52:03,7.75,--,54,41850,卖盘,2017-07-18,2017-07-18 10:52:03
10:52:06,10:52:06,7.75,--,8,6200,买盘,2017-07-18,2017-07-18 10:52:06
10:52:15,10:52:15,7.74,-0.01,91,70434,卖盘,2017-07-18,2017-07-18 10:52:15
10:52:24,10:52:24,7.74,--,28,21672,买盘,2017-07-18,2017-07-18 10:52:24
10:52:33,10:52:33,7.74,--,30,23220,买盘,2017-07-18,2017-07-18 10:52:33
10:52:36,10:52:36,7.74,--,8,6192,卖盘,2017-07-18,2017-07-18 10:52:36
10:52:39,10:52:39,7.74,--,12,9288,卖盘,2017-07-18,2017-07-18 10:52:39
10:52:42,10:52:42,7.74,--,3,2322,买盘,2017-07-18,2017-07-18 10:52:42
10:53:03,10:53:03,7.73,-0.01,10,7730,卖盘,2017-07-18,2017-07-18 10:53:03
10:53:09,10:53:09,7.73,--,5,3865,卖盘,2017-07-18,2017-07-18 10:53:09
10:53:12,10:53:12,7.73,--,65,50245,卖盘,2017-07-18,2017-07-18 10:53:12
10:53:18,10:53:18,7.73,--,50,38650,卖盘,2017-07-18,2017-07-18 10:53:18
10:53:21,10:53:21,7.73,--,100,77300,卖盘,2017-07-18,2017-07-18 10:53:21
10:53:24,10:53:24,7.73,--,7,5411,卖盘,2017-07-18,2017-07-18 10:53:24
10:53:36,10:53:36,7.73,--,30,23190,卖盘,2017-07-18,2017-07-18 10:53:36
10:53:39,10:53:39,7.74,0.01,35,27090,买盘,2017-07-18,2017-07-18 10:53:39
10:53:48,10:53:48,7.73,-0.01,20,15460,卖盘,2017-07-18,2017-07-18 10:53:48
10:53:54,10:53:54,7.73,--,8,6184,卖盘,2017-07-18,2017-07-18 10:53:54
10:54:06,10:54:06,7.74,0.01,203,157122,买盘,2017-07-18,2017-07-18 10:54:06
10:54:30,10:54:30,7.74,--,18,13932,买盘,2017-07-18,2017-07-18 10:54:30
10:54:33,10:54:33,7.73,-0.01,10,7730,卖盘,2017-07-18,2017-07-18 10:54:33
10:54:51,10:54:51,7.73,--,114,88122,卖盘,2017-07-18,2017-07-18 10:54:51
10:54:57,10:54:57,7.73,--,28,21644,买盘,2017-07-18,2017-07-18 10:54:57
10:55:00,10:55:00,7.72,-0.01,271,209212,卖盘,2017-07-18,2017-07-18 10:55:00
10:55:12,10:55:12,7.72,--,45,34740,卖盘,2017-07-18,2017-07-18 10:55:12
10:55:15,10:55:15,7.72,--,31,23932,卖盘,2017-07-18,2017-07-18 10:55:15
10:55:24,10:55:24,7.73,0.01,1,773,买盘,2017-07-18,2017-07-18 10:55:24
10:55:30,10:55:30,7.72,-0.01,14,10808,卖盘,2017-07-18,2017-07-18 10:55:30
10:55:33,10:55:33,7.72,--,11,8492,买盘,2017-07-18,2017-07-18 10:55:33
10:55:39,10:55:39,7.72,--,5,3860,卖盘,2017-07-18,2017-07-18 10:55:39
10:55:45,10:55:45,7.72,--,5,3860,买盘,2017-07-18,2017-07-18 10:55:45
10:55:48,10:55:48,7.72,--,5,3860,买盘,2017-07-18,2017-07-18 10:55:48
10:55:54,10:55:54,7.71,-0.01,8,6168,卖盘,2017-07-18,2017-07-18 10:55:54
10:56:00,10:56:00,7.71,--,156,120276,卖盘,2017-07-18,2017-07-18 10:56:00
10:56:09,10:56:09,7.71,--,50,38550,卖盘,2017-07-18,2017-07-18 10:56:09
10:56:15,10:56:15,7.71,--,107,82497,卖盘,2017-07-18,2017-07-18 10:56:15
10:56:24,10:56:24,7.71,--,22,16962,卖盘,2017-07-18,2017-07-18 10:56:24
10:56:27,10:56:27,7.71,--,16,12336,卖盘,2017-07-18,2017-07-18 10:56:27
10:56:30,10:56:30,7.71,--,9,6939,卖盘,2017-07-18,2017-07-18 10:56:30
10:56:33,10:56:33,7.71,--,24,18504,卖盘,2017-07-18,2017-07-18 10:56:33
10:56:36,10:56:36,7.71,--,20,15420,卖盘,2017-07-18,2017-07-18 10:56:36
10:56:39,10:56:39,7.71,--,30,23130,买盘,2017-07-18,2017-07-18 10:56:39
10:56:54,10:56:54,7.71,--,10,7710,卖盘,2017-07-18,2017-07-18 10:56:54
10:57:00,10:57:00,7.71,--,8,6168,卖盘,2017-07-18,2017-07-18 10:57:00
10:57:03,10:57:03,7.71,--,40,30840,卖盘,2017-07-18,2017-07-18 10:57:03
10:57:06,10:57:06,7.71,--,3,2313,卖盘,2017-07-18,2017-07-18 10:57:06
10:57:12,10:57:12,7.71,--,15,11565,卖盘,2017-07-18,2017-07-18 10:57:12
10:57:15,10:57:15,7.72,0.01,400,308800,买盘,2017-07-18,2017-07-18 10:57:15
10:57:18,10:57:18,7.71,-0.01,503,387813,卖盘,2017-07-18,2017-07-18 10:57:18
10:57:21,10:57:21,7.71,--,3,2313,卖盘,2017-07-18,2017-07-18 10:57:21
10:57:24,10:57:24,7.72,0.01,26,20072,买盘,2017-07-18,2017-07-18 10:57:24
10:57:27,10:57:27,7.72,--,151,116572,卖盘,2017-07-18,2017-07-18 10:57:27
10:57:30,10:57:30,7.72,--,119,91868,卖盘,2017-07-18,2017-07-18 10:57:30
10:57:33,10:57:33,7.72,--,33,25476,卖盘,2017-07-18,2017-07-18 10:57:33
10:57:39,10:57:39,7.72,--,23,17756,卖盘,2017-07-18,2017-07-18 10:57:39
10:57:48,10:57:48,7.72,--,3,2316,卖盘,2017-07-18,2017-07-18 10:57:48
10:57:57,10:57:57,7.72,--,3,2316,卖盘,2017-07-18,2017-07-18 10:57:57
10:58:03,10:58:03,7.72,--,30,23160,卖盘,2017-07-18,2017-07-18 10:58:03
10:58:09,10:58:09,7.72,--,62,47864,卖盘,2017-07-18,2017-07-18 10:58:09
10:58:18,10:58:18,7.71,-0.01,3,2313,卖盘,2017-07-18,2017-07-18 10:58:18
10:58:21,10:58:21,7.71,--,9,6939,卖盘,2017-07-18,2017-07-18 10:58:21
10:58:24,10:58:24,7.72,0.01,500,386000,买盘,2017-07-18,2017-07-18 10:58:24
10:58:27,10:58:27,7.71,-0.01,120,92520,卖盘,2017-07-18,2017-07-18 10:58:27
10:58:30,10:58:30,7.71,--,8,6168,卖盘,2017-07-18,2017-07-18 10:58:30
10:58:36,10:58:36,7.71,--,48,37008,卖盘,2017-07-18,2017-07-18 10:58:36
10:58:39,10:58:39,7.72,0.01,96,74112,买盘,2017-07-18,2017-07-18 10:58:39
10:58:42,10:58:42,7.73,0.01,14,10822,买盘,2017-07-18,2017-07-18 10:58:42
10:58:45,10:58:45,7.72,-0.01,341,263252,卖盘,2017-07-18,2017-07-18 10:58:45
10:58:51,10:58:51,7.74,0.02,20,15480,买盘,2017-07-18,2017-07-18 10:58:51
10:58:54,10:58:54,7.72,-0.02,3,2316,卖盘,2017-07-18,2017-07-18 10:58:54
10:59:00,10:59:00,7.73,0.01,3,2319,中性盘,2017-07-18,2017-07-18 10:59:00
10:59:09,10:59:09,7.73,--,17,13141,卖盘,2017-07-18,2017-07-18 10:59:09
10:59:15,10:59:15,7.73,--,10,7730,买盘,2017-07-18,2017-07-18 10:59:15
10:59:18,10:59:18,7.72,-0.01,15,11580,卖盘,2017-07-18,2017-07-18 10:59:18
10:59:24,10:59:24,7.72,--,3,2316,卖盘,2017-07-18,2017-07-18 10:59:24
10:59:30,10:59:30,7.73,0.01,13,10049,买盘,2017-07-18,2017-07-18 10:59:30
10:59:33,10:59:33,7.72,-0.01,3,2316,卖盘,2017-07-18,2017-07-18 10:59:33
10:59:36,10:59:36,7.73,0.01,111,85803,买盘,2017-07-18,2017-07-18 10:59:36
10:59:42,10:59:42,7.72,-0.01,3,2316,卖盘,2017-07-18,2017-07-18 10:59:42
10:59:45,10:59:45,7.73,0.01,15,11595,买盘,2017-07-18,2017-07-18 10:59:45
10:59:48,10:59:48,7.72,-0.01,3,2316,卖盘,2017-07-18,2017-07-18 10:59:48
10:59:51,10:59:51,7.73,0.01,10,7730,买盘,2017-07-18,2017-07-18 10:59:51
10:59:54,10:59:54,7.72,-0.01,116,89552,卖盘,2017-07-18,2017-07-18 10:59:54
10:59:57,10:59:57,7.72,--,3,2316,卖盘,2017-07-18,2017-07-18 10:59:57
11:00:00,11:00:00,7.73,0.01,127,98171,买盘,2017-07-18,2017-07-18 11:00:00
11:00:06,11:00:06,7.73,--,3,2319,卖盘,2017-07-18,2017-07-18 11:00:06
11:00:09,11:00:09,7.73,--,4,3092,卖盘,2017-07-18,2017-07-18 11:00:09
11:00:12,11:00:12,7.73,--,4,3092,卖盘,2017-07-18,2017-07-18 11:00:12
11:00:21,11:00:21,7.73,--,3,2319,卖盘,2017-07-18,2017-07-18 11:00:21
11:00:24,11:00:24,7.74,0.01,21,16254,买盘,2017-07-18,2017-07-18 11:00:24
11:00:27,11:00:27,7.73,-0.01,3,2319,卖盘,2017-07-18,2017-07-18 11:00:27
11:00:30,11:00:30,7.74,0.01,166,128484,买盘,2017-07-18,2017-07-18 11:00:30
11:00:36,11:00:36,7.74,--,3,2322,卖盘,2017-07-18,2017-07-18 11:00:36
11:00:45,11:00:45,7.74,--,54,41796,卖盘,2017-07-18,2017-07-18 11:00:45
11:00:51,11:00:51,7.73,-0.01,3,2319,卖盘,2017-07-18,2017-07-18 11:00:51
11:00:57,11:00:57,7.74,0.01,12,9288,买盘,2017-07-18,2017-07-18 11:00:57
11:01:00,11:01:00,7.74,--,3,2322,卖盘,2017-07-18,2017-07-18 11:01:00
11:01:03,11:01:03,7.74,--,5,3870,卖盘,2017-07-18,2017-07-18 11:01:03
11:01:09,11:01:09,7.74,--,4,3096,卖盘,2017-07-18,2017-07-18 11:01:09
11:01:12,11:01:12,7.75,0.01,10,7750,买盘,2017-07-18,2017-07-18 11:01:12
11:01:15,11:01:15,7.74,-0.01,1,774,卖盘,2017-07-18,2017-07-18 11:01:15
11:01:18,11:01:18,7.74,--,3,2322,卖盘,2017-07-18,2017-07-18 11:01:18
11:01:24,11:01:24,7.74,--,3,2322,卖盘,2017-07-18,2017-07-18 11:01:24
11:01:27,11:01:27,7.75,0.01,109,84475,买盘,2017-07-18,2017-07-18 11:01:27
11:01:30,11:01:30,7.74,-0.01,21,16254,卖盘,2017-07-18,2017-07-18 11:01:30
11:01:33,11:01:33,7.74,--,27,20898,卖盘,2017-07-18,2017-07-18 11:01:33
11:01:39,11:01:39,7.74,--,119,92106,卖盘,2017-07-18,2017-07-18 11:01:39
11:01:48,11:01:48,7.73,-0.01,3,2319,卖盘,2017-07-18,2017-07-18 11:01:48
11:01:57,11:01:57,7.73,--,3,2319,卖盘,2017-07-18,2017-07-18 11:01:57
11:02:00,11:02:00,7.74,0.01,30,23220,买盘,2017-07-18,2017-07-18 11:02:00
11:02:03,11:02:03,7.73,-0.01,35,27055,卖盘,2017-07-18,2017-07-18 11:02:03
11:02:06,11:02:06,7.73,--,5,3865,卖盘,2017-07-18,2017-07-18 11:02:06
11:02:09,11:02:09,7.74,0.01,2,1548,买盘,2017-07-18,2017-07-18 11:02:09
11:02:12,11:02:12,7.73,-0.01,28,21644,卖盘,2017-07-18,2017-07-18 11:02:12
11:02:15,11:02:15,7.73,--,20,15460,卖盘,2017-07-18,2017-07-18 11:02:15
11:02:18,11:02:18,7.74,0.01,224,173376,买盘,2017-07-18,2017-07-18 11:02:18
11:02:21,11:02:21,7.73,-0.01,3,2319,卖盘,2017-07-18,2017-07-18 11:02:21
11:02:30,11:02:30,7.73,--,4,3092,卖盘,2017-07-18,2017-07-18 11:02:30
11:02:36,11:02:36,7.73,--,3,2319,卖盘,2017-07-18,2017-07-18 11:02:36
11:02:39,11:02:39,7.73,--,158,122134,卖盘,2017-07-18,2017-07-18 11:02:39
11:02:42,11:02:42,7.73,--,16,12368,卖盘,2017-07-18,2017-07-18 11:02:42
11:02:45,11:02:45,7.74,0.01,97,75078,买盘,2017-07-18,2017-07-18 11:02:45
11:02:48,11:02:48,7.74,--,52,40248,卖盘,2017-07-18,2017-07-18 11:02:48
11:02:51,11:02:51,7.73,-0.01,3,2319,卖盘,2017-07-18,2017-07-18 11:02:51
11:02:54,11:02:54,7.73,--,3,2319,卖盘,2017-07-18,2017-07-18 11:02:54
11:03:03,11:03:03,7.73,--,3,2319,卖盘,2017-07-18,2017-07-18 11:03:03
11:03:09,11:03:09,7.73,--,4,3092,卖盘,2017-07-18,2017-07-18 11:03:09
11:03:12,11:03:12,7.73,--,5,3865,卖盘,2017-07-18,2017-07-18 11:03:12
11:03:18,11:03:18,7.73,--,3,2319,卖盘,2017-07-18,2017-07-18 11:03:18
11:03:24,11:03:24,7.73,--,3,2319,卖盘,2017-07-18,2017-07-18 11:03:24
11:03:27,11:03:27,7.74,0.01,10,7740,买盘,2017-07-18,2017-07-18 11:03:27
11:03:33,11:03:33,7.73,-0.01,33,25509,卖盘,2017-07-18,2017-07-18 11:03:33
11:03:39,11:03:39,7.73,--,6,4638,卖盘,2017-07-18,2017-07-18 11:03:39
11:03:42,11:03:42,7.73,--,10,7730,卖盘,2017-07-18,2017-07-18 11:03:42
11:03:48,11:03:48,7.73,--,3,2319,卖盘,2017-07-18,2017-07-18 11:03:48
11:03:54,11:03:54,7.73,--,21,16233,卖盘,2017-07-18,2017-07-18 11:03:54
11:03:57,11:03:57,7.73,--,3,2319,卖盘,2017-07-18,2017-07-18 11:03:57
11:04:06,11:04:06,7.73,--,22,17006,卖盘,2017-07-18,2017-07-18 11:04:06
11:04:12,11:04:12,7.73,--,3,2319,卖盘,2017-07-18,2017-07-18 11:04:12
11:04:15,11:04:15,7.73,--,87,67251,卖盘,2017-07-18,2017-07-18 11:04:15
11:04:21,11:04:21,7.72,-0.01,3,2316,卖盘,2017-07-18,2017-07-18 11:04:21
11:04:24,11:04:24,7.73,0.01,103,79619,买盘,2017-07-18,2017-07-18 11:04:24
11:04:30,11:04:30,7.73,--,23,17779,卖盘,2017-07-18,2017-07-18 11:04:30
11:04:33,11:04:33,7.73,--,8,6184,卖盘,2017-07-18,2017-07-18 11:04:33
11:04:39,11:04:39,7.73,--,18,13914,卖盘,2017-07-18,2017-07-18 11:04:39
11:04:42,11:04:42,7.74,0.01,10,7740,买盘,2017-07-18,2017-07-18 11:04:42
11:04:45,11:04:45,7.73,-0.01,3,2319,卖盘,2017-07-18,2017-07-18 11:04:45
11:04:54,11:04:54,7.74,0.01,353,273222,买盘,2017-07-18,2017-07-18 11:04:54
11:04:57,11:04:57,7.73,-0.01,200,154600,卖盘,2017-07-18,2017-07-18 11:04:57
11:05:00,11:05:00,7.74,0.01,4,3096,买盘,2017-07-18,2017-07-18 11:05:00
11:05:03,11:05:03,7.74,--,4,3096,卖盘,2017-07-18,2017-07-18 11:05:03
11:05:06,11:05:06,7.75,0.01,207,160425,买盘,2017-07-18,2017-07-18 11:05:06
11:05:09,11:05:09,7.74,-0.01,3,2322,卖盘,2017-07-18,2017-07-18 11:05:09
11:05:12,11:05:12,7.75,0.01,13,10075,买盘,2017-07-18,2017-07-18 11:05:12
11:05:15,11:05:15,7.75,--,25,19375,买盘,2017-07-18,2017-07-18 11:05:15
11:05:18,11:05:18,7.75,--,18,13950,买盘,2017-07-18,2017-07-18 11:05:18
11:05:24,11:05:24,7.75,--,4,3100,卖盘,2017-07-18,2017-07-18 11:05:24
11:05:27,11:05:27,7.75,--,20,15500,买盘,2017-07-18,2017-07-18 11:05:27
11:05:30,11:05:30,7.75,--,19,14725,买盘,2017-07-18,2017-07-18 11:05:30
11:05:33,11:05:33,7.75,--,150,116250,买盘,2017-07-18,2017-07-18 11:05:33
11:05:36,11:05:36,7.75,--,3,2325,卖盘,2017-07-18,2017-07-18 11:05:36
11:05:42,11:05:42,7.76,0.01,147,114072,买盘,2017-07-18,2017-07-18 11:05:42
11:05:48,11:05:48,7.76,--,6,4656,卖盘,2017-07-18,2017-07-18 11:05:48
11:05:51,11:05:51,7.77,0.01,103,80031,买盘,2017-07-18,2017-07-18 11:05:51
11:05:57,11:05:57,7.76,-0.01,7,5432,卖盘,2017-07-18,2017-07-18 11:05:57
11:06:00,11:06:00,7.77,0.01,189,146853,买盘,2017-07-18,2017-07-18 11:06:00
11:06:06,11:06:06,7.77,--,3,2331,卖盘,2017-07-18,2017-07-18 11:06:06
11:06:09,11:06:09,7.78,0.01,325,252850,买盘,2017-07-18,2017-07-18 11:06:09
11:06:12,11:06:12,7.77,-0.01,70,54390,卖盘,2017-07-18,2017-07-18 11:06:12
11:06:15,11:06:15,7.79,0.02,1463,1139677,买盘,2017-07-18,2017-07-18 11:06:15
11:06:18,11:06:18,7.79,--,588,458052,买盘,2017-07-18,2017-07-18 11:06:18
11:06:21,11:06:21,7.79,--,203,158137,买盘,2017-07-18,2017-07-18 11:06:21
11:06:24,11:06:24,7.79,--,199,155021,买盘,2017-07-18,2017-07-18 11:06:24
11:06:27,11:06:27,7.82,0.03,1404,1098029,买盘,2017-07-18,2017-07-18 11:06:27
11:06:30,11:06:30,7.82,--,3,2346,卖盘,2017-07-18,2017-07-18 11:06:30
11:06:33,11:06:33,7.83,0.01,1,783,买盘,2017-07-18,2017-07-18 11:06:33
11:06:36,11:06:36,7.85,0.02,94,73790,买盘,2017-07-18,2017-07-18 11:06:36
11:06:39,11:06:39,7.78,-0.07,3,2334,卖盘,2017-07-18,2017-07-18 11:06:39
11:06:45,11:06:45,7.84,0.06,259,203056,买盘,2017-07-18,2017-07-18 11:06:45
11:06:48,11:06:48,7.84,--,30,23520,买盘,2017-07-18,2017-07-18 11:06:48
11:06:51,11:06:51,7.84,--,124,97216,买盘,2017-07-18,2017-07-18 11:06:51
11:06:54,11:06:54,7.83,-0.01,57,44631,中性盘,2017-07-18,2017-07-18 11:06:54
11:06:57,11:06:57,7.83,--,32,25056,买盘,2017-07-18,2017-07-18 11:06:57
11:07:00,11:07:00,7.83,--,83,64989,买盘,2017-07-18,2017-07-18 11:07:00
11:07:03,11:07:03,7.83,--,315,246645,买盘,2017-07-18,2017-07-18 11:07:03
11:07:06,11:07:06,7.83,--,95,74385,买盘,2017-07-18,2017-07-18 11:07:06
11:07:09,11:07:09,7.81,-0.02,18,14058,卖盘,2017-07-18,2017-07-18 11:07:09
11:07:12,11:07:12,7.83,0.02,12,9396,买盘,2017-07-18,2017-07-18 11:07:12
11:07:15,11:07:15,7.81,-0.02,15,11715,卖盘,2017-07-18,2017-07-18 11:07:15
11:07:18,11:07:18,7.83,0.02,300,234900,买盘,2017-07-18,2017-07-18 11:07:18
11:07:24,11:07:24,7.8,-0.03,36,28080,卖盘,2017-07-18,2017-07-18 11:07:24
11:07:27,11:07:27,7.82,0.02,10,7820,买盘,2017-07-18,2017-07-18 11:07:27
11:07:30,11:07:30,7.82,--,101,78982,买盘,2017-07-18,2017-07-18 11:07:30
11:07:33,11:07:33,7.82,--,105,82110,买盘,2017-07-18,2017-07-18 11:07:33
11:07:36,11:07:36,7.82,--,19,14858,卖盘,2017-07-18,2017-07-18 11:07:36
11:07:39,11:07:39,7.82,--,107,83674,卖盘,2017-07-18,2017-07-18 11:07:39
11:07:42,11:07:42,7.82,--,259,202538,卖盘,2017-07-18,2017-07-18 11:07:42
11:07:45,11:07:45,7.82,--,12,9384,买盘,2017-07-18,2017-07-18 11:07:45
11:07:48,11:07:48,7.82,--,33,25806,买盘,2017-07-18,2017-07-18 11:07:48
11:07:51,11:07:51,7.81,-0.01,4,3124,卖盘,2017-07-18,2017-07-18 11:07:51
11:07:54,11:07:54,7.81,--,46,35926,卖盘,2017-07-18,2017-07-18 11:07:54
11:07:57,11:07:57,7.8,-0.01,9,7020,卖盘,2017-07-18,2017-07-18 11:07:57
11:08:06,11:08:06,7.8,--,53,41340,卖盘,2017-07-18,2017-07-18 11:08:06
11:08:09,11:08:09,7.81,0.01,20,15620,买盘,2017-07-18,2017-07-18 11:08:09
11:08:12,11:08:12,7.8,-0.01,47,36660,卖盘,2017-07-18,2017-07-18 11:08:12
11:08:15,11:08:15,7.8,--,8,6240,卖盘,2017-07-18,2017-07-18 11:08:15
11:08:18,11:08:18,7.8,--,20,15600,卖盘,2017-07-18,2017-07-18 11:08:18
11:08:21,11:08:21,7.8,--,3,2340,卖盘,2017-07-18,2017-07-18 11:08:21
11:08:24,11:08:24,7.8,--,7,5460,卖盘,2017-07-18,2017-07-18 11:08:24
11:08:30,11:08:30,7.8,--,18,14040,买盘,2017-07-18,2017-07-18 11:08:30
11:08:33,11:08:33,7.78,-0.02,9,7002,卖盘,2017-07-18,2017-07-18 11:08:33
11:08:36,11:08:36,7.78,--,3,2334,卖盘,2017-07-18,2017-07-18 11:08:36
11:08:45,11:08:45,7.78,--,4,3112,卖盘,2017-07-18,2017-07-18 11:08:45
11:08:48,11:08:48,7.8,0.02,100,78000,买盘,2017-07-18,2017-07-18 11:08:48
11:08:51,11:08:51,7.78,-0.02,14,10892,卖盘,2017-07-18,2017-07-18 11:08:51
11:08:54,11:08:54,7.77,-0.01,3,2331,卖盘,2017-07-18,2017-07-18 11:08:54
11:09:03,11:09:03,7.77,--,3,2331,中性盘,2017-07-18,2017-07-18 11:09:03
11:09:06,11:09:06,7.77,--,117,90909,卖盘,2017-07-18,2017-07-18 11:09:06
11:09:09,11:09:09,7.76,-0.01,40,31040,卖盘,2017-07-18,2017-07-18 11:09:09
11:09:18,11:09:18,7.77,0.01,6,4662,卖盘,2017-07-18,2017-07-18 11:09:18
11:09:21,11:09:21,7.78,0.01,5,3890,买盘,2017-07-18,2017-07-18 11:09:21
11:09:27,11:09:27,7.78,--,3,2334,卖盘,2017-07-18,2017-07-18 11:09:27
11:09:33,11:09:33,7.78,--,3,2334,卖盘,2017-07-18,2017-07-18 11:09:33
11:09:39,11:09:39,7.79,0.01,15,11685,买盘,2017-07-18,2017-07-18 11:09:39
11:09:42,11:09:42,7.79,--,4,3116,卖盘,2017-07-18,2017-07-18 11:09:42
11:09:45,11:09:45,7.79,--,15,11685,卖盘,2017-07-18,2017-07-18 11:09:45
11:09:48,11:09:48,7.8,0.01,489,381420,买盘,2017-07-18,2017-07-18 11:09:48
11:09:54,11:09:54,7.81,0.01,47,36707,买盘,2017-07-18,2017-07-18 11:09:54
11:09:57,11:09:57,7.81,--,3,2343,卖盘,2017-07-18,2017-07-18 11:09:57
11:10:03,11:10:03,7.82,0.01,7,5474,买盘,2017-07-18,2017-07-18 11:10:03
11:10:06,11:10:06,7.82,--,9,7038,买盘,2017-07-18,2017-07-18 11:10:06
11:10:09,11:10:09,7.82,--,11,8602,买盘,2017-07-18,2017-07-18 11:10:09
11:10:12,11:10:12,7.81,-0.01,27,21087,卖盘,2017-07-18,2017-07-18 11:10:12
11:10:15,11:10:15,7.82,0.01,171,133722,买盘,2017-07-18,2017-07-18 11:10:15
11:10:18,11:10:18,7.82,--,3,2346,买盘,2017-07-18,2017-07-18 11:10:18
11:10:21,11:10:21,7.81,-0.01,60,46860,卖盘,2017-07-18,2017-07-18 11:10:21
11:10:24,11:10:24,7.82,0.01,7,5474,买盘,2017-07-18,2017-07-18 11:10:24
11:10:30,11:10:30,7.81,-0.01,4,3124,卖盘,2017-07-18,2017-07-18 11:10:30
11:10:33,11:10:33,7.81,--,10,7810,卖盘,2017-07-18,2017-07-18 11:10:33
11:10:39,11:10:39,7.81,--,100,78100,卖盘,2017-07-18,2017-07-18 11:10:39
11:10:45,11:10:45,7.81,--,105,82005,买盘,2017-07-18,2017-07-18 11:10:45
11:10:48,11:10:48,7.8,-0.01,3,2340,卖盘,2017-07-18,2017-07-18 11:10:48
11:10:51,11:10:51,7.8,--,23,17940,卖盘,2017-07-18,2017-07-18 11:10:51
11:10:54,11:10:54,7.8,--,3,2340,卖盘,2017-07-18,2017-07-18 11:10:54
11:11:00,11:11:00,7.81,0.01,17,13277,买盘,2017-07-18,2017-07-18 11:11:00
11:11:03,11:11:03,7.8,-0.01,3,2340,卖盘,2017-07-18,2017-07-18 11:11:03
11:11:09,11:11:09,7.8,--,15,11700,卖盘,2017-07-18,2017-07-18 11:11:09
11:11:15,11:11:15,7.8,--,5,3900,卖盘,2017-07-18,2017-07-18 11:11:15
11:11:18,11:11:18,7.8,--,3,2340,卖盘,2017-07-18,2017-07-18 11:11:18
11:11:24,11:11:24,7.81,0.01,2,1562,买盘,2017-07-18,2017-07-18 11:11:24
11:11:27,11:11:27,7.8,-0.01,13,10140,卖盘,2017-07-18,2017-07-18 11:11:27
11:11:33,11:11:33,7.8,--,9,7020,卖盘,2017-07-18,2017-07-18 11:11:33
11:11:42,11:11:42,7.8,--,53,41340,卖盘,2017-07-18,2017-07-18 11:11:42
11:11:45,11:11:45,7.8,--,29,22620,卖盘,2017-07-18,2017-07-18 11:11:45
11:11:51,11:11:51,7.8,--,188,146640,卖盘,2017-07-18,2017-07-18 11:11:51
11:11:54,11:11:54,7.8,--,70,54600,卖盘,2017-07-18,2017-07-18 11:11:54
11:11:57,11:11:57,7.8,--,5,3900,卖盘,2017-07-18,2017-07-18 11:11:57
11:12:00,11:12:00,7.8,--,3,2340,卖盘,2017-07-18,2017-07-18 11:12:00
11:12:03,11:12:03,7.8,--,10,7800,卖盘,2017-07-18,2017-07-18 11:12:03
11:12:06,11:12:06,7.8,--,103,80340,卖盘,2017-07-18,2017-07-18 11:12:06
11:12:09,11:12:09,7.8,--,5,3900,卖盘,2017-07-18,2017-07-18 11:12:09
11:12:12,11:12:12,7.81,0.01,30,23430,买盘,2017-07-18,2017-07-18 11:12:12
11:12:15,11:12:15,7.8,-0.01,3,2340,卖盘,2017-07-18,2017-07-18 11:12:15
11:12:18,11:12:18,7.81,0.01,2,1562,买盘,2017-07-18,2017-07-18 11:12:18
11:12:21,11:12:21,7.8,-0.01,303,236340,卖盘,2017-07-18,2017-07-18 11:12:21
11:12:27,11:12:27,7.8,--,100,78000,买盘,2017-07-18,2017-07-18 11:12:27
11:12:30,11:12:30,7.79,-0.01,103,80237,卖盘,2017-07-18,2017-07-18 11:12:30
11:12:33,11:12:33,7.8,0.01,14,10920,买盘,2017-07-18,2017-07-18 11:12:33
11:12:39,11:12:39,7.79,-0.01,4,3116,卖盘,2017-07-18,2017-07-18 11:12:39
11:12:42,11:12:42,7.79,--,20,15580,卖盘,2017-07-18,2017-07-18 11:12:42
11:12:48,11:12:48,7.79,--,6,4674,卖盘,2017-07-18,2017-07-18 11:12:48
11:12:54,11:12:54,7.79,--,2,1558,卖盘,2017-07-18,2017-07-18 11:12:54
11:13:03,11:13:03,7.78,-0.01,3,2334,卖盘,2017-07-18,2017-07-18 11:13:03
11:13:09,11:13:09,7.78,--,6,4668,卖盘,2017-07-18,2017-07-18 11:13:09
11:13:15,11:13:15,7.78,--,51,39678,买盘,2017-07-18,2017-07-18 11:13:15
11:13:18,11:13:18,7.78,--,3,2334,卖盘,2017-07-18,2017-07-18 11:13:18
11:13:24,11:13:24,7.78,--,8,6224,卖盘,2017-07-18,2017-07-18 11:13:24
11:13:27,11:13:27,7.78,--,8,6224,卖盘,2017-07-18,2017-07-18 11:13:27
11:13:33,11:13:33,7.77,-0.01,506,393162,卖盘,2017-07-18,2017-07-18 11:13:33
11:13:39,11:13:39,7.78,0.01,2,1556,中性盘,2017-07-18,2017-07-18 11:13:39
11:13:42,11:13:42,7.77,-0.01,5,3885,卖盘,2017-07-18,2017-07-18 11:13:42
11:13:51,11:13:51,7.78,0.01,23,17894,买盘,2017-07-18,2017-07-18 11:13:51
11:13:57,11:13:57,7.77,-0.01,10,7770,卖盘,2017-07-18,2017-07-18 11:13:57
11:14:00,11:14:00,7.78,0.01,5,3890,买盘,2017-07-18,2017-07-18 11:14:00
11:14:06,11:14:06,7.77,-0.01,13,10101,卖盘,2017-07-18,2017-07-18 11:14:06
11:14:15,11:14:15,7.78,0.01,8,6224,买盘,2017-07-18,2017-07-18 11:14:15
11:14:18,11:14:18,7.78,--,34,26452,买盘,2017-07-18,2017-07-18 11:14:18
11:14:21,11:14:21,7.78,--,8,6224,买盘,2017-07-18,2017-07-18 11:14:21
11:14:24,11:14:24,7.77,-0.01,3,2331,卖盘,2017-07-18,2017-07-18 11:14:24
11:14:27,11:14:27,7.78,0.01,23,17894,买盘,2017-07-18,2017-07-18 11:14:27
11:14:30,11:14:30,7.78,--,4,3112,卖盘,2017-07-18,2017-07-18 11:14:30
11:14:39,11:14:39,7.78,--,3,2334,卖盘,2017-07-18,2017-07-18 11:14:39
11:14:48,11:14:48,7.78,--,3,2334,卖盘,2017-07-18,2017-07-18 11:14:48
11:14:51,11:14:51,7.79,0.01,39,30381,买盘,2017-07-18,2017-07-18 11:14:51
11:14:54,11:14:54,7.79,--,3,2337,卖盘,2017-07-18,2017-07-18 11:14:54
11:15:03,11:15:03,7.79,--,3,2337,卖盘,2017-07-18,2017-07-18 11:15:03
11:15:12,11:15:12,7.79,--,53,41287,卖盘,2017-07-18,2017-07-18 11:15:12
11:15:15,11:15:15,7.8,0.01,5,3900,买盘,2017-07-18,2017-07-18 11:15:15
11:15:18,11:15:18,7.79,-0.01,3,2337,卖盘,2017-07-18,2017-07-18 11:15:18
11:15:24,11:15:24,7.79,--,10,7790,卖盘,2017-07-18,2017-07-18 11:15:24
11:15:27,11:15:27,7.79,--,15,11685,卖盘,2017-07-18,2017-07-18 11:15:27
11:15:33,11:15:33,7.8,0.01,6,4680,买盘,2017-07-18,2017-07-18 11:15:33
11:15:36,11:15:36,7.79,-0.01,72,56088,卖盘,2017-07-18,2017-07-18 11:15:36
11:15:45,11:15:45,7.78,-0.01,3,2334,卖盘,2017-07-18,2017-07-18 11:15:45
11:15:51,11:15:51,7.78,--,3,2334,卖盘,2017-07-18,2017-07-18 11:15:51
11:15:54,11:15:54,7.78,--,20,15560,卖盘,2017-07-18,2017-07-18 11:15:54
11:15:57,11:15:57,7.78,--,179,139262,卖盘,2017-07-18,2017-07-18 11:15:57
11:16:00,11:16:00,7.79,0.01,131,102049,买盘,2017-07-18,2017-07-18 11:16:00
11:16:06,11:16:06,7.78,-0.01,4,3112,买盘,2017-07-18,2017-07-18 11:16:06
11:16:09,11:16:09,7.77,-0.01,3,2331,卖盘,2017-07-18,2017-07-18 11:16:09
11:16:15,11:16:15,7.77,--,3,2331,卖盘,2017-07-18,2017-07-18 11:16:15
11:16:24,11:16:24,7.77,--,27,20979,卖盘,2017-07-18,2017-07-18 11:16:24
11:16:27,11:16:27,7.77,--,0,388,卖盘,2017-07-18,2017-07-18 11:16:27
11:16:30,11:16:30,7.77,--,3,2331,卖盘,2017-07-18,2017-07-18 11:16:30
11:16:33,11:16:33,7.78,0.01,34,26452,买盘,2017-07-18,2017-07-18 11:16:33
11:16:36,11:16:36,7.77,-0.01,25,19425,卖盘,2017-07-18,2017-07-18 11:16:36
11:16:39,11:16:39,7.77,--,3,2331,卖盘,2017-07-18,2017-07-18 11:16:39
11:16:48,11:16:48,7.77,--,12,9324,卖盘,2017-07-18,2017-07-18 11:16:48
11:16:54,11:16:54,7.78,0.01,888,690864,买盘,2017-07-18,2017-07-18 11:16:54
11:17:03,11:17:03,7.75,-0.03,369,286362,卖盘,2017-07-18,2017-07-18 11:17:03
11:17:12,11:17:12,7.73,-0.02,3,2319,卖盘,2017-07-18,2017-07-18 11:17:12
11:17:21,11:17:21,7.73,--,47,36331,卖盘,2017-07-18,2017-07-18 11:17:21
11:17:27,11:17:27,7.73,--,10,7730,卖盘,2017-07-18,2017-07-18 11:17:27
11:17:33,11:17:33,7.73,--,236,182428,卖盘,2017-07-18,2017-07-18 11:17:33
11:17:36,11:17:36,7.73,--,3,2319,卖盘,2017-07-18,2017-07-18 11:17:36
11:17:39,11:17:39,7.73,--,9,6957,卖盘,2017-07-18,2017-07-18 11:17:39
11:17:42,11:17:42,7.74,0.01,60,46440,卖盘,2017-07-18,2017-07-18 11:17:42
11:17:45,11:17:45,7.74,--,5,3870,买盘,2017-07-18,2017-07-18 11:17:45
11:17:48,11:17:48,7.73,-0.01,518,400414,卖盘,2017-07-18,2017-07-18 11:17:48
11:17:51,11:17:51,7.74,0.01,3,2322,中性盘,2017-07-18,2017-07-18 11:17:51
11:18:00,11:18:00,7.74,--,3,2322,卖盘,2017-07-18,2017-07-18 11:18:00
11:18:06,11:18:06,7.74,--,3,2322,卖盘,2017-07-18,2017-07-18 11:18:06
11:18:12,11:18:12,7.75,0.01,10,7750,买盘,2017-07-18,2017-07-18 11:18:12
11:18:15,11:18:15,7.75,--,34,26350,买盘,2017-07-18,2017-07-18 11:18:15
11:18:24,11:18:24,7.75,--,3,2766,买盘,2017-07-18,2017-07-18 11:18:24
11:18:33,11:18:33,7.75,--,3,2325,卖盘,2017-07-18,2017-07-18 11:18:33
11:18:36,11:18:36,7.75,--,10,7750,卖盘,2017-07-18,2017-07-18 11:18:36
11:18:39,11:18:39,7.75,--,3,2325,卖盘,2017-07-18,2017-07-18 11:18:39
11:18:48,11:18:48,7.75,--,3,2325,卖盘,2017-07-18,2017-07-18 11:18:48
11:18:51,11:18:51,7.77,0.02,4,3108,买盘,2017-07-18,2017-07-18 11:18:51
11:18:57,11:18:57,7.75,-0.02,3,2325,卖盘,2017-07-18,2017-07-18 11:18:57
11:19:00,11:19:00,7.75,--,1,775,卖盘,2017-07-18,2017-07-18 11:19:00
11:19:03,11:19:03,7.76,0.01,2,1552,买盘,2017-07-18,2017-07-18 11:19:03
11:19:06,11:19:06,7.76,--,41,31816,买盘,2017-07-18,2017-07-18 11:19:06
11:19:12,11:19:12,7.76,--,4,3104,卖盘,2017-07-18,2017-07-18 11:19:12
11:19:21,11:19:21,7.76,--,3,2328,卖盘,2017-07-18,2017-07-18 11:19:21
11:19:27,11:19:27,7.76,--,6,4656,卖盘,2017-07-18,2017-07-18 11:19:27
11:19:36,11:19:36,7.76,--,3,2328,卖盘,2017-07-18,2017-07-18 11:19:36
11:19:42,11:19:42,7.76,--,3,2328,卖盘,2017-07-18,2017-07-18 11:19:42
11:19:48,11:19:48,7.76,--,40,31040,卖盘,2017-07-18,2017-07-18 11:19:48
11:19:51,11:19:51,7.76,--,3,2328,卖盘,2017-07-18,2017-07-18 11:19:51
11:19:54,11:19:54,7.77,0.01,727,564879,买盘,2017-07-18,2017-07-18 11:19:54
11:20:00,11:20:00,7.77,--,73,56721,卖盘,2017-07-18,2017-07-18 11:20:00
11:20:03,11:20:03,7.77,--,5,3885,卖盘,2017-07-18,2017-07-18 11:20:03
11:20:06,11:20:06,7.78,0.01,21,16338,买盘,2017-07-18,2017-07-18 11:20:06
11:20:12,11:20:12,7.78,--,5,3890,买盘,2017-07-18,2017-07-18 11:20:12
11:20:15,11:20:15,7.75,-0.03,3,2325,卖盘,2017-07-18,2017-07-18 11:20:15
11:20:24,11:20:24,7.76,0.01,3,2328,中性盘,2017-07-18,2017-07-18 11:20:24
11:20:30,11:20:30,7.78,0.02,30,23340,买盘,2017-07-18,2017-07-18 11:20:30
11:20:33,11:20:33,7.76,-0.02,3,2328,卖盘,2017-07-18,2017-07-18 11:20:33
11:20:36,11:20:36,7.78,0.02,20,15560,买盘,2017-07-18,2017-07-18 11:20:36
11:20:39,11:20:39,7.76,-0.02,3,2328,卖盘,2017-07-18,2017-07-18 11:20:39
11:20:48,11:20:48,7.77,0.01,3,2331,中性盘,2017-07-18,2017-07-18 11:20:48
11:20:57,11:20:57,7.77,--,3,2331,卖盘,2017-07-18,2017-07-18 11:20:57
11:21:03,11:21:03,7.76,-0.01,6,4656,卖盘,2017-07-18,2017-07-18 11:21:03
11:21:12,11:21:12,7.76,--,3,2328,卖盘,2017-07-18,2017-07-18 11:21:12
11:21:15,11:21:15,7.77,0.01,8,6216,买盘,2017-07-18,2017-07-18 11:21:15
11:21:21,11:21:21,7.77,--,2,1554,卖盘,2017-07-18,2017-07-18 11:21:21
11:21:27,11:21:27,7.76,-0.01,3,2328,卖盘,2017-07-18,2017-07-18 11:21:27
11:21:36,11:21:36,7.76,--,3,2328,卖盘,2017-07-18,2017-07-18 11:21:36
11:21:42,11:21:42,7.76,--,3,2328,卖盘,2017-07-18,2017-07-18 11:21:42
11:21:51,11:21:51,7.76,--,24,18624,卖盘,2017-07-18,2017-07-18 11:21:51
