idx_time,time,price,change,volume,amount,type,date,date_time
09:25:03,09:25:03,8.0,8,509,407200,买盘,2017-07-17,2017-07-17 09:25:03
09:30:00,09:30:00,8.0,--,0,0,卖盘,2017-07-17,2017-07-17 09:30:00
09:30:03,09:30:03,7.99,-0.01,142,113458,卖盘,2017-07-17,2017-07-17 09:30:03
09:30:06,09:30:06,7.99,--,10,7990,买盘,2017-07-17,2017-07-17 09:30:06
09:30:21,09:30:21,7.99,--,12,9588,买盘,2017-07-17,2017-07-17 09:30:21
09:30:24,09:30:24,7.98,-0.01,198,158004,卖盘,2017-07-17,2017-07-17 09:30:24
09:30:30,09:30:30,7.98,--,20,15960,买盘,2017-07-17,2017-07-17 09:30:30
09:30:33,09:30:33,7.97,-0.01,35,27895,卖盘,2017-07-17,2017-07-17 09:30:33
09:30:36,09:30:36,7.98,0.01,88,70224,买盘,2017-07-17,2017-07-17 09:30:36
09:30:45,09:30:45,7.96,-0.02,2,1592,卖盘,2017-07-17,2017-07-17 09:30:45
09:30:48,09:30:48,7.96,--,13,10348,卖盘,2017-07-17,2017-07-17 09:30:48
09:30:51,09:30:51,7.96,--,3,2388,卖盘,2017-07-17,2017-07-17 09:30:51
09:30:54,09:30:54,7.96,--,4,3184,卖盘,2017-07-17,2017-07-17 09:30:54
09:31:00,09:31:00,7.96,--,8,6368,卖盘,2017-07-17,2017-07-17 09:31:00
09:31:03,09:31:03,7.96,--,16,12736,卖盘,2017-07-17,2017-07-17 09:31:03
09:31:06,09:31:06,7.97,0.01,163,129911,买盘,2017-07-17,2017-07-17 09:31:06
09:31:09,09:31:09,7.96,-0.01,36,28656,卖盘,2017-07-17,2017-07-17 09:31:09
09:31:12,09:31:12,7.96,--,1,796,买盘,2017-07-17,2017-07-17 09:31:12
09:31:15,09:31:15,7.96,--,20,15920,买盘,2017-07-17,2017-07-17 09:31:15
09:31:21,09:31:21,7.95,-0.01,24,19080,卖盘,2017-07-17,2017-07-17 09:31:21
09:31:24,09:31:24,7.94,-0.01,45,35730,卖盘,2017-07-17,2017-07-17 09:31:24
09:31:27,09:31:27,7.96,0.02,20,15920,买盘,2017-07-17,2017-07-17 09:31:27
09:31:30,09:31:30,7.94,-0.02,1,794,卖盘,2017-07-17,2017-07-17 09:31:30
09:31:39,09:31:39,7.95,0.01,20,15900,买盘,2017-07-17,2017-07-17 09:31:39
09:31:48,09:31:48,7.95,--,12,9540,买盘,2017-07-17,2017-07-17 09:31:48
09:31:51,09:31:51,7.95,--,5,3975,卖盘,2017-07-17,2017-07-17 09:31:51
09:31:54,09:31:54,7.95,--,23,18285,卖盘,2017-07-17,2017-07-17 09:31:54
09:32:06,09:32:06,7.95,--,90,71550,卖盘,2017-07-17,2017-07-17 09:32:06
09:32:09,09:32:09,7.94,-0.01,41,32554,卖盘,2017-07-17,2017-07-17 09:32:09
09:32:15,09:32:15,7.94,--,26,20644,卖盘,2017-07-17,2017-07-17 09:32:15
09:32:18,09:32:18,7.95,0.01,5,3975,中性盘,2017-07-17,2017-07-17 09:32:18
09:32:21,09:32:21,7.95,--,11,8745,卖盘,2017-07-17,2017-07-17 09:32:21
09:32:24,09:32:24,7.95,--,6,4770,卖盘,2017-07-17,2017-07-17 09:32:24
09:32:27,09:32:27,7.96,0.01,10,7960,买盘,2017-07-17,2017-07-17 09:32:27
09:32:30,09:32:30,7.96,--,138,109848,买盘,2017-07-17,2017-07-17 09:32:30
09:32:39,09:32:39,7.97,0.01,10,7970,买盘,2017-07-17,2017-07-17 09:32:39
09:32:45,09:32:45,7.97,--,20,15940,买盘,2017-07-17,2017-07-17 09:32:45
09:32:54,09:32:54,7.96,-0.01,414,329544,卖盘,2017-07-17,2017-07-17 09:32:54
09:32:57,09:32:57,7.96,--,30,23880,买盘,2017-07-17,2017-07-17 09:32:57
09:33:03,09:33:03,7.96,--,95,75620,买盘,2017-07-17,2017-07-17 09:33:03
09:33:06,09:33:06,7.96,--,34,27064,卖盘,2017-07-17,2017-07-17 09:33:06
09:33:12,09:33:12,7.96,--,36,28656,买盘,2017-07-17,2017-07-17 09:33:12
09:33:15,09:33:15,7.96,--,20,15920,卖盘,2017-07-17,2017-07-17 09:33:15
09:33:18,09:33:18,7.96,--,15,11940,卖盘,2017-07-17,2017-07-17 09:33:18
09:33:24,09:33:24,7.95,-0.01,18,14310,卖盘,2017-07-17,2017-07-17 09:33:24
09:33:36,09:33:36,7.97,0.02,11,8767,买盘,2017-07-17,2017-07-17 09:33:36
09:33:48,09:33:48,7.95,-0.02,99,78705,卖盘,2017-07-17,2017-07-17 09:33:48
09:33:51,09:33:51,7.95,--,184,146280,卖盘,2017-07-17,2017-07-17 09:33:51
09:34:00,09:34:00,7.96,0.01,50,39800,中性盘,2017-07-17,2017-07-17 09:34:00
09:34:03,09:34:03,7.95,-0.01,50,39750,卖盘,2017-07-17,2017-07-17 09:34:03
09:34:06,09:34:06,7.95,--,1,795,中性盘,2017-07-17,2017-07-17 09:34:06
09:34:09,09:34:09,7.95,--,25,19875,卖盘,2017-07-17,2017-07-17 09:34:09
09:34:15,09:34:15,7.94,-0.01,3,2382,卖盘,2017-07-17,2017-07-17 09:34:15
09:34:18,09:34:18,7.94,--,127,100838,卖盘,2017-07-17,2017-07-17 09:34:18
09:34:21,09:34:21,7.92,-0.02,11,8712,卖盘,2017-07-17,2017-07-17 09:34:21
09:34:33,09:34:33,7.93,0.01,20,15860,卖盘,2017-07-17,2017-07-17 09:34:33
09:34:42,09:34:42,7.92,-0.01,194,153648,卖盘,2017-07-17,2017-07-17 09:34:42
09:34:45,09:34:45,7.94,0.02,120,95280,买盘,2017-07-17,2017-07-17 09:34:45
09:34:48,09:34:48,7.92,-0.02,100,79200,中性盘,2017-07-17,2017-07-17 09:34:48
09:34:51,09:34:51,7.92,--,6,4752,中性盘,2017-07-17,2017-07-17 09:34:51
09:34:54,09:34:54,7.92,--,46,36432,卖盘,2017-07-17,2017-07-17 09:34:54
09:35:03,09:35:03,7.93,0.01,131,103883,中性盘,2017-07-17,2017-07-17 09:35:03
09:35:06,09:35:06,7.92,-0.01,12,9504,卖盘,2017-07-17,2017-07-17 09:35:06
09:35:09,09:35:09,7.92,--,91,72072,卖盘,2017-07-17,2017-07-17 09:35:09
09:35:12,09:35:12,7.93,0.01,70,55510,买盘,2017-07-17,2017-07-17 09:35:12
09:35:15,09:35:15,7.92,-0.01,10,7920,卖盘,2017-07-17,2017-07-17 09:35:15
09:35:21,09:35:21,7.93,0.01,30,23790,买盘,2017-07-17,2017-07-17 09:35:21
09:35:24,09:35:24,7.93,--,58,45994,买盘,2017-07-17,2017-07-17 09:35:24
09:35:27,09:35:27,7.93,--,171,135603,卖盘,2017-07-17,2017-07-17 09:35:27
09:35:33,09:35:33,7.93,--,20,15860,买盘,2017-07-17,2017-07-17 09:35:33
09:35:36,09:35:36,7.93,--,170,134810,买盘,2017-07-17,2017-07-17 09:35:36
09:35:39,09:35:39,7.93,--,216,171288,买盘,2017-07-17,2017-07-17 09:35:39
09:35:42,09:35:42,7.92,-0.01,18,14256,卖盘,2017-07-17,2017-07-17 09:35:42
09:35:45,09:35:45,7.93,0.01,2,1586,买盘,2017-07-17,2017-07-17 09:35:45
09:35:48,09:35:48,7.93,--,3,2379,买盘,2017-07-17,2017-07-17 09:35:48
09:35:51,09:35:51,7.92,-0.01,197,156024,卖盘,2017-07-17,2017-07-17 09:35:51
09:35:54,09:35:54,7.93,0.01,4,3172,卖盘,2017-07-17,2017-07-17 09:35:54
09:35:57,09:35:57,7.93,--,54,42822,买盘,2017-07-17,2017-07-17 09:35:57
09:36:09,09:36:09,7.93,--,88,69784,买盘,2017-07-17,2017-07-17 09:36:09
09:36:12,09:36:12,7.93,--,69,54717,买盘,2017-07-17,2017-07-17 09:36:12
09:36:15,09:36:15,7.93,--,22,17446,买盘,2017-07-17,2017-07-17 09:36:15
09:36:18,09:36:18,7.92,-0.01,100,79200,卖盘,2017-07-17,2017-07-17 09:36:18
09:36:24,09:36:24,7.92,--,12,9504,卖盘,2017-07-17,2017-07-17 09:36:24
09:36:36,09:36:36,7.92,--,77,60984,卖盘,2017-07-17,2017-07-17 09:36:36
09:36:39,09:36:39,7.92,--,146,115632,卖盘,2017-07-17,2017-07-17 09:36:39
09:36:45,09:36:45,7.92,--,20,15840,买盘,2017-07-17,2017-07-17 09:36:45
09:36:48,09:36:48,7.91,-0.01,35,27685,卖盘,2017-07-17,2017-07-17 09:36:48
09:36:51,09:36:51,7.91,--,10,7910,卖盘,2017-07-17,2017-07-17 09:36:51
09:36:57,09:36:57,7.91,--,16,12656,卖盘,2017-07-17,2017-07-17 09:36:57
09:37:03,09:37:03,7.91,--,5,3955,卖盘,2017-07-17,2017-07-17 09:37:03
09:37:06,09:37:06,7.91,--,232,183512,卖盘,2017-07-17,2017-07-17 09:37:06
09:37:09,09:37:09,7.9,-0.01,253,199870,卖盘,2017-07-17,2017-07-17 09:37:09
09:37:15,09:37:15,7.89,-0.01,9,7101,卖盘,2017-07-17,2017-07-17 09:37:15
09:37:18,09:37:18,7.89,--,100,78900,买盘,2017-07-17,2017-07-17 09:37:18
09:37:21,09:37:21,7.91,0.02,600,474600,买盘,2017-07-17,2017-07-17 09:37:21
09:37:24,09:37:24,7.88,-0.03,74,58312,卖盘,2017-07-17,2017-07-17 09:37:24
09:37:27,09:37:27,7.88,--,61,48068,卖盘,2017-07-17,2017-07-17 09:37:27
09:37:30,09:37:30,7.88,--,5,3940,卖盘,2017-07-17,2017-07-17 09:37:30
09:37:33,09:37:33,7.88,--,175,137900,卖盘,2017-07-17,2017-07-17 09:37:33
09:37:39,09:37:39,7.87,-0.01,15,11805,卖盘,2017-07-17,2017-07-17 09:37:39
09:37:42,09:37:42,7.87,--,25,19675,买盘,2017-07-17,2017-07-17 09:37:42
09:37:45,09:37:45,7.87,--,1,787,买盘,2017-07-17,2017-07-17 09:37:45
09:37:48,09:37:48,7.87,--,73,57451,买盘,2017-07-17,2017-07-17 09:37:48
09:37:51,09:37:51,7.87,--,86,67682,买盘,2017-07-17,2017-07-17 09:37:51
09:37:54,09:37:54,7.85,-0.02,37,29045,卖盘,2017-07-17,2017-07-17 09:37:54
09:37:57,09:37:57,7.85,--,5,3925,卖盘,2017-07-17,2017-07-17 09:37:57
09:38:00,09:38:00,7.85,--,131,102835,卖盘,2017-07-17,2017-07-17 09:38:00
09:38:06,09:38:06,7.85,--,35,27475,卖盘,2017-07-17,2017-07-17 09:38:06
09:38:09,09:38:09,7.85,--,66,51810,卖盘,2017-07-17,2017-07-17 09:38:09
09:38:12,09:38:12,7.84,-0.01,22,17248,卖盘,2017-07-17,2017-07-17 09:38:12
09:38:15,09:38:15,7.85,0.01,80,62800,买盘,2017-07-17,2017-07-17 09:38:15
09:38:18,09:38:18,7.85,--,33,25905,卖盘,2017-07-17,2017-07-17 09:38:18
09:38:21,09:38:21,7.85,--,97,76145,卖盘,2017-07-17,2017-07-17 09:38:21
09:38:24,09:38:24,7.84,-0.01,16,12544,卖盘,2017-07-17,2017-07-17 09:38:24
09:38:27,09:38:27,7.87,0.03,10,7870,买盘,2017-07-17,2017-07-17 09:38:27
09:38:30,09:38:30,7.85,-0.02,142,111470,卖盘,2017-07-17,2017-07-17 09:38:30
09:38:33,09:38:33,7.87,0.02,1,787,买盘,2017-07-17,2017-07-17 09:38:33
09:38:39,09:38:39,7.85,-0.02,205,160925,卖盘,2017-07-17,2017-07-17 09:38:39
09:38:42,09:38:42,7.86,0.01,5,3930,卖盘,2017-07-17,2017-07-17 09:38:42
09:38:45,09:38:45,7.86,--,60,47160,卖盘,2017-07-17,2017-07-17 09:38:45
09:38:51,09:38:51,7.86,--,100,78600,卖盘,2017-07-17,2017-07-17 09:38:51
09:38:54,09:38:54,7.88,0.02,52,40976,买盘,2017-07-17,2017-07-17 09:38:54
09:39:00,09:39:00,7.88,--,72,56736,买盘,2017-07-17,2017-07-17 09:39:00
09:39:03,09:39:03,7.86,-0.02,50,39300,卖盘,2017-07-17,2017-07-17 09:39:03
09:39:06,09:39:06,7.86,--,1,786,卖盘,2017-07-17,2017-07-17 09:39:06
09:39:09,09:39:09,7.86,--,44,34984,卖盘,2017-07-17,2017-07-17 09:39:09
09:39:18,09:39:18,7.86,--,13,10218,卖盘,2017-07-17,2017-07-17 09:39:18
09:39:21,09:39:21,7.86,--,41,32226,卖盘,2017-07-17,2017-07-17 09:39:21
09:39:30,09:39:30,7.86,--,214,168204,卖盘,2017-07-17,2017-07-17 09:39:30
09:39:33,09:39:33,7.86,--,18,14148,卖盘,2017-07-17,2017-07-17 09:39:33
09:39:36,09:39:36,7.86,--,87,68767,卖盘,2017-07-17,2017-07-17 09:39:36
09:39:45,09:39:45,7.86,--,224,176064,买盘,2017-07-17,2017-07-17 09:39:45
09:39:48,09:39:48,7.86,--,6,4716,买盘,2017-07-17,2017-07-17 09:39:48
09:39:51,09:39:51,7.85,-0.01,88,69080,卖盘,2017-07-17,2017-07-17 09:39:51
09:39:54,09:39:54,7.85,--,330,259050,卖盘,2017-07-17,2017-07-17 09:39:54
09:39:57,09:39:57,7.85,--,76,59660,卖盘,2017-07-17,2017-07-17 09:39:57
09:40:00,09:40:00,7.86,0.01,15,11790,买盘,2017-07-17,2017-07-17 09:40:00
09:40:03,09:40:03,7.86,--,24,18864,买盘,2017-07-17,2017-07-17 09:40:03
09:40:06,09:40:06,7.85,-0.01,40,31400,卖盘,2017-07-17,2017-07-17 09:40:06
09:40:09,09:40:09,7.85,--,107,83995,卖盘,2017-07-17,2017-07-17 09:40:09
09:40:12,09:40:12,7.85,--,49,38465,卖盘,2017-07-17,2017-07-17 09:40:12
09:40:15,09:40:15,7.86,0.01,32,25152,买盘,2017-07-17,2017-07-17 09:40:15
09:40:18,09:40:18,7.85,-0.01,22,17270,卖盘,2017-07-17,2017-07-17 09:40:18
09:40:24,09:40:24,7.85,--,57,44745,卖盘,2017-07-17,2017-07-17 09:40:24
09:40:27,09:40:27,7.86,0.01,41,32226,买盘,2017-07-17,2017-07-17 09:40:27
09:40:30,09:40:30,7.85,-0.01,100,78500,卖盘,2017-07-17,2017-07-17 09:40:30
09:40:33,09:40:33,7.85,--,3,2355,卖盘,2017-07-17,2017-07-17 09:40:33
09:40:36,09:40:36,7.85,--,222,174270,卖盘,2017-07-17,2017-07-17 09:40:36
09:40:39,09:40:39,7.85,--,228,178980,卖盘,2017-07-17,2017-07-17 09:40:39
09:40:42,09:40:42,7.85,--,46,36110,买盘,2017-07-17,2017-07-17 09:40:42
09:40:45,09:40:45,7.84,-0.01,56,43904,卖盘,2017-07-17,2017-07-17 09:40:45
09:40:48,09:40:48,7.84,--,154,120736,卖盘,2017-07-17,2017-07-17 09:40:48
09:40:51,09:40:51,7.84,--,185,145040,卖盘,2017-07-17,2017-07-17 09:40:51
09:40:54,09:40:54,7.84,--,8,6272,卖盘,2017-07-17,2017-07-17 09:40:54
09:40:57,09:40:57,7.8,-0.04,2061,1607580,卖盘,2017-07-17,2017-07-17 09:40:57
09:41:00,09:41:00,7.84,0.04,20,15680,中性盘,2017-07-17,2017-07-17 09:41:00
09:41:06,09:41:06,7.84,--,20,15680,买盘,2017-07-17,2017-07-17 09:41:06
09:41:12,09:41:12,7.8,-0.04,136,106080,卖盘,2017-07-17,2017-07-17 09:41:12
09:41:15,09:41:15,7.81,0.01,23,17963,卖盘,2017-07-17,2017-07-17 09:41:15
09:41:18,09:41:18,7.81,--,27,21087,卖盘,2017-07-17,2017-07-17 09:41:18
09:41:21,09:41:21,7.8,-0.01,47,36660,卖盘,2017-07-17,2017-07-17 09:41:21
09:41:24,09:41:24,7.8,--,26,20280,买盘,2017-07-17,2017-07-17 09:41:24
09:41:30,09:41:30,7.78,-0.02,89,69242,卖盘,2017-07-17,2017-07-17 09:41:30
09:41:33,09:41:33,7.79,0.01,42,32718,中性盘,2017-07-17,2017-07-17 09:41:33
09:41:36,09:41:36,7.78,-0.01,192,149376,卖盘,2017-07-17,2017-07-17 09:41:36
09:41:39,09:41:39,7.77,-0.01,6,4662,卖盘,2017-07-17,2017-07-17 09:41:39
09:41:42,09:41:42,7.77,--,54,41958,卖盘,2017-07-17,2017-07-17 09:41:42
09:41:45,09:41:45,7.75,-0.02,75,58125,卖盘,2017-07-17,2017-07-17 09:41:45
09:41:48,09:41:48,7.77,0.02,22,17094,买盘,2017-07-17,2017-07-17 09:41:48
09:41:54,09:41:54,7.74,-0.03,90,69660,卖盘,2017-07-17,2017-07-17 09:41:54
09:41:57,09:41:57,7.76,0.02,44,34144,买盘,2017-07-17,2017-07-17 09:41:57
09:42:00,09:42:00,7.74,-0.02,5,3870,卖盘,2017-07-17,2017-07-17 09:42:00
09:42:03,09:42:03,7.76,0.02,131,101656,买盘,2017-07-17,2017-07-17 09:42:03
09:42:06,09:42:06,7.74,-0.02,51,39474,卖盘,2017-07-17,2017-07-17 09:42:06
09:42:09,09:42:09,7.74,--,4,3096,买盘,2017-07-17,2017-07-17 09:42:09
09:42:12,09:42:12,7.76,0.02,56,43456,买盘,2017-07-17,2017-07-17 09:42:12
09:42:15,09:42:15,7.73,-0.03,76,58748,卖盘,2017-07-17,2017-07-17 09:42:15
09:42:18,09:42:18,7.74,0.01,36,27864,买盘,2017-07-17,2017-07-17 09:42:18
09:42:21,09:42:21,7.73,-0.01,110,85030,卖盘,2017-07-17,2017-07-17 09:42:21
09:42:24,09:42:24,7.73,--,60,46380,卖盘,2017-07-17,2017-07-17 09:42:24
09:42:27,09:42:27,7.73,--,328,253544,卖盘,2017-07-17,2017-07-17 09:42:27
09:42:30,09:42:30,7.73,--,40,30920,买盘,2017-07-17,2017-07-17 09:42:30
09:42:33,09:42:33,7.73,--,15,11595,买盘,2017-07-17,2017-07-17 09:42:33
09:42:36,09:42:36,7.72,-0.01,103,79516,卖盘,2017-07-17,2017-07-17 09:42:36
09:42:42,09:42:42,7.71,-0.01,65,50115,卖盘,2017-07-17,2017-07-17 09:42:42
09:42:45,09:42:45,7.71,--,125,96375,卖盘,2017-07-17,2017-07-17 09:42:45
09:42:48,09:42:48,7.71,--,148,114108,卖盘,2017-07-17,2017-07-17 09:42:48
09:42:51,09:42:51,7.71,--,42,32382,买盘,2017-07-17,2017-07-17 09:42:51
09:42:54,09:42:54,7.71,--,73,56283,买盘,2017-07-17,2017-07-17 09:42:54
09:42:57,09:42:57,7.7,-0.01,181,139370,卖盘,2017-07-17,2017-07-17 09:42:57
09:43:00,09:43:00,7.71,0.01,30,23130,买盘,2017-07-17,2017-07-17 09:43:00
09:43:03,09:43:03,7.7,-0.01,53,40810,卖盘,2017-07-17,2017-07-17 09:43:03
09:43:09,09:43:09,7.7,--,21,16170,买盘,2017-07-17,2017-07-17 09:43:09
09:43:12,09:43:12,7.68,-0.02,60,46080,卖盘,2017-07-17,2017-07-17 09:43:12
09:43:15,09:43:15,7.68,--,51,39168,买盘,2017-07-17,2017-07-17 09:43:15
09:43:18,09:43:18,7.68,--,30,23040,买盘,2017-07-17,2017-07-17 09:43:18
09:43:21,09:43:21,7.68,--,232,178176,买盘,2017-07-17,2017-07-17 09:43:21
09:43:24,09:43:24,7.65,-0.03,600,459000,卖盘,2017-07-17,2017-07-17 09:43:24
09:43:27,09:43:27,7.68,0.03,14,10752,中性盘,2017-07-17,2017-07-17 09:43:27
09:43:30,09:43:30,7.66,-0.02,44,33704,卖盘,2017-07-17,2017-07-17 09:43:30
09:43:33,09:43:33,7.68,0.02,10,7680,买盘,2017-07-17,2017-07-17 09:43:33
09:43:36,09:43:36,7.67,-0.01,21,16107,中性盘,2017-07-17,2017-07-17 09:43:36
09:43:39,09:43:39,7.68,0.01,51,39168,买盘,2017-07-17,2017-07-17 09:43:39
09:43:42,09:43:42,7.68,--,2,1536,买盘,2017-07-17,2017-07-17 09:43:42
09:43:45,09:43:45,7.68,--,203,155904,买盘,2017-07-17,2017-07-17 09:43:45
09:43:48,09:43:48,7.68,--,30,23040,买盘,2017-07-17,2017-07-17 09:43:48
09:43:51,09:43:51,7.68,--,75,57600,买盘,2017-07-17,2017-07-17 09:43:51
09:43:54,09:43:54,7.68,--,5,3840,买盘,2017-07-17,2017-07-17 09:43:54
09:43:57,09:43:57,7.68,--,62,47616,买盘,2017-07-17,2017-07-17 09:43:57
09:44:00,09:44:00,7.66,-0.02,348,266568,卖盘,2017-07-17,2017-07-17 09:44:00
09:44:03,09:44:03,7.67,0.01,57,43719,卖盘,2017-07-17,2017-07-17 09:44:03
09:44:06,09:44:06,7.67,--,21,16107,买盘,2017-07-17,2017-07-17 09:44:06
09:44:09,09:44:09,7.65,-0.02,731,559215,卖盘,2017-07-17,2017-07-17 09:44:09
09:44:12,09:44:12,7.64,-0.01,20,15280,卖盘,2017-07-17,2017-07-17 09:44:12
09:44:15,09:44:15,7.63,-0.01,211,160993,卖盘,2017-07-17,2017-07-17 09:44:15
09:44:18,09:44:18,7.67,0.04,46,35282,买盘,2017-07-17,2017-07-17 09:44:18
09:44:21,09:44:21,7.66,-0.01,74,56684,卖盘,2017-07-17,2017-07-17 09:44:21
09:44:24,09:44:24,7.66,--,47,36002,卖盘,2017-07-17,2017-07-17 09:44:24
09:44:27,09:44:27,7.65,-0.01,81,61965,卖盘,2017-07-17,2017-07-17 09:44:27
09:44:30,09:44:30,7.65,--,124,94860,卖盘,2017-07-17,2017-07-17 09:44:30
09:44:36,09:44:36,7.65,--,139,106335,卖盘,2017-07-17,2017-07-17 09:44:36
09:44:39,09:44:39,7.64,-0.01,218,166552,卖盘,2017-07-17,2017-07-17 09:44:39
09:44:42,09:44:42,7.64,--,81,61884,卖盘,2017-07-17,2017-07-17 09:44:42
09:44:48,09:44:48,7.64,--,50,38200,卖盘,2017-07-17,2017-07-17 09:44:48
09:44:51,09:44:51,7.65,0.01,102,78030,买盘,2017-07-17,2017-07-17 09:44:51
09:44:54,09:44:54,7.64,-0.01,54,41256,卖盘,2017-07-17,2017-07-17 09:44:54
09:44:57,09:44:57,7.63,-0.01,409,312067,卖盘,2017-07-17,2017-07-17 09:44:57
09:45:00,09:45:00,7.62,-0.01,221,168402,卖盘,2017-07-17,2017-07-17 09:45:00
09:45:03,09:45:03,7.6,-0.02,517,392920,卖盘,2017-07-17,2017-07-17 09:45:03
09:45:06,09:45:06,7.6,--,10,7600,买盘,2017-07-17,2017-07-17 09:45:06
09:45:09,09:45:09,7.57,-0.03,54,40878,卖盘,2017-07-17,2017-07-17 09:45:09
09:45:12,09:45:12,7.56,-0.01,46,34776,卖盘,2017-07-17,2017-07-17 09:45:12
09:45:15,09:45:15,7.55,-0.01,97,73235,卖盘,2017-07-17,2017-07-17 09:45:15
09:45:18,09:45:18,7.55,--,23,17365,买盘,2017-07-17,2017-07-17 09:45:18
09:45:21,09:45:21,7.53,-0.02,143,107679,卖盘,2017-07-17,2017-07-17 09:45:21
09:45:24,09:45:24,7.53,--,168,126504,卖盘,2017-07-17,2017-07-17 09:45:24
09:45:27,09:45:27,7.53,--,165,124245,卖盘,2017-07-17,2017-07-17 09:45:27
09:45:30,09:45:30,7.52,-0.01,133,100016,卖盘,2017-07-17,2017-07-17 09:45:30
09:45:33,09:45:33,7.5,-0.02,233,174750,卖盘,2017-07-17,2017-07-17 09:45:33
09:45:36,09:45:36,7.53,0.03,60,45180,买盘,2017-07-17,2017-07-17 09:45:36
09:45:39,09:45:39,7.4,-0.13,161,119140,卖盘,2017-07-17,2017-07-17 09:45:39
09:45:42,09:45:42,7.47,0.07,50,37350,买盘,2017-07-17,2017-07-17 09:45:42
09:45:45,09:45:45,7.41,-0.06,5,3705,卖盘,2017-07-17,2017-07-17 09:45:45
09:45:51,09:45:51,7.48,0.07,196,146608,买盘,2017-07-17,2017-07-17 09:45:51
09:45:54,09:45:54,7.37,-0.11,245,180565,卖盘,2017-07-17,2017-07-17 09:45:54
09:45:57,09:45:57,7.37,--,11,8107,买盘,2017-07-17,2017-07-17 09:45:57
09:46:00,09:46:00,7.4,0.03,114,84360,买盘,2017-07-17,2017-07-17 09:46:00
09:46:03,09:46:03,7.36,-0.04,252,185472,卖盘,2017-07-17,2017-07-17 09:46:03
09:46:06,09:46:06,7.4,0.04,147,108780,买盘,2017-07-17,2017-07-17 09:46:06
09:46:09,09:46:09,7.4,--,137,101380,卖盘,2017-07-17,2017-07-17 09:46:09
09:46:12,09:46:12,7.4,--,46,34040,买盘,2017-07-17,2017-07-17 09:46:12
09:46:15,09:46:15,7.36,-0.04,291,214176,卖盘,2017-07-17,2017-07-17 09:46:15
09:46:18,09:46:18,7.4,0.04,97,71780,卖盘,2017-07-17,2017-07-17 09:46:18
09:46:21,09:46:21,7.4,--,164,121360,买盘,2017-07-17,2017-07-17 09:46:21
09:46:24,09:46:24,7.4,--,12,8880,卖盘,2017-07-17,2017-07-17 09:46:24
09:46:27,09:46:27,7.4,--,16,11840,卖盘,2017-07-17,2017-07-17 09:46:27
09:46:30,09:46:30,7.47,0.07,13,9711,买盘,2017-07-17,2017-07-17 09:46:30
09:46:33,09:46:33,7.41,-0.06,107,79287,卖盘,2017-07-17,2017-07-17 09:46:33
09:46:36,09:46:36,7.4,-0.01,54,39960,卖盘,2017-07-17,2017-07-17 09:46:36
09:46:39,09:46:39,7.4,--,663,490620,卖盘,2017-07-17,2017-07-17 09:46:39
09:46:42,09:46:42,7.47,0.07,175,130725,买盘,2017-07-17,2017-07-17 09:46:42
09:46:45,09:46:45,7.47,--,42,31374,卖盘,2017-07-17,2017-07-17 09:46:45
09:46:48,09:46:48,7.47,--,32,23904,卖盘,2017-07-17,2017-07-17 09:46:48
09:46:51,09:46:51,7.47,--,16,11952,卖盘,2017-07-17,2017-07-17 09:46:51
09:46:54,09:46:54,7.47,--,121,90387,卖盘,2017-07-17,2017-07-17 09:46:54
09:46:57,09:46:57,7.47,--,20,14940,买盘,2017-07-17,2017-07-17 09:46:57
09:47:00,09:47:00,7.5,0.03,100,75000,买盘,2017-07-17,2017-07-17 09:47:00
09:47:03,09:47:03,7.51,0.01,216,162216,买盘,2017-07-17,2017-07-17 09:47:03
09:47:06,09:47:06,7.49,-0.02,351,262899,卖盘,2017-07-17,2017-07-17 09:47:06
09:47:09,09:47:09,7.48,-0.01,113,84524,卖盘,2017-07-17,2017-07-17 09:47:09
09:47:12,09:47:12,7.49,0.01,29,21721,中性盘,2017-07-17,2017-07-17 09:47:12
09:47:15,09:47:15,7.51,0.02,80,60080,买盘,2017-07-17,2017-07-17 09:47:15
09:47:21,09:47:21,7.51,--,14,10514,卖盘,2017-07-17,2017-07-17 09:47:21
09:47:24,09:47:24,7.52,0.01,85,63920,买盘,2017-07-17,2017-07-17 09:47:24
09:47:27,09:47:27,7.52,--,5,3760,中性盘,2017-07-17,2017-07-17 09:47:27
09:47:30,09:47:30,7.52,--,346,260191,卖盘,2017-07-17,2017-07-17 09:47:30
09:47:33,09:47:33,7.52,--,39,29328,买盘,2017-07-17,2017-07-17 09:47:33
09:47:36,09:47:36,7.5,-0.02,78,58500,卖盘,2017-07-17,2017-07-17 09:47:36
09:47:39,09:47:39,7.51,0.01,74,55574,买盘,2017-07-17,2017-07-17 09:47:39
09:47:42,09:47:42,7.5,-0.01,25,18750,卖盘,2017-07-17,2017-07-17 09:47:42
09:47:45,09:47:45,7.51,0.01,62,46562,买盘,2017-07-17,2017-07-17 09:47:45
09:47:48,09:47:48,7.52,0.01,99,74448,买盘,2017-07-17,2017-07-17 09:47:48
09:47:51,09:47:51,7.51,-0.01,31,23281,卖盘,2017-07-17,2017-07-17 09:47:51
09:47:54,09:47:54,7.51,--,36,27036,卖盘,2017-07-17,2017-07-17 09:47:54
09:47:57,09:47:57,7.47,-0.04,326,243522,卖盘,2017-07-17,2017-07-17 09:47:57
09:48:00,09:48:00,7.46,-0.01,6,4476,卖盘,2017-07-17,2017-07-17 09:48:00
09:48:03,09:48:03,7.47,0.01,68,50796,买盘,2017-07-17,2017-07-17 09:48:03
09:48:06,09:48:06,7.47,--,43,32121,买盘,2017-07-17,2017-07-17 09:48:06
09:48:09,09:48:09,7.47,--,123,91881,买盘,2017-07-17,2017-07-17 09:48:09
09:48:12,09:48:12,7.41,-0.06,376,278616,卖盘,2017-07-17,2017-07-17 09:48:12
09:48:15,09:48:15,7.41,--,76,56316,买盘,2017-07-17,2017-07-17 09:48:15
09:48:18,09:48:18,7.41,--,38,28158,买盘,2017-07-17,2017-07-17 09:48:18
09:48:21,09:48:21,7.41,--,622,460902,买盘,2017-07-17,2017-07-17 09:48:21
09:48:24,09:48:24,7.41,--,90,66690,卖盘,2017-07-17,2017-07-17 09:48:24
09:48:33,09:48:33,7.46,0.05,14,10444,买盘,2017-07-17,2017-07-17 09:48:33
09:48:36,09:48:36,7.42,-0.04,63,46746,卖盘,2017-07-17,2017-07-17 09:48:36
09:48:39,09:48:39,7.42,--,51,37842,买盘,2017-07-17,2017-07-17 09:48:39
09:48:42,09:48:42,7.42,--,652,483784,买盘,2017-07-17,2017-07-17 09:48:42
09:48:45,09:48:45,7.42,--,47,34874,买盘,2017-07-17,2017-07-17 09:48:45
09:48:48,09:48:48,7.42,--,812,602504,买盘,2017-07-17,2017-07-17 09:48:48
09:48:51,09:48:51,7.42,--,28,20776,买盘,2017-07-17,2017-07-17 09:48:51
09:48:54,09:48:54,7.41,-0.01,107,79287,卖盘,2017-07-17,2017-07-17 09:48:54
09:49:00,09:49:00,7.44,0.03,21,15624,买盘,2017-07-17,2017-07-17 09:49:00
09:49:03,09:49:03,7.42,-0.02,83,61586,卖盘,2017-07-17,2017-07-17 09:49:03
09:49:06,09:49:06,7.42,--,30,22260,卖盘,2017-07-17,2017-07-17 09:49:06
09:49:09,09:49:09,7.44,0.02,388,288672,买盘,2017-07-17,2017-07-17 09:49:09
09:49:12,09:49:12,7.36,-0.08,595,437920,卖盘,2017-07-17,2017-07-17 09:49:12
09:49:15,09:49:15,7.44,0.08,16,11904,卖盘,2017-07-17,2017-07-17 09:49:15
09:49:18,09:49:18,7.46,0.02,42,31339,买盘,2017-07-17,2017-07-17 09:49:18
09:49:21,09:49:21,7.46,--,95,70870,卖盘,2017-07-17,2017-07-17 09:49:21
09:49:24,09:49:24,7.45,-0.01,20,14900,卖盘,2017-07-17,2017-07-17 09:49:24
09:49:27,09:49:27,7.49,0.04,21,15729,买盘,2017-07-17,2017-07-17 09:49:27
09:49:30,09:49:30,7.43,-0.06,161,120358,卖盘,2017-07-17,2017-07-17 09:49:30
09:49:33,09:49:33,7.43,--,14,10402,买盘,2017-07-17,2017-07-17 09:49:33
09:49:36,09:49:36,7.43,--,117,86931,买盘,2017-07-17,2017-07-17 09:49:36
09:49:39,09:49:39,7.43,--,575,427225,买盘,2017-07-17,2017-07-17 09:49:39
09:49:42,09:49:42,7.42,-0.01,48,35616,卖盘,2017-07-17,2017-07-17 09:49:42
09:49:45,09:49:45,7.43,0.01,121,89910,买盘,2017-07-17,2017-07-17 09:49:45
09:49:48,09:49:48,7.5,0.07,106,79500,买盘,2017-07-17,2017-07-17 09:49:48
09:49:51,09:49:51,7.43,-0.07,139,103277,卖盘,2017-07-17,2017-07-17 09:49:51
09:49:54,09:49:54,7.5,0.07,85,63750,买盘,2017-07-17,2017-07-17 09:49:54
09:49:57,09:49:57,7.4,-0.1,1758,1301652,卖盘,2017-07-17,2017-07-17 09:49:57
09:50:00,09:50:00,7.4,--,109,80660,买盘,2017-07-17,2017-07-17 09:50:00
09:50:03,09:50:03,7.4,--,128,94720,买盘,2017-07-17,2017-07-17 09:50:03
09:50:06,09:50:06,7.4,--,265,196100,买盘,2017-07-17,2017-07-17 09:50:06
09:50:09,09:50:09,7.53,0.13,1081,813993,买盘,2017-07-17,2017-07-17 09:50:09
09:50:15,09:50:15,7.4,-0.13,242,179080,卖盘,2017-07-17,2017-07-17 09:50:15
09:50:18,09:50:18,7.4,--,97,71780,卖盘,2017-07-17,2017-07-17 09:50:18
09:50:21,09:50:21,7.53,0.13,7,5271,买盘,2017-07-17,2017-07-17 09:50:21
09:50:24,09:50:24,7.53,--,1,753,买盘,2017-07-17,2017-07-17 09:50:24
09:50:30,09:50:30,7.4,-0.13,658,486920,卖盘,2017-07-17,2017-07-17 09:50:30
09:50:33,09:50:33,7.52,0.12,100,75200,买盘,2017-07-17,2017-07-17 09:50:33
09:50:39,09:50:39,7.51,-0.01,88,66088,中性盘,2017-07-17,2017-07-17 09:50:39
09:50:42,09:50:42,7.51,--,20,15020,卖盘,2017-07-17,2017-07-17 09:50:42
09:50:45,09:50:45,7.51,--,59,44309,卖盘,2017-07-17,2017-07-17 09:50:45
09:50:48,09:50:48,7.51,--,116,87116,买盘,2017-07-17,2017-07-17 09:50:48
09:50:51,09:50:51,7.52,0.01,157,118064,买盘,2017-07-17,2017-07-17 09:50:51
09:50:54,09:50:54,7.5,-0.02,105,78750,买盘,2017-07-17,2017-07-17 09:50:54
09:50:57,09:50:57,7.5,--,24,18000,买盘,2017-07-17,2017-07-17 09:50:57
09:51:00,09:51:00,7.5,--,125,93750,买盘,2017-07-17,2017-07-17 09:51:00
09:51:03,09:51:03,7.45,-0.05,50,37250,卖盘,2017-07-17,2017-07-17 09:51:03
09:51:09,09:51:09,7.44,-0.01,395,293880,卖盘,2017-07-17,2017-07-17 09:51:09
09:51:12,09:51:12,7.49,0.05,60,44940,买盘,2017-07-17,2017-07-17 09:51:12
09:51:15,09:51:15,7.49,--,10,7490,买盘,2017-07-17,2017-07-17 09:51:15
09:51:18,09:51:18,7.49,--,128,95872,买盘,2017-07-17,2017-07-17 09:51:18
09:51:21,09:51:21,7.5,0.01,50,37500,买盘,2017-07-17,2017-07-17 09:51:21
09:51:27,09:51:27,7.5,--,64,48000,买盘,2017-07-17,2017-07-17 09:51:27
09:51:30,09:51:30,7.5,--,44,33000,买盘,2017-07-17,2017-07-17 09:51:30
09:51:33,09:51:33,7.49,-0.01,334,250166,卖盘,2017-07-17,2017-07-17 09:51:33
09:51:36,09:51:36,7.49,--,229,171521,买盘,2017-07-17,2017-07-17 09:51:36
09:51:39,09:51:39,7.49,--,371,277879,买盘,2017-07-17,2017-07-17 09:51:39
09:51:42,09:51:42,7.49,--,5,3745,买盘,2017-07-17,2017-07-17 09:51:42
09:51:45,09:51:45,7.49,--,117,87633,卖盘,2017-07-17,2017-07-17 09:51:45
09:51:51,09:51:51,7.49,--,8,5992,买盘,2017-07-17,2017-07-17 09:51:51
09:51:54,09:51:54,7.49,--,9,6741,买盘,2017-07-17,2017-07-17 09:51:54
09:51:57,09:51:57,7.49,--,110,82390,买盘,2017-07-17,2017-07-17 09:51:57
09:52:00,09:52:00,7.49,--,5,3745,买盘,2017-07-17,2017-07-17 09:52:00
09:52:03,09:52:03,7.49,--,22,16478,买盘,2017-07-17,2017-07-17 09:52:03
09:52:06,09:52:06,7.49,--,23,17227,买盘,2017-07-17,2017-07-17 09:52:06
09:52:12,09:52:12,7.48,-0.01,22,16456,卖盘,2017-07-17,2017-07-17 09:52:12
09:52:18,09:52:18,7.46,-0.02,45,33570,卖盘,2017-07-17,2017-07-17 09:52:18
09:52:21,09:52:21,7.46,--,65,48490,买盘,2017-07-17,2017-07-17 09:52:21
09:52:24,09:52:24,7.46,--,211,157406,买盘,2017-07-17,2017-07-17 09:52:24
09:52:27,09:52:27,7.46,--,76,56696,买盘,2017-07-17,2017-07-17 09:52:27
09:52:33,09:52:33,7.52,0.06,327,245904,买盘,2017-07-17,2017-07-17 09:52:33
09:52:45,09:52:45,7.47,-0.05,14,10458,中性盘,2017-07-17,2017-07-17 09:52:45
09:52:48,09:52:48,7.52,0.05,44,33088,买盘,2017-07-17,2017-07-17 09:52:48
09:52:51,09:52:51,7.52,--,166,124832,买盘,2017-07-17,2017-07-17 09:52:51
09:52:54,09:52:54,7.53,0.01,41,31264,买盘,2017-07-17,2017-07-17 09:52:54
09:52:57,09:52:57,7.53,--,19,14314,买盘,2017-07-17,2017-07-17 09:52:57
09:53:00,09:53:00,7.53,--,10,7530,卖盘,2017-07-17,2017-07-17 09:53:00
09:53:09,09:53:09,7.55,0.02,50,37750,买盘,2017-07-17,2017-07-17 09:53:09
09:53:12,09:53:12,7.53,-0.02,38,28614,卖盘,2017-07-17,2017-07-17 09:53:12
09:53:15,09:53:15,7.52,-0.01,331,249265,卖盘,2017-07-17,2017-07-17 09:53:15
09:53:18,09:53:18,7.52,--,33,24816,买盘,2017-07-17,2017-07-17 09:53:18
09:53:24,09:53:24,7.51,-0.01,16,12016,卖盘,2017-07-17,2017-07-17 09:53:24
09:53:30,09:53:30,7.5,-0.01,36,27000,中性盘,2017-07-17,2017-07-17 09:53:30
09:53:33,09:53:33,7.49,-0.01,14,10486,卖盘,2017-07-17,2017-07-17 09:53:33
09:53:36,09:53:36,7.5,0.01,2,1500,买盘,2017-07-17,2017-07-17 09:53:36
09:53:39,09:53:39,7.5,--,9,6750,买盘,2017-07-17,2017-07-17 09:53:39
09:53:42,09:53:42,7.49,-0.01,12,8988,卖盘,2017-07-17,2017-07-17 09:53:42
09:53:45,09:53:45,7.5,0.01,45,33750,买盘,2017-07-17,2017-07-17 09:53:45
09:53:51,09:53:51,7.5,--,9,6750,卖盘,2017-07-17,2017-07-17 09:53:51
09:53:54,09:53:54,7.5,--,5,3750,卖盘,2017-07-17,2017-07-17 09:53:54
09:53:57,09:53:57,7.51,0.01,28,21028,买盘,2017-07-17,2017-07-17 09:53:57
09:54:00,09:54:00,7.51,--,24,18024,买盘,2017-07-17,2017-07-17 09:54:00
09:54:03,09:54:03,7.51,--,67,50317,买盘,2017-07-17,2017-07-17 09:54:03
09:54:09,09:54:09,7.51,--,40,30040,买盘,2017-07-17,2017-07-17 09:54:09
09:54:12,09:54:12,7.52,0.01,17,12784,买盘,2017-07-17,2017-07-17 09:54:12
09:54:15,09:54:15,7.52,--,32,24064,买盘,2017-07-17,2017-07-17 09:54:15
09:54:18,09:54:18,7.52,--,9,6768,买盘,2017-07-17,2017-07-17 09:54:18
09:54:21,09:54:21,7.52,--,4,3008,买盘,2017-07-17,2017-07-17 09:54:21
09:54:24,09:54:24,7.52,--,81,60912,买盘,2017-07-17,2017-07-17 09:54:24
09:54:27,09:54:27,7.52,--,43,32335,买盘,2017-07-17,2017-07-17 09:54:27
09:54:30,09:54:30,7.52,--,21,15792,买盘,2017-07-17,2017-07-17 09:54:30
09:54:39,09:54:39,7.55,0.03,39,29445,买盘,2017-07-17,2017-07-17 09:54:39
09:54:45,09:54:45,7.55,--,41,30955,买盘,2017-07-17,2017-07-17 09:54:45
09:54:57,09:54:57,7.58,0.03,31,23498,买盘,2017-07-17,2017-07-17 09:54:57
09:55:00,09:55:00,7.55,-0.03,142,107210,卖盘,2017-07-17,2017-07-17 09:55:00
09:55:03,09:55:03,7.55,--,96,72480,买盘,2017-07-17,2017-07-17 09:55:03
09:55:06,09:55:06,7.55,--,25,18875,买盘,2017-07-17,2017-07-17 09:55:06
09:55:09,09:55:09,7.55,--,109,82295,买盘,2017-07-17,2017-07-17 09:55:09
09:55:12,09:55:12,7.59,0.04,116,88044,买盘,2017-07-17,2017-07-17 09:55:12
09:55:15,09:55:15,7.59,--,10,7590,卖盘,2017-07-17,2017-07-17 09:55:15
09:55:18,09:55:18,7.57,-0.02,738,558666,卖盘,2017-07-17,2017-07-17 09:55:18
09:55:24,09:55:24,7.57,--,6,4542,买盘,2017-07-17,2017-07-17 09:55:24
09:55:27,09:55:27,7.57,--,16,12112,买盘,2017-07-17,2017-07-17 09:55:27
09:55:30,09:55:30,7.57,--,271,205147,买盘,2017-07-17,2017-07-17 09:55:30
09:55:33,09:55:33,7.55,-0.02,15,11325,卖盘,2017-07-17,2017-07-17 09:55:33
09:55:36,09:55:36,7.57,0.02,33,24981,买盘,2017-07-17,2017-07-17 09:55:36
09:55:39,09:55:39,7.57,--,52,39364,买盘,2017-07-17,2017-07-17 09:55:39
09:55:42,09:55:42,7.57,--,1,757,买盘,2017-07-17,2017-07-17 09:55:42
09:55:45,09:55:45,7.57,--,109,82513,买盘,2017-07-17,2017-07-17 09:55:45
09:55:48,09:55:48,7.57,--,10,7570,买盘,2017-07-17,2017-07-17 09:55:48
09:55:51,09:55:51,7.56,-0.01,75,56700,卖盘,2017-07-17,2017-07-17 09:55:51
09:55:57,09:55:57,7.56,--,6,4536,买盘,2017-07-17,2017-07-17 09:55:57
09:56:00,09:56:00,7.56,--,379,286524,买盘,2017-07-17,2017-07-17 09:56:00
09:56:03,09:56:03,7.55,-0.01,40,30200,卖盘,2017-07-17,2017-07-17 09:56:03
09:56:06,09:56:06,7.55,--,336,253680,卖盘,2017-07-17,2017-07-17 09:56:06
09:56:12,09:56:12,7.55,--,3,2265,买盘,2017-07-17,2017-07-17 09:56:12
09:56:15,09:56:15,7.55,--,92,69460,买盘,2017-07-17,2017-07-17 09:56:15
09:56:18,09:56:18,7.54,-0.01,25,18850,卖盘,2017-07-17,2017-07-17 09:56:18
09:56:21,09:56:21,7.55,0.01,1,755,买盘,2017-07-17,2017-07-17 09:56:21
09:56:24,09:56:24,7.54,-0.01,32,24128,卖盘,2017-07-17,2017-07-17 09:56:24
09:56:27,09:56:27,7.54,--,6,4524,买盘,2017-07-17,2017-07-17 09:56:27
09:56:30,09:56:30,7.55,0.01,232,175160,买盘,2017-07-17,2017-07-17 09:56:30
09:56:36,09:56:36,7.55,--,1,755,买盘,2017-07-17,2017-07-17 09:56:36
09:56:39,09:56:39,7.55,--,5,3775,买盘,2017-07-17,2017-07-17 09:56:39
09:56:42,09:56:42,7.54,-0.01,5,3770,买盘,2017-07-17,2017-07-17 09:56:42
09:56:45,09:56:45,7.55,0.01,43,32465,买盘,2017-07-17,2017-07-17 09:56:45
09:56:54,09:56:54,7.55,--,135,101925,买盘,2017-07-17,2017-07-17 09:56:54
09:57:00,09:57:00,7.55,--,10,7550,买盘,2017-07-17,2017-07-17 09:57:00
09:57:12,09:57:12,7.55,--,68,51340,买盘,2017-07-17,2017-07-17 09:57:12
09:57:15,09:57:15,7.55,--,14,10570,买盘,2017-07-17,2017-07-17 09:57:15
09:57:21,09:57:21,7.55,--,32,24160,买盘,2017-07-17,2017-07-17 09:57:21
09:57:24,09:57:24,7.55,--,127,95885,买盘,2017-07-17,2017-07-17 09:57:24
09:57:27,09:57:27,7.55,--,10,7550,买盘,2017-07-17,2017-07-17 09:57:27
09:57:30,09:57:30,7.54,-0.01,34,25636,卖盘,2017-07-17,2017-07-17 09:57:30
09:57:33,09:57:33,7.55,0.01,33,24915,买盘,2017-07-17,2017-07-17 09:57:33
09:57:36,09:57:36,7.55,--,106,80030,买盘,2017-07-17,2017-07-17 09:57:36
09:57:42,09:57:42,7.54,-0.01,12,9048,卖盘,2017-07-17,2017-07-17 09:57:42
09:57:45,09:57:45,7.55,0.01,6,4930,买盘,2017-07-17,2017-07-17 09:57:45
09:57:48,09:57:48,7.54,-0.01,50,37700,卖盘,2017-07-17,2017-07-17 09:57:48
09:57:51,09:57:51,7.55,0.01,74,55870,卖盘,2017-07-17,2017-07-17 09:57:51
09:57:57,09:57:57,7.55,--,409,308795,买盘,2017-07-17,2017-07-17 09:57:57
09:58:00,09:58:00,7.55,--,37,27935,买盘,2017-07-17,2017-07-17 09:58:00
09:58:03,09:58:03,7.55,--,5,3775,买盘,2017-07-17,2017-07-17 09:58:03
09:58:06,09:58:06,7.55,--,33,24915,买盘,2017-07-17,2017-07-17 09:58:06
09:58:09,09:58:09,7.54,-0.01,28,21112,卖盘,2017-07-17,2017-07-17 09:58:09
09:58:12,09:58:12,7.54,--,10,7540,买盘,2017-07-17,2017-07-17 09:58:12
09:58:15,09:58:15,7.54,--,31,23374,卖盘,2017-07-17,2017-07-17 09:58:15
09:58:18,09:58:18,7.53,-0.01,10,7530,卖盘,2017-07-17,2017-07-17 09:58:18
09:58:21,09:58:21,7.54,0.01,46,34684,买盘,2017-07-17,2017-07-17 09:58:21
09:58:36,09:58:36,7.53,-0.01,129,97137,卖盘,2017-07-17,2017-07-17 09:58:36
09:58:39,09:58:39,7.53,--,11,8283,买盘,2017-07-17,2017-07-17 09:58:39
09:58:42,09:58:42,7.53,--,5,3765,买盘,2017-07-17,2017-07-17 09:58:42
09:58:45,09:58:45,7.52,-0.01,25,18800,卖盘,2017-07-17,2017-07-17 09:58:45
09:58:48,09:58:48,7.53,0.01,12,9036,买盘,2017-07-17,2017-07-17 09:58:48
09:58:51,09:58:51,7.52,-0.01,10,7520,卖盘,2017-07-17,2017-07-17 09:58:51
09:58:57,09:58:57,7.53,0.01,40,30120,买盘,2017-07-17,2017-07-17 09:58:57
09:59:12,09:59:12,7.51,-0.02,26,19526,卖盘,2017-07-17,2017-07-17 09:59:12
09:59:21,09:59:21,7.51,--,158,119010,卖盘,2017-07-17,2017-07-17 09:59:21
09:59:30,09:59:30,7.52,0.01,1382,1039812,买盘,2017-07-17,2017-07-17 09:59:30
09:59:39,09:59:39,7.53,0.01,14,10542,买盘,2017-07-17,2017-07-17 09:59:39
09:59:42,09:59:42,7.53,--,55,41415,买盘,2017-07-17,2017-07-17 09:59:42
09:59:45,09:59:45,7.53,--,54,40662,买盘,2017-07-17,2017-07-17 09:59:45
09:59:48,09:59:48,7.52,-0.01,12,9024,卖盘,2017-07-17,2017-07-17 09:59:48
09:59:51,09:59:51,7.53,0.01,34,25602,买盘,2017-07-17,2017-07-17 09:59:51
09:59:54,09:59:54,7.53,--,8,6024,卖盘,2017-07-17,2017-07-17 09:59:54
09:59:57,09:59:57,7.53,--,4,3012,卖盘,2017-07-17,2017-07-17 09:59:57
10:00:00,10:00:00,7.54,0.01,62,46748,买盘,2017-07-17,2017-07-17 10:00:00
10:00:06,10:00:06,7.54,--,62,46748,卖盘,2017-07-17,2017-07-17 10:00:06
10:00:09,10:00:09,7.55,0.01,165,124575,买盘,2017-07-17,2017-07-17 10:00:09
10:00:15,10:00:15,7.55,--,101,76255,买盘,2017-07-17,2017-07-17 10:00:15
10:00:18,10:00:18,7.55,--,48,36240,买盘,2017-07-17,2017-07-17 10:00:18
10:00:24,10:00:24,7.56,0.01,844,638064,买盘,2017-07-17,2017-07-17 10:00:24
10:00:27,10:00:27,7.56,--,66,49896,买盘,2017-07-17,2017-07-17 10:00:27
10:00:30,10:00:30,7.56,--,6,4536,卖盘,2017-07-17,2017-07-17 10:00:30
10:00:39,10:00:39,7.55,-0.01,50,37750,卖盘,2017-07-17,2017-07-17 10:00:39
10:00:45,10:00:45,7.57,0.02,165,124905,买盘,2017-07-17,2017-07-17 10:00:45
10:00:54,10:00:54,7.57,--,17,12869,卖盘,2017-07-17,2017-07-17 10:00:54
10:00:57,10:00:57,7.56,-0.01,4,3024,买盘,2017-07-17,2017-07-17 10:00:57
10:01:06,10:01:06,7.57,0.01,14,10598,买盘,2017-07-17,2017-07-17 10:01:06
10:01:12,10:01:12,7.56,-0.01,37,27972,卖盘,2017-07-17,2017-07-17 10:01:12
10:01:15,10:01:15,7.56,--,13,9828,买盘,2017-07-17,2017-07-17 10:01:15
10:01:18,10:01:18,7.56,--,12,9072,卖盘,2017-07-17,2017-07-17 10:01:18
10:01:21,10:01:21,7.56,--,30,22680,卖盘,2017-07-17,2017-07-17 10:01:21
10:01:24,10:01:24,7.55,-0.01,50,37750,卖盘,2017-07-17,2017-07-17 10:01:24
10:01:36,10:01:36,7.57,0.02,2,1514,买盘,2017-07-17,2017-07-17 10:01:36
10:01:42,10:01:42,7.57,--,7,5299,买盘,2017-07-17,2017-07-17 10:01:42
10:01:48,10:01:48,7.55,-0.02,50,37750,卖盘,2017-07-17,2017-07-17 10:01:48
10:01:54,10:01:54,7.55,--,30,22650,卖盘,2017-07-17,2017-07-17 10:01:54
10:02:00,10:02:00,7.56,0.01,6,4536,买盘,2017-07-17,2017-07-17 10:02:00
10:02:03,10:02:03,7.55,-0.01,110,83050,卖盘,2017-07-17,2017-07-17 10:02:03
10:02:06,10:02:06,7.56,0.01,107,80892,买盘,2017-07-17,2017-07-17 10:02:06
10:02:09,10:02:09,7.55,-0.01,28,21140,卖盘,2017-07-17,2017-07-17 10:02:09
10:02:15,10:02:15,7.56,0.01,25,18900,买盘,2017-07-17,2017-07-17 10:02:15
10:02:18,10:02:18,7.56,--,3,2268,卖盘,2017-07-17,2017-07-17 10:02:18
10:02:21,10:02:21,7.52,-0.04,688,517375,卖盘,2017-07-17,2017-07-17 10:02:21
10:02:24,10:02:24,7.57,0.05,12,9084,买盘,2017-07-17,2017-07-17 10:02:24
10:02:27,10:02:27,7.54,-0.03,1,754,中性盘,2017-07-17,2017-07-17 10:02:27
10:02:33,10:02:33,7.57,0.03,31,23467,买盘,2017-07-17,2017-07-17 10:02:33
10:02:39,10:02:39,7.57,--,51,38607,买盘,2017-07-17,2017-07-17 10:02:39
10:02:42,10:02:42,7.56,-0.01,1,756,卖盘,2017-07-17,2017-07-17 10:02:42
10:02:51,10:02:51,7.56,--,2,1512,卖盘,2017-07-17,2017-07-17 10:02:51
10:02:54,10:02:54,7.57,0.01,100,75700,买盘,2017-07-17,2017-07-17 10:02:54
10:03:06,10:03:06,7.56,-0.01,10,7560,中性盘,2017-07-17,2017-07-17 10:03:06
10:03:12,10:03:12,7.56,--,43,32508,买盘,2017-07-17,2017-07-17 10:03:12
10:03:15,10:03:15,7.56,--,10,7560,买盘,2017-07-17,2017-07-17 10:03:15
10:03:18,10:03:18,7.56,--,9,6804,买盘,2017-07-17,2017-07-17 10:03:18
10:03:27,10:03:27,7.56,--,1,756,卖盘,2017-07-17,2017-07-17 10:03:27
10:03:36,10:03:36,7.56,--,69,52164,卖盘,2017-07-17,2017-07-17 10:03:36
10:03:48,10:03:48,7.57,0.01,10,7570,买盘,2017-07-17,2017-07-17 10:03:48
10:03:57,10:03:57,7.57,--,46,34822,买盘,2017-07-17,2017-07-17 10:03:57
10:04:03,10:04:03,7.57,--,14,10598,买盘,2017-07-17,2017-07-17 10:04:03
10:04:06,10:04:06,7.56,-0.01,50,37800,卖盘,2017-07-17,2017-07-17 10:04:06
10:04:12,10:04:12,7.56,--,11,8316,中性盘,2017-07-17,2017-07-17 10:04:12
10:04:15,10:04:15,7.56,--,18,13608,买盘,2017-07-17,2017-07-17 10:04:15
10:04:21,10:04:21,7.55,-0.01,281,212155,卖盘,2017-07-17,2017-07-17 10:04:21
10:04:24,10:04:24,7.55,--,8,6040,买盘,2017-07-17,2017-07-17 10:04:24
10:04:30,10:04:30,7.55,--,162,122310,买盘,2017-07-17,2017-07-17 10:04:30
10:04:33,10:04:33,7.55,--,80,60400,买盘,2017-07-17,2017-07-17 10:04:33
10:04:42,10:04:42,7.55,--,484,365420,买盘,2017-07-17,2017-07-17 10:04:42
10:04:54,10:04:54,7.56,0.01,10,7560,买盘,2017-07-17,2017-07-17 10:04:54
10:05:00,10:05:00,7.56,--,4,3024,买盘,2017-07-17,2017-07-17 10:05:00
10:05:03,10:05:03,7.55,-0.01,217,163835,卖盘,2017-07-17,2017-07-17 10:05:03
10:05:06,10:05:06,7.55,--,55,41525,卖盘,2017-07-17,2017-07-17 10:05:06
10:05:21,10:05:21,7.56,0.01,23,17388,卖盘,2017-07-17,2017-07-17 10:05:21
10:05:24,10:05:24,7.56,--,1,756,买盘,2017-07-17,2017-07-17 10:05:24
10:05:27,10:05:27,7.56,--,10,7560,买盘,2017-07-17,2017-07-17 10:05:27
10:05:30,10:05:30,7.56,--,17,12852,买盘,2017-07-17,2017-07-17 10:05:30
10:05:39,10:05:39,7.56,--,54,40824,买盘,2017-07-17,2017-07-17 10:05:39
10:05:42,10:05:42,7.56,--,26,19656,买盘,2017-07-17,2017-07-17 10:05:42
10:05:45,10:05:45,7.56,--,82,61992,买盘,2017-07-17,2017-07-17 10:05:45
10:05:48,10:05:48,7.56,--,25,18900,买盘,2017-07-17,2017-07-17 10:05:48
10:05:51,10:05:51,7.56,--,14,10584,买盘,2017-07-17,2017-07-17 10:05:51
10:05:54,10:05:54,7.56,--,22,16632,买盘,2017-07-17,2017-07-17 10:05:54
10:06:00,10:06:00,7.57,0.01,100,75700,买盘,2017-07-17,2017-07-17 10:06:00
10:06:12,10:06:12,7.57,--,54,40878,买盘,2017-07-17,2017-07-17 10:06:12
10:06:15,10:06:15,7.57,--,33,24981,买盘,2017-07-17,2017-07-17 10:06:15
10:06:18,10:06:18,7.57,--,150,113550,买盘,2017-07-17,2017-07-17 10:06:18
10:06:21,10:06:21,7.57,--,65,49205,买盘,2017-07-17,2017-07-17 10:06:21
10:06:24,10:06:24,7.57,--,40,30280,买盘,2017-07-17,2017-07-17 10:06:24
10:06:27,10:06:27,7.57,--,34,25738,买盘,2017-07-17,2017-07-17 10:06:27
10:06:30,10:06:30,7.57,--,4,3028,买盘,2017-07-17,2017-07-17 10:06:30
10:06:33,10:06:33,7.57,--,47,35579,买盘,2017-07-17,2017-07-17 10:06:33
10:06:36,10:06:36,7.57,--,60,45420,买盘,2017-07-17,2017-07-17 10:06:36
10:06:42,10:06:42,7.59,0.02,200,151800,买盘,2017-07-17,2017-07-17 10:06:42
10:06:54,10:06:54,7.58,-0.01,1,758,中性盘,2017-07-17,2017-07-17 10:06:54
10:06:57,10:06:57,7.59,0.01,100,75900,买盘,2017-07-17,2017-07-17 10:06:57
10:07:00,10:07:00,7.59,--,30,22770,买盘,2017-07-17,2017-07-17 10:07:00
10:07:03,10:07:03,7.59,--,20,15180,买盘,2017-07-17,2017-07-17 10:07:03
10:07:06,10:07:06,7.59,--,13,9867,买盘,2017-07-17,2017-07-17 10:07:06
10:07:09,10:07:09,7.59,--,13,9867,买盘,2017-07-17,2017-07-17 10:07:09
10:07:18,10:07:18,7.6,0.01,38,28880,买盘,2017-07-17,2017-07-17 10:07:18
10:07:24,10:07:24,7.6,--,8,6080,卖盘,2017-07-17,2017-07-17 10:07:24
10:07:39,10:07:39,7.64,0.04,6,4584,中性盘,2017-07-17,2017-07-17 10:07:39
10:07:42,10:07:42,7.65,0.01,37,28305,买盘,2017-07-17,2017-07-17 10:07:42
10:07:45,10:07:45,7.65,--,15,11475,买盘,2017-07-17,2017-07-17 10:07:45
10:07:48,10:07:48,7.65,--,4,3060,买盘,2017-07-17,2017-07-17 10:07:48
10:07:51,10:07:51,7.65,--,1,765,买盘,2017-07-17,2017-07-17 10:07:51
10:07:54,10:07:54,7.65,--,25,19125,买盘,2017-07-17,2017-07-17 10:07:54
10:07:57,10:07:57,7.65,--,33,25245,买盘,2017-07-17,2017-07-17 10:07:57
10:08:00,10:08:00,7.65,--,11,8415,卖盘,2017-07-17,2017-07-17 10:08:00
10:08:09,10:08:09,7.66,0.01,24,18384,买盘,2017-07-17,2017-07-17 10:08:09
10:08:18,10:08:18,7.65,-0.01,50,38250,卖盘,2017-07-17,2017-07-17 10:08:18
10:08:21,10:08:21,7.67,0.02,26,19942,买盘,2017-07-17,2017-07-17 10:08:21
10:08:27,10:08:27,7.66,-0.01,3,2298,卖盘,2017-07-17,2017-07-17 10:08:27
10:08:30,10:08:30,7.67,0.01,99,75933,买盘,2017-07-17,2017-07-17 10:08:30
10:08:33,10:08:33,7.65,-0.02,168,128520,卖盘,2017-07-17,2017-07-17 10:08:33
10:08:36,10:08:36,7.66,0.01,67,51322,买盘,2017-07-17,2017-07-17 10:08:36
10:08:39,10:08:39,7.66,--,70,53620,买盘,2017-07-17,2017-07-17 10:08:39
10:08:42,10:08:42,7.66,--,20,15320,买盘,2017-07-17,2017-07-17 10:08:42
10:08:45,10:08:45,7.65,-0.01,54,41310,卖盘,2017-07-17,2017-07-17 10:08:45
10:08:48,10:08:48,7.65,--,109,83385,买盘,2017-07-17,2017-07-17 10:08:48
10:08:51,10:08:51,7.65,--,10,7650,买盘,2017-07-17,2017-07-17 10:08:51
10:08:54,10:08:54,7.64,-0.01,38,29032,卖盘,2017-07-17,2017-07-17 10:08:54
10:09:00,10:09:00,7.63,-0.01,15,11445,卖盘,2017-07-17,2017-07-17 10:09:00
10:09:03,10:09:03,7.63,--,5,3815,买盘,2017-07-17,2017-07-17 10:09:03
10:09:06,10:09:06,7.63,--,1,763,买盘,2017-07-17,2017-07-17 10:09:06
10:09:09,10:09:09,7.62,-0.01,86,65532,卖盘,2017-07-17,2017-07-17 10:09:09
10:09:15,10:09:15,7.63,0.01,9,6867,买盘,2017-07-17,2017-07-17 10:09:15
10:09:18,10:09:18,7.6,-0.03,385,292600,卖盘,2017-07-17,2017-07-17 10:09:18
10:09:21,10:09:21,7.62,0.02,2,1524,卖盘,2017-07-17,2017-07-17 10:09:21
10:09:27,10:09:27,7.62,--,5,3810,卖盘,2017-07-17,2017-07-17 10:09:27
10:09:30,10:09:30,7.62,--,2,1524,卖盘,2017-07-17,2017-07-17 10:09:30
10:09:36,10:09:36,7.63,0.01,50,38150,买盘,2017-07-17,2017-07-17 10:09:36
10:09:39,10:09:39,7.62,-0.01,5,3810,卖盘,2017-07-17,2017-07-17 10:09:39
10:09:42,10:09:42,7.63,0.01,5,3815,买盘,2017-07-17,2017-07-17 10:09:42
10:09:48,10:09:48,7.62,-0.01,113,86106,卖盘,2017-07-17,2017-07-17 10:09:48
10:09:51,10:09:51,7.63,0.01,17,12971,买盘,2017-07-17,2017-07-17 10:09:51
10:09:54,10:09:54,7.63,--,16,12208,买盘,2017-07-17,2017-07-17 10:09:54
10:09:57,10:09:57,7.63,--,449,342587,买盘,2017-07-17,2017-07-17 10:09:57
10:10:00,10:10:00,7.63,--,10,7630,卖盘,2017-07-17,2017-07-17 10:10:00
10:10:09,10:10:09,7.64,0.01,10,7640,买盘,2017-07-17,2017-07-17 10:10:09
10:10:12,10:10:12,7.64,--,2,1528,买盘,2017-07-17,2017-07-17 10:10:12
10:10:15,10:10:15,7.64,--,133,101612,买盘,2017-07-17,2017-07-17 10:10:15
10:10:18,10:10:18,7.65,0.01,7,5355,买盘,2017-07-17,2017-07-17 10:10:18
10:10:27,10:10:27,7.64,-0.01,21,16044,卖盘,2017-07-17,2017-07-17 10:10:27
10:10:30,10:10:30,7.65,0.01,12,9180,买盘,2017-07-17,2017-07-17 10:10:30
10:10:33,10:10:33,7.64,-0.01,33,25212,卖盘,2017-07-17,2017-07-17 10:10:33
10:10:39,10:10:39,7.64,--,50,38200,卖盘,2017-07-17,2017-07-17 10:10:39
10:10:42,10:10:42,7.65,0.01,4,3060,买盘,2017-07-17,2017-07-17 10:10:42
10:10:45,10:10:45,7.64,-0.01,20,15280,卖盘,2017-07-17,2017-07-17 10:10:45
10:10:51,10:10:51,7.65,0.01,76,58140,买盘,2017-07-17,2017-07-17 10:10:51
10:10:54,10:10:54,7.65,--,22,16830,买盘,2017-07-17,2017-07-17 10:10:54
10:11:00,10:11:00,7.64,-0.01,212,161968,卖盘,2017-07-17,2017-07-17 10:11:00
10:11:06,10:11:06,7.64,--,20,15280,买盘,2017-07-17,2017-07-17 10:11:06
10:11:09,10:11:09,7.64,--,5,3820,买盘,2017-07-17,2017-07-17 10:11:09
10:11:12,10:11:12,7.63,-0.01,50,38150,卖盘,2017-07-17,2017-07-17 10:11:12
10:11:15,10:11:15,7.64,0.01,4,3056,买盘,2017-07-17,2017-07-17 10:11:15
10:11:18,10:11:18,7.64,--,4,3056,买盘,2017-07-17,2017-07-17 10:11:18
10:11:21,10:11:21,7.64,--,308,235312,买盘,2017-07-17,2017-07-17 10:11:21
10:11:24,10:11:24,7.63,-0.01,25,19075,卖盘,2017-07-17,2017-07-17 10:11:24
10:11:27,10:11:27,7.64,0.01,100,76400,买盘,2017-07-17,2017-07-17 10:11:27
10:11:30,10:11:30,7.64,--,28,21392,中性盘,2017-07-17,2017-07-17 10:11:30
10:11:33,10:11:33,7.64,--,5,3820,卖盘,2017-07-17,2017-07-17 10:11:33
10:11:42,10:11:42,7.65,0.01,100,76500,买盘,2017-07-17,2017-07-17 10:11:42
10:11:45,10:11:45,7.65,--,5,3825,买盘,2017-07-17,2017-07-17 10:11:45
10:11:51,10:11:51,7.65,--,10,7650,买盘,2017-07-17,2017-07-17 10:11:51
10:11:54,10:11:54,7.65,--,5,3825,买盘,2017-07-17,2017-07-17 10:11:54
10:11:57,10:11:57,7.65,--,8,6120,买盘,2017-07-17,2017-07-17 10:11:57
10:12:00,10:12:00,7.65,--,3,2295,买盘,2017-07-17,2017-07-17 10:12:00
10:12:09,10:12:09,7.65,--,50,38250,买盘,2017-07-17,2017-07-17 10:12:09
10:12:12,10:12:12,7.64,-0.01,68,51952,卖盘,2017-07-17,2017-07-17 10:12:12
10:12:18,10:12:18,7.64,--,57,43548,卖盘,2017-07-17,2017-07-17 10:12:18
10:12:21,10:12:21,7.64,--,6,4584,卖盘,2017-07-17,2017-07-17 10:12:21
10:12:24,10:12:24,7.64,--,50,38200,卖盘,2017-07-17,2017-07-17 10:12:24
10:12:27,10:12:27,7.65,0.01,26,19890,买盘,2017-07-17,2017-07-17 10:12:27
10:12:33,10:12:33,7.65,--,60,45900,买盘,2017-07-17,2017-07-17 10:12:33
10:12:36,10:12:36,7.64,-0.01,16,12224,卖盘,2017-07-17,2017-07-17 10:12:36
10:12:39,10:12:39,7.64,--,30,22920,卖盘,2017-07-17,2017-07-17 10:12:39
10:12:48,10:12:48,7.65,0.01,138,105570,买盘,2017-07-17,2017-07-17 10:12:48
10:12:51,10:12:51,7.64,-0.01,10,7640,卖盘,2017-07-17,2017-07-17 10:12:51
10:12:57,10:12:57,7.64,--,20,15280,卖盘,2017-07-17,2017-07-17 10:12:57
10:13:03,10:13:03,7.64,--,167,127588,卖盘,2017-07-17,2017-07-17 10:13:03
10:13:06,10:13:06,7.65,0.01,1,765,买盘,2017-07-17,2017-07-17 10:13:06
10:13:09,10:13:09,7.64,-0.01,41,31324,卖盘,2017-07-17,2017-07-17 10:13:09
10:13:12,10:13:12,7.64,--,43,32852,卖盘,2017-07-17,2017-07-17 10:13:12
10:13:21,10:13:21,7.64,--,172,131408,卖盘,2017-07-17,2017-07-17 10:13:21
10:13:24,10:13:24,7.64,--,17,12988,卖盘,2017-07-17,2017-07-17 10:13:24
10:13:27,10:13:27,7.64,--,21,16044,卖盘,2017-07-17,2017-07-17 10:13:27
10:13:33,10:13:33,7.64,--,46,35144,卖盘,2017-07-17,2017-07-17 10:13:33
10:13:39,10:13:39,7.64,--,158,120712,卖盘,2017-07-17,2017-07-17 10:13:39
10:13:45,10:13:45,7.64,--,4,3056,买盘,2017-07-17,2017-07-17 10:13:45
10:13:48,10:13:48,7.63,-0.01,267,203721,卖盘,2017-07-17,2017-07-17 10:13:48
10:14:00,10:14:00,7.63,--,752,573776,卖盘,2017-07-17,2017-07-17 10:14:00
10:14:03,10:14:03,7.62,-0.01,45,34290,卖盘,2017-07-17,2017-07-17 10:14:03
10:14:06,10:14:06,7.63,0.01,4,3052,买盘,2017-07-17,2017-07-17 10:14:06
10:14:09,10:14:09,7.62,-0.01,29,22098,卖盘,2017-07-17,2017-07-17 10:14:09
10:14:15,10:14:15,7.62,--,11,8382,买盘,2017-07-17,2017-07-17 10:14:15
10:14:18,10:14:18,7.62,--,3,2286,买盘,2017-07-17,2017-07-17 10:14:18
10:14:24,10:14:24,7.63,0.01,270,206010,买盘,2017-07-17,2017-07-17 10:14:24
10:14:33,10:14:33,7.6,-0.03,50,38000,卖盘,2017-07-17,2017-07-17 10:14:33
10:14:39,10:14:39,7.57,-0.03,446,337622,卖盘,2017-07-17,2017-07-17 10:14:39
10:14:51,10:14:51,7.6,0.03,5,3800,中性盘,2017-07-17,2017-07-17 10:14:51
10:14:57,10:14:57,7.6,--,1,760,卖盘,2017-07-17,2017-07-17 10:14:57
10:15:00,10:15:00,7.6,--,7,5320,卖盘,2017-07-17,2017-07-17 10:15:00
10:15:03,10:15:03,7.6,--,30,22800,卖盘,2017-07-17,2017-07-17 10:15:03
10:15:12,10:15:12,7.6,--,18,13680,卖盘,2017-07-17,2017-07-17 10:15:12
10:15:15,10:15:15,7.59,-0.01,20,15180,卖盘,2017-07-17,2017-07-17 10:15:15
10:15:27,10:15:27,7.57,-0.02,10,7570,卖盘,2017-07-17,2017-07-17 10:15:27
10:15:30,10:15:30,7.57,--,61,46177,卖盘,2017-07-17,2017-07-17 10:15:30
10:15:39,10:15:39,7.57,--,1,757,卖盘,2017-07-17,2017-07-17 10:15:39
10:15:54,10:15:54,7.58,0.01,30,22740,买盘,2017-07-17,2017-07-17 10:15:54
10:15:57,10:15:57,7.58,--,8,6064,买盘,2017-07-17,2017-07-17 10:15:57
10:16:12,10:16:12,7.59,0.01,30,22770,买盘,2017-07-17,2017-07-17 10:16:12
10:16:15,10:16:15,7.59,--,20,15180,买盘,2017-07-17,2017-07-17 10:16:15
10:16:18,10:16:18,7.59,--,8,6072,买盘,2017-07-17,2017-07-17 10:16:18
10:16:24,10:16:24,7.58,-0.01,46,34868,卖盘,2017-07-17,2017-07-17 10:16:24
10:16:30,10:16:30,7.58,--,154,116732,买盘,2017-07-17,2017-07-17 10:16:30
10:16:36,10:16:36,7.58,--,113,85654,卖盘,2017-07-17,2017-07-17 10:16:36
10:16:45,10:16:45,7.58,--,1,758,卖盘,2017-07-17,2017-07-17 10:16:45
10:16:54,10:16:54,7.57,-0.01,229,173353,卖盘,2017-07-17,2017-07-17 10:16:54
10:17:03,10:17:03,7.58,0.01,35,26530,买盘,2017-07-17,2017-07-17 10:17:03
10:17:12,10:17:12,7.58,--,10,7580,买盘,2017-07-17,2017-07-17 10:17:12
10:17:18,10:17:18,7.56,-0.02,30,22680,卖盘,2017-07-17,2017-07-17 10:17:18
10:17:21,10:17:21,7.56,--,20,15120,卖盘,2017-07-17,2017-07-17 10:17:21
10:17:24,10:17:24,7.58,0.02,36,27288,买盘,2017-07-17,2017-07-17 10:17:24
10:17:30,10:17:30,7.59,0.01,40,30360,买盘,2017-07-17,2017-07-17 10:17:30
10:17:36,10:17:36,7.58,-0.01,35,26530,卖盘,2017-07-17,2017-07-17 10:17:36
10:17:42,10:17:42,7.58,--,5,3790,买盘,2017-07-17,2017-07-17 10:17:42
10:17:48,10:17:48,7.58,--,10,7580,买盘,2017-07-17,2017-07-17 10:17:48
10:17:51,10:17:51,7.57,-0.01,136,102952,卖盘,2017-07-17,2017-07-17 10:17:51
10:17:57,10:17:57,7.57,--,29,21953,买盘,2017-07-17,2017-07-17 10:17:57
10:18:00,10:18:00,7.58,0.01,13,9854,买盘,2017-07-17,2017-07-17 10:18:00
10:18:15,10:18:15,7.58,--,10,7580,卖盘,2017-07-17,2017-07-17 10:18:15
10:18:24,10:18:24,7.59,0.01,36,27324,买盘,2017-07-17,2017-07-17 10:18:24
10:18:30,10:18:30,7.59,--,2,1518,买盘,2017-07-17,2017-07-17 10:18:30
10:18:51,10:18:51,7.58,-0.01,27,20466,卖盘,2017-07-17,2017-07-17 10:18:51
10:18:54,10:18:54,7.58,--,20,15160,卖盘,2017-07-17,2017-07-17 10:18:54
10:18:57,10:18:57,7.59,0.01,12,9108,买盘,2017-07-17,2017-07-17 10:18:57
10:19:12,10:19:12,7.59,--,10,7590,买盘,2017-07-17,2017-07-17 10:19:12
10:19:18,10:19:18,7.59,--,3,2277,买盘,2017-07-17,2017-07-17 10:19:18
10:19:27,10:19:27,7.59,--,81,61479,买盘,2017-07-17,2017-07-17 10:19:27
10:19:42,10:19:42,7.58,-0.01,11,8338,卖盘,2017-07-17,2017-07-17 10:19:42
10:19:45,10:19:45,7.59,0.01,10,7590,买盘,2017-07-17,2017-07-17 10:19:45
10:19:54,10:19:54,7.58,-0.01,15,11370,卖盘,2017-07-17,2017-07-17 10:19:54
10:20:06,10:20:06,7.59,0.01,29,22011,买盘,2017-07-17,2017-07-17 10:20:06
10:20:27,10:20:27,7.59,--,155,117645,卖盘,2017-07-17,2017-07-17 10:20:27
10:20:30,10:20:30,7.6,0.01,3,2280,买盘,2017-07-17,2017-07-17 10:20:30
10:20:33,10:20:33,7.6,--,12,9120,买盘,2017-07-17,2017-07-17 10:20:33
10:20:51,10:20:51,7.62,0.02,27,20574,买盘,2017-07-17,2017-07-17 10:20:51
10:20:54,10:20:54,7.62,--,3,2286,卖盘,2017-07-17,2017-07-17 10:20:54
10:21:15,10:21:15,7.62,--,26,19812,卖盘,2017-07-17,2017-07-17 10:21:15
10:21:21,10:21:21,7.62,--,91,69342,卖盘,2017-07-17,2017-07-17 10:21:21
10:21:24,10:21:24,7.62,--,4,3048,买盘,2017-07-17,2017-07-17 10:21:24
10:21:27,10:21:27,7.62,--,32,24384,买盘,2017-07-17,2017-07-17 10:21:27
10:21:33,10:21:33,7.62,--,64,48768,买盘,2017-07-17,2017-07-17 10:21:33
10:21:36,10:21:36,7.62,--,50,38100,卖盘,2017-07-17,2017-07-17 10:21:36
10:21:39,10:21:39,7.62,--,10,7620,卖盘,2017-07-17,2017-07-17 10:21:39
10:21:42,10:21:42,7.63,0.01,1,763,买盘,2017-07-17,2017-07-17 10:21:42
10:21:45,10:21:45,7.62,-0.01,6,4572,卖盘,2017-07-17,2017-07-17 10:21:45
10:21:54,10:21:54,7.62,--,20,15240,卖盘,2017-07-17,2017-07-17 10:21:54
10:22:03,10:22:03,7.62,--,13,9906,卖盘,2017-07-17,2017-07-17 10:22:03
10:22:27,10:22:27,7.63,0.01,20,15260,买盘,2017-07-17,2017-07-17 10:22:27
10:22:30,10:22:30,7.62,-0.01,31,23622,卖盘,2017-07-17,2017-07-17 10:22:30
10:22:33,10:22:33,7.63,0.01,69,52647,买盘,2017-07-17,2017-07-17 10:22:33
10:22:45,10:22:45,7.62,-0.01,2,1524,买盘,2017-07-17,2017-07-17 10:22:45
10:22:51,10:22:51,7.62,--,48,36576,买盘,2017-07-17,2017-07-17 10:22:51
10:22:54,10:22:54,7.62,--,12,9144,卖盘,2017-07-17,2017-07-17 10:22:54
10:23:00,10:23:00,7.62,--,95,72390,卖盘,2017-07-17,2017-07-17 10:23:00
10:23:12,10:23:12,7.62,--,15,11430,卖盘,2017-07-17,2017-07-17 10:23:12
10:23:15,10:23:15,7.63,0.01,72,54936,买盘,2017-07-17,2017-07-17 10:23:15
10:23:21,10:23:21,7.63,--,20,15260,卖盘,2017-07-17,2017-07-17 10:23:21
10:23:27,10:23:27,7.64,0.01,10,7640,买盘,2017-07-17,2017-07-17 10:23:27
10:23:42,10:23:42,7.64,--,4,3056,买盘,2017-07-17,2017-07-17 10:23:42
10:23:51,10:23:51,7.64,--,22,16808,买盘,2017-07-17,2017-07-17 10:23:51
10:23:57,10:23:57,7.64,--,25,19100,买盘,2017-07-17,2017-07-17 10:23:57
10:24:00,10:24:00,7.64,--,70,53480,买盘,2017-07-17,2017-07-17 10:24:00
10:24:03,10:24:03,7.64,--,11,8404,买盘,2017-07-17,2017-07-17 10:24:03
10:24:12,10:24:12,7.65,0.01,20,15300,买盘,2017-07-17,2017-07-17 10:24:12
10:24:21,10:24:21,7.64,-0.01,33,25212,卖盘,2017-07-17,2017-07-17 10:24:21
10:24:27,10:24:27,7.65,0.01,70,53550,买盘,2017-07-17,2017-07-17 10:24:27
10:24:39,10:24:39,7.66,0.01,5,3830,买盘,2017-07-17,2017-07-17 10:24:39
10:24:45,10:24:45,7.66,--,20,15320,买盘,2017-07-17,2017-07-17 10:24:45
10:24:51,10:24:51,7.66,--,6,4596,买盘,2017-07-17,2017-07-17 10:24:51
10:25:00,10:25:00,7.7,0.04,431,331870,买盘,2017-07-17,2017-07-17 10:25:00
10:25:06,10:25:06,7.7,--,10,7700,卖盘,2017-07-17,2017-07-17 10:25:06
10:25:09,10:25:09,7.7,--,10,7700,卖盘,2017-07-17,2017-07-17 10:25:09
10:25:12,10:25:12,7.7,--,27,20790,卖盘,2017-07-17,2017-07-17 10:25:12
10:25:18,10:25:18,7.7,--,11,8470,买盘,2017-07-17,2017-07-17 10:25:18
10:25:33,10:25:33,7.7,--,10,7700,买盘,2017-07-17,2017-07-17 10:25:33
10:25:42,10:25:42,7.7,--,13,10010,买盘,2017-07-17,2017-07-17 10:25:42
10:25:48,10:25:48,7.7,--,6,4620,买盘,2017-07-17,2017-07-17 10:25:48
10:25:54,10:25:54,7.68,-0.02,58,44544,卖盘,2017-07-17,2017-07-17 10:25:54
10:25:57,10:25:57,7.7,0.02,2,1540,买盘,2017-07-17,2017-07-17 10:25:57
10:26:00,10:26:00,7.7,--,10,7700,买盘,2017-07-17,2017-07-17 10:26:00
10:26:03,10:26:03,7.67,-0.03,306,234702,卖盘,2017-07-17,2017-07-17 10:26:03
10:26:06,10:26:06,7.69,0.02,8,6152,中性盘,2017-07-17,2017-07-17 10:26:06
10:26:12,10:26:12,7.69,--,51,39219,买盘,2017-07-17,2017-07-17 10:26:12
10:26:24,10:26:24,7.69,--,2,1538,买盘,2017-07-17,2017-07-17 10:26:24
10:26:27,10:26:27,7.69,--,16,12304,买盘,2017-07-17,2017-07-17 10:26:27
10:26:33,10:26:33,7.67,-0.02,53,40651,卖盘,2017-07-17,2017-07-17 10:26:33
10:26:45,10:26:45,7.67,--,10,7670,卖盘,2017-07-17,2017-07-17 10:26:45
10:26:51,10:26:51,7.67,--,89,68263,卖盘,2017-07-17,2017-07-17 10:26:51
10:26:57,10:26:57,7.67,--,31,23777,卖盘,2017-07-17,2017-07-17 10:26:57
10:27:00,10:27:00,7.65,-0.02,307,234855,卖盘,2017-07-17,2017-07-17 10:27:00
10:27:12,10:27:12,7.65,--,1,765,买盘,2017-07-17,2017-07-17 10:27:12
10:27:39,10:27:39,7.65,--,3,2295,买盘,2017-07-17,2017-07-17 10:27:39
10:27:48,10:27:48,7.65,--,38,29070,买盘,2017-07-17,2017-07-17 10:27:48
10:27:54,10:27:54,7.63,-0.02,10,7630,卖盘,2017-07-17,2017-07-17 10:27:54
10:27:57,10:27:57,7.63,--,14,10682,卖盘,2017-07-17,2017-07-17 10:27:57
10:28:00,10:28:00,7.63,--,48,36624,卖盘,2017-07-17,2017-07-17 10:28:00
10:28:03,10:28:03,7.65,0.02,97,74205,买盘,2017-07-17,2017-07-17 10:28:03
10:28:12,10:28:12,7.65,--,7,5355,卖盘,2017-07-17,2017-07-17 10:28:12
10:28:21,10:28:21,7.65,--,1,765,买盘,2017-07-17,2017-07-17 10:28:21
10:28:36,10:28:36,7.65,--,32,24480,买盘,2017-07-17,2017-07-17 10:28:36
10:28:45,10:28:45,7.67,0.02,5,3835,买盘,2017-07-17,2017-07-17 10:28:45
10:28:51,10:28:51,7.67,--,3,2301,卖盘,2017-07-17,2017-07-17 10:28:51
10:28:57,10:28:57,7.67,--,11,8437,卖盘,2017-07-17,2017-07-17 10:28:57
10:29:00,10:29:00,7.68,0.01,50,38400,买盘,2017-07-17,2017-07-17 10:29:00
10:29:03,10:29:03,7.67,-0.01,2,1534,卖盘,2017-07-17,2017-07-17 10:29:03
10:29:15,10:29:15,7.67,--,10,7670,买盘,2017-07-17,2017-07-17 10:29:15
10:29:42,10:29:42,7.67,--,10,7670,买盘,2017-07-17,2017-07-17 10:29:42
10:29:54,10:29:54,7.67,--,6,4602,买盘,2017-07-17,2017-07-17 10:29:54
10:30:15,10:30:15,7.65,-0.02,122,93330,卖盘,2017-07-17,2017-07-17 10:30:15
10:30:21,10:30:21,7.65,--,4,3060,买盘,2017-07-17,2017-07-17 10:30:21
10:30:27,10:30:27,7.65,--,5,3825,买盘,2017-07-17,2017-07-17 10:30:27
10:30:30,10:30:30,7.64,-0.01,10,7640,卖盘,2017-07-17,2017-07-17 10:30:30
10:30:33,10:30:33,7.64,--,13,9932,卖盘,2017-07-17,2017-07-17 10:30:33
10:30:45,10:30:45,7.64,--,4,3056,买盘,2017-07-17,2017-07-17 10:30:45
10:30:51,10:30:51,7.63,-0.01,28,21364,卖盘,2017-07-17,2017-07-17 10:30:51
10:30:54,10:30:54,7.64,0.01,10,7640,买盘,2017-07-17,2017-07-17 10:30:54
10:30:57,10:30:57,7.63,-0.01,20,15260,卖盘,2017-07-17,2017-07-17 10:30:57
10:31:03,10:31:03,7.64,0.01,20,15280,买盘,2017-07-17,2017-07-17 10:31:03
10:31:12,10:31:12,7.63,-0.01,33,25179,卖盘,2017-07-17,2017-07-17 10:31:12
10:31:18,10:31:18,7.63,--,6,4578,买盘,2017-07-17,2017-07-17 10:31:18
10:31:24,10:31:24,7.63,--,94,71722,买盘,2017-07-17,2017-07-17 10:31:24
10:31:36,10:31:36,7.63,--,65,49595,卖盘,2017-07-17,2017-07-17 10:31:36
10:31:51,10:31:51,7.63,--,27,20601,买盘,2017-07-17,2017-07-17 10:31:51
10:32:00,10:32:00,7.63,--,102,77826,买盘,2017-07-17,2017-07-17 10:32:00
10:32:18,10:32:18,7.65,0.02,100,76500,买盘,2017-07-17,2017-07-17 10:32:18
10:32:30,10:32:30,7.64,-0.01,9,6876,卖盘,2017-07-17,2017-07-17 10:32:30
10:32:36,10:32:36,7.65,0.01,3,2295,买盘,2017-07-17,2017-07-17 10:32:36
10:32:45,10:32:45,7.65,--,6,4590,卖盘,2017-07-17,2017-07-17 10:32:45
10:32:48,10:32:48,7.67,0.02,48,36816,买盘,2017-07-17,2017-07-17 10:32:48
10:33:03,10:33:03,7.68,0.01,3,2304,买盘,2017-07-17,2017-07-17 10:33:03
10:33:15,10:33:15,7.68,--,11,8448,买盘,2017-07-17,2017-07-17 10:33:15
10:33:27,10:33:27,7.68,--,2,1536,买盘,2017-07-17,2017-07-17 10:33:27
10:33:36,10:33:36,7.68,--,10,7680,买盘,2017-07-17,2017-07-17 10:33:36
10:33:42,10:33:42,7.68,--,10,7680,买盘,2017-07-17,2017-07-17 10:33:42
10:33:45,10:33:45,7.68,--,10,7680,买盘,2017-07-17,2017-07-17 10:33:45
10:33:48,10:33:48,7.68,--,21,16128,卖盘,2017-07-17,2017-07-17 10:33:48
10:34:00,10:34:00,7.69,0.01,5,3845,买盘,2017-07-17,2017-07-17 10:34:00
10:34:06,10:34:06,7.68,-0.01,91,69888,卖盘,2017-07-17,2017-07-17 10:34:06
10:34:12,10:34:12,7.69,0.01,10,7690,买盘,2017-07-17,2017-07-17 10:34:12
10:34:18,10:34:18,7.69,--,32,24608,买盘,2017-07-17,2017-07-17 10:34:18
10:34:24,10:34:24,7.7,0.01,3,2310,买盘,2017-07-17,2017-07-17 10:34:24
10:34:33,10:34:33,7.69,-0.01,5,3845,卖盘,2017-07-17,2017-07-17 10:34:33
10:34:45,10:34:45,7.69,--,1,769,卖盘,2017-07-17,2017-07-17 10:34:45
10:34:51,10:34:51,7.7,0.01,14,10780,买盘,2017-07-17,2017-07-17 10:34:51
10:34:54,10:34:54,7.7,--,5,3850,买盘,2017-07-17,2017-07-17 10:34:54
10:35:03,10:35:03,7.7,--,13,10010,买盘,2017-07-17,2017-07-17 10:35:03
10:35:12,10:35:12,7.7,--,17,13090,买盘,2017-07-17,2017-07-17 10:35:12
10:35:15,10:35:15,7.7,--,12,9240,买盘,2017-07-17,2017-07-17 10:35:15
10:35:21,10:35:21,7.7,--,10,7700,买盘,2017-07-17,2017-07-17 10:35:21
10:35:24,10:35:24,7.7,--,185,142835,买盘,2017-07-17,2017-07-17 10:35:24
10:35:36,10:35:36,7.7,--,50,38500,卖盘,2017-07-17,2017-07-17 10:35:36
10:35:42,10:35:42,7.69,-0.01,63,48447,卖盘,2017-07-17,2017-07-17 10:35:42
10:35:45,10:35:45,7.7,0.01,1,770,中性盘,2017-07-17,2017-07-17 10:35:45
10:35:51,10:35:51,7.7,--,12,9240,买盘,2017-07-17,2017-07-17 10:35:51
10:36:03,10:36:03,7.7,--,5,3850,买盘,2017-07-17,2017-07-17 10:36:03
10:36:09,10:36:09,7.71,0.01,1,771,买盘,2017-07-17,2017-07-17 10:36:09
10:36:21,10:36:21,7.71,--,4,3084,买盘,2017-07-17,2017-07-17 10:36:21
10:36:36,10:36:36,7.72,0.01,1,772,买盘,2017-07-17,2017-07-17 10:36:36
10:36:39,10:36:39,7.71,-0.01,3,2313,卖盘,2017-07-17,2017-07-17 10:36:39
10:36:42,10:36:42,7.72,0.01,58,44776,买盘,2017-07-17,2017-07-17 10:36:42
10:36:48,10:36:48,7.71,-0.01,58,44718,卖盘,2017-07-17,2017-07-17 10:36:48
10:36:54,10:36:54,7.71,--,5,3855,卖盘,2017-07-17,2017-07-17 10:36:54
10:36:57,10:36:57,7.72,0.01,1,772,中性盘,2017-07-17,2017-07-17 10:36:57
10:37:12,10:37:12,7.73,0.01,54,41742,买盘,2017-07-17,2017-07-17 10:37:12
10:37:15,10:37:15,7.73,--,34,26282,卖盘,2017-07-17,2017-07-17 10:37:15
10:37:18,10:37:18,7.73,--,12,9276,卖盘,2017-07-17,2017-07-17 10:37:18
10:37:33,10:37:33,7.73,--,20,15460,买盘,2017-07-17,2017-07-17 10:37:33
10:37:36,10:37:36,7.72,-0.01,19,14668,卖盘,2017-07-17,2017-07-17 10:37:36
10:37:42,10:37:42,7.72,--,41,31652,买盘,2017-07-17,2017-07-17 10:37:42
10:37:48,10:37:48,7.72,--,18,13896,买盘,2017-07-17,2017-07-17 10:37:48
10:38:03,10:38:03,7.71,-0.01,53,40863,卖盘,2017-07-17,2017-07-17 10:38:03
10:38:06,10:38:06,7.72,0.01,220,169840,买盘,2017-07-17,2017-07-17 10:38:06
10:38:15,10:38:15,7.72,--,10,7720,卖盘,2017-07-17,2017-07-17 10:38:15
10:38:21,10:38:21,7.73,0.01,240,185520,买盘,2017-07-17,2017-07-17 10:38:21
10:38:27,10:38:27,7.73,--,4,3092,买盘,2017-07-17,2017-07-17 10:38:27
10:38:36,10:38:36,7.73,--,5,3865,买盘,2017-07-17,2017-07-17 10:38:36
10:38:39,10:38:39,7.73,--,30,23190,买盘,2017-07-17,2017-07-17 10:38:39
10:38:42,10:38:42,7.73,--,3,2319,买盘,2017-07-17,2017-07-17 10:38:42
10:38:45,10:38:45,7.72,-0.01,26,20072,卖盘,2017-07-17,2017-07-17 10:38:45
10:38:51,10:38:51,7.72,--,181,139732,卖盘,2017-07-17,2017-07-17 10:38:51
10:38:54,10:38:54,7.72,--,10,7720,卖盘,2017-07-17,2017-07-17 10:38:54
10:38:57,10:38:57,7.72,--,100,77200,卖盘,2017-07-17,2017-07-17 10:38:57
10:39:03,10:39:03,7.72,--,100,77200,卖盘,2017-07-17,2017-07-17 10:39:03
10:39:06,10:39:06,7.72,--,8,6176,卖盘,2017-07-17,2017-07-17 10:39:06
10:39:15,10:39:15,7.72,--,50,38600,卖盘,2017-07-17,2017-07-17 10:39:15
10:39:18,10:39:18,7.73,0.01,55,42515,买盘,2017-07-17,2017-07-17 10:39:18
10:39:21,10:39:21,7.72,-0.01,50,38600,卖盘,2017-07-17,2017-07-17 10:39:21
10:39:27,10:39:27,7.72,--,50,38600,卖盘,2017-07-17,2017-07-17 10:39:27
10:39:30,10:39:30,7.72,--,280,216160,卖盘,2017-07-17,2017-07-17 10:39:30
10:39:33,10:39:33,7.72,--,10,7720,卖盘,2017-07-17,2017-07-17 10:39:33
10:39:45,10:39:45,7.72,--,70,54040,卖盘,2017-07-17,2017-07-17 10:39:45
10:39:48,10:39:48,7.72,--,110,84920,卖盘,2017-07-17,2017-07-17 10:39:48
10:39:57,10:39:57,7.73,0.01,7,5411,买盘,2017-07-17,2017-07-17 10:39:57
10:40:09,10:40:09,7.73,--,3,2319,买盘,2017-07-17,2017-07-17 10:40:09
10:40:15,10:40:15,7.72,-0.01,20,15440,卖盘,2017-07-17,2017-07-17 10:40:15
10:40:27,10:40:27,7.73,0.01,14,10822,买盘,2017-07-17,2017-07-17 10:40:27
10:40:36,10:40:36,7.73,--,66,51018,买盘,2017-07-17,2017-07-17 10:40:36
10:40:39,10:40:39,7.73,--,3,2319,买盘,2017-07-17,2017-07-17 10:40:39
10:40:42,10:40:42,7.73,--,27,20871,买盘,2017-07-17,2017-07-17 10:40:42
10:40:48,10:40:48,7.73,--,14,10822,买盘,2017-07-17,2017-07-17 10:40:48
10:40:51,10:40:51,7.73,--,4,3092,买盘,2017-07-17,2017-07-17 10:40:51
10:40:54,10:40:54,7.72,-0.01,10,7720,卖盘,2017-07-17,2017-07-17 10:40:54
10:40:57,10:40:57,7.73,0.01,1,773,买盘,2017-07-17,2017-07-17 10:40:57
10:41:03,10:41:03,7.73,--,100,77300,买盘,2017-07-17,2017-07-17 10:41:03
10:41:06,10:41:06,7.72,-0.01,33,25476,卖盘,2017-07-17,2017-07-17 10:41:06
10:41:09,10:41:09,7.73,0.01,20,15460,买盘,2017-07-17,2017-07-17 10:41:09
10:41:15,10:41:15,7.72,-0.01,60,46320,卖盘,2017-07-17,2017-07-17 10:41:15
10:41:18,10:41:18,7.73,0.01,6,4638,买盘,2017-07-17,2017-07-17 10:41:18
10:41:24,10:41:24,7.72,-0.01,201,155172,卖盘,2017-07-17,2017-07-17 10:41:24
10:41:36,10:41:36,7.72,--,26,20072,卖盘,2017-07-17,2017-07-17 10:41:36
10:41:45,10:41:45,7.73,0.01,3,2319,买盘,2017-07-17,2017-07-17 10:41:45
10:41:57,10:41:57,7.72,-0.01,79,60988,卖盘,2017-07-17,2017-07-17 10:41:57
10:42:03,10:42:03,7.72,--,14,10808,卖盘,2017-07-17,2017-07-17 10:42:03
10:42:15,10:42:15,7.72,--,5,3860,卖盘,2017-07-17,2017-07-17 10:42:15
10:42:18,10:42:18,7.73,0.01,102,78846,买盘,2017-07-17,2017-07-17 10:42:18
10:42:21,10:42:21,7.73,--,30,23190,卖盘,2017-07-17,2017-07-17 10:42:21
10:42:30,10:42:30,7.74,0.01,1,774,买盘,2017-07-17,2017-07-17 10:42:30
10:42:33,10:42:33,7.73,-0.01,6,4638,卖盘,2017-07-17,2017-07-17 10:42:33
10:42:39,10:42:39,7.73,--,8,6184,买盘,2017-07-17,2017-07-17 10:42:39
10:42:42,10:42:42,7.74,0.01,50,38700,买盘,2017-07-17,2017-07-17 10:42:42
10:42:45,10:42:45,7.73,-0.01,30,23190,买盘,2017-07-17,2017-07-17 10:42:45
10:42:48,10:42:48,7.73,--,58,44834,买盘,2017-07-17,2017-07-17 10:42:48
10:42:51,10:42:51,7.74,0.01,217,167958,买盘,2017-07-17,2017-07-17 10:42:51
10:43:03,10:43:03,7.74,--,20,15480,卖盘,2017-07-17,2017-07-17 10:43:03
10:43:18,10:43:18,7.74,--,77,59598,卖盘,2017-07-17,2017-07-17 10:43:18
10:43:21,10:43:21,7.74,--,139,107586,卖盘,2017-07-17,2017-07-17 10:43:21
10:43:27,10:43:27,7.74,--,3,2322,卖盘,2017-07-17,2017-07-17 10:43:27
10:43:42,10:43:42,7.73,-0.01,22,17006,卖盘,2017-07-17,2017-07-17 10:43:42
10:43:45,10:43:45,7.73,--,57,44061,卖盘,2017-07-17,2017-07-17 10:43:45
10:43:51,10:43:51,7.73,--,65,50245,卖盘,2017-07-17,2017-07-17 10:43:51
10:43:54,10:43:54,7.73,--,102,78846,买盘,2017-07-17,2017-07-17 10:43:54
10:43:57,10:43:57,7.73,--,27,20871,卖盘,2017-07-17,2017-07-17 10:43:57
10:44:09,10:44:09,7.72,-0.01,10,7720,卖盘,2017-07-17,2017-07-17 10:44:09
10:44:12,10:44:12,7.73,0.01,1,773,买盘,2017-07-17,2017-07-17 10:44:12
10:44:15,10:44:15,7.72,-0.01,30,23160,卖盘,2017-07-17,2017-07-17 10:44:15
10:44:18,10:44:18,7.72,--,103,79516,卖盘,2017-07-17,2017-07-17 10:44:18
10:44:24,10:44:24,7.71,-0.01,87,67077,卖盘,2017-07-17,2017-07-17 10:44:24
10:44:27,10:44:27,7.71,--,49,38326,卖盘,2017-07-17,2017-07-17 10:44:27
10:44:30,10:44:30,7.71,--,31,24124,卖盘,2017-07-17,2017-07-17 10:44:30
10:44:36,10:44:36,7.71,--,12,9252,买盘,2017-07-17,2017-07-17 10:44:36
10:44:39,10:44:39,7.7,-0.01,15,11550,卖盘,2017-07-17,2017-07-17 10:44:39
10:44:45,10:44:45,7.7,--,30,23100,卖盘,2017-07-17,2017-07-17 10:44:45
10:44:48,10:44:48,7.7,--,35,26950,卖盘,2017-07-17,2017-07-17 10:44:48
10:44:51,10:44:51,7.7,--,41,31570,卖盘,2017-07-17,2017-07-17 10:44:51
10:45:00,10:45:00,7.66,-0.04,252,193032,卖盘,2017-07-17,2017-07-17 10:45:00
10:45:09,10:45:09,7.65,-0.01,7,5355,卖盘,2017-07-17,2017-07-17 10:45:09
10:45:15,10:45:15,7.65,--,50,38250,卖盘,2017-07-17,2017-07-17 10:45:15
10:45:24,10:45:24,7.64,-0.01,30,22920,卖盘,2017-07-17,2017-07-17 10:45:24
10:45:36,10:45:36,7.65,0.01,1,765,中性盘,2017-07-17,2017-07-17 10:45:36
10:45:45,10:45:45,7.65,--,2,1530,买盘,2017-07-17,2017-07-17 10:45:45
10:45:48,10:45:48,7.65,--,20,15300,买盘,2017-07-17,2017-07-17 10:45:48
10:45:51,10:45:51,7.65,--,10,7650,买盘,2017-07-17,2017-07-17 10:45:51
10:45:57,10:45:57,7.65,--,5,3825,买盘,2017-07-17,2017-07-17 10:45:57
10:46:12,10:46:12,7.64,-0.01,50,38200,卖盘,2017-07-17,2017-07-17 10:46:12
10:46:39,10:46:39,7.64,--,40,30560,卖盘,2017-07-17,2017-07-17 10:46:39
10:46:45,10:46:45,7.64,--,59,45076,卖盘,2017-07-17,2017-07-17 10:46:45
10:46:48,10:46:48,7.65,0.01,22,16830,买盘,2017-07-17,2017-07-17 10:46:48
10:46:57,10:46:57,7.65,--,10,7650,买盘,2017-07-17,2017-07-17 10:46:57
10:47:00,10:47:00,7.65,--,20,15300,买盘,2017-07-17,2017-07-17 10:47:00
10:47:06,10:47:06,7.65,--,5,3825,买盘,2017-07-17,2017-07-17 10:47:06
10:47:36,10:47:36,7.66,0.01,10,7660,买盘,2017-07-17,2017-07-17 10:47:36
10:48:12,10:48:12,7.66,--,2,1532,买盘,2017-07-17,2017-07-17 10:48:12
10:48:24,10:48:24,7.66,--,25,19150,买盘,2017-07-17,2017-07-17 10:48:24
10:48:36,10:48:36,7.65,-0.01,10,7650,卖盘,2017-07-17,2017-07-17 10:48:36
10:48:45,10:48:45,7.65,--,100,76500,卖盘,2017-07-17,2017-07-17 10:48:45
10:49:18,10:49:18,7.65,--,8,6120,卖盘,2017-07-17,2017-07-17 10:49:18
10:49:33,10:49:33,7.65,--,2,1530,卖盘,2017-07-17,2017-07-17 10:49:33
10:49:39,10:49:39,7.66,0.01,11,8426,买盘,2017-07-17,2017-07-17 10:49:39
10:49:42,10:49:42,7.65,-0.01,4,3060,卖盘,2017-07-17,2017-07-17 10:49:42
10:49:45,10:49:45,7.65,--,5,3825,卖盘,2017-07-17,2017-07-17 10:49:45
10:49:54,10:49:54,7.66,0.01,18,13788,买盘,2017-07-17,2017-07-17 10:49:54
10:49:57,10:49:57,7.65,-0.01,29,22185,卖盘,2017-07-17,2017-07-17 10:49:57
10:50:54,10:50:54,7.65,--,1,765,卖盘,2017-07-17,2017-07-17 10:50:54
10:52:06,10:52:06,7.66,0.01,38,29108,中性盘,2017-07-17,2017-07-17 10:52:06
10:52:48,10:52:48,7.68,0.02,80,61440,买盘,2017-07-17,2017-07-17 10:52:48
10:53:03,10:53:03,7.68,--,52,39936,卖盘,2017-07-17,2017-07-17 10:53:03
10:53:51,10:53:51,7.69,0.01,3,2307,中性盘,2017-07-17,2017-07-17 10:53:51
10:54:15,10:54:15,7.69,--,13,9997,卖盘,2017-07-17,2017-07-17 10:54:15
10:54:21,10:54:21,7.68,-0.01,220,168960,卖盘,2017-07-17,2017-07-17 10:54:21
10:54:30,10:54:30,7.71,0.03,200,154200,买盘,2017-07-17,2017-07-17 10:54:30
10:54:39,10:54:39,7.65,-0.06,600,459000,卖盘,2017-07-17,2017-07-17 10:54:39
10:55:27,10:55:27,7.66,0.01,7,5362,中性盘,2017-07-17,2017-07-17 10:55:27
10:55:51,10:55:51,7.66,--,10,7660,卖盘,2017-07-17,2017-07-17 10:55:51
10:56:12,10:56:12,7.66,--,47,36002,卖盘,2017-07-17,2017-07-17 10:56:12
10:56:27,10:56:27,7.67,0.01,10,7670,卖盘,2017-07-17,2017-07-17 10:56:27
10:56:51,10:56:51,7.66,-0.01,50,38300,卖盘,2017-07-17,2017-07-17 10:56:51
10:57:03,10:57:03,7.67,0.01,2,1534,买盘,2017-07-17,2017-07-17 10:57:03
10:57:12,10:57:12,7.66,-0.01,1,766,卖盘,2017-07-17,2017-07-17 10:57:12
10:57:27,10:57:27,7.66,--,32,24512,卖盘,2017-07-17,2017-07-17 10:57:27
10:57:36,10:57:36,7.65,-0.01,26,19890,卖盘,2017-07-17,2017-07-17 10:57:36
10:57:45,10:57:45,7.66,0.01,10,7660,买盘,2017-07-17,2017-07-17 10:57:45
10:57:48,10:57:48,7.65,-0.01,18,13770,卖盘,2017-07-17,2017-07-17 10:57:48
10:58:09,10:58:09,7.65,--,130,99450,卖盘,2017-07-17,2017-07-17 10:58:09
10:58:15,10:58:15,7.65,--,10,7650,卖盘,2017-07-17,2017-07-17 10:58:15
10:58:18,10:58:18,7.65,--,248,189720,卖盘,2017-07-17,2017-07-17 10:58:18
10:58:39,10:58:39,7.65,--,3,2295,买盘,2017-07-17,2017-07-17 10:58:39
10:58:48,10:58:48,7.64,-0.01,5,3820,卖盘,2017-07-17,2017-07-17 10:58:48
10:58:51,10:58:51,7.64,--,50,38200,卖盘,2017-07-17,2017-07-17 10:58:51
10:58:54,10:58:54,7.65,0.01,1,765,买盘,2017-07-17,2017-07-17 10:58:54
10:59:00,10:59:00,7.65,--,54,41310,买盘,2017-07-17,2017-07-17 10:59:00
10:59:03,10:59:03,7.65,--,30,22950,卖盘,2017-07-17,2017-07-17 10:59:03
10:59:06,10:59:06,7.64,-0.01,239,182596,卖盘,2017-07-17,2017-07-17 10:59:06
10:59:30,10:59:30,7.65,0.01,10,7650,中性盘,2017-07-17,2017-07-17 10:59:30
10:59:42,10:59:42,7.66,0.01,3,2298,买盘,2017-07-17,2017-07-17 10:59:42
10:59:45,10:59:45,7.65,-0.01,50,38250,卖盘,2017-07-17,2017-07-17 10:59:45
10:59:48,10:59:48,7.65,--,1,765,卖盘,2017-07-17,2017-07-17 10:59:48
10:59:54,10:59:54,7.65,--,72,55080,卖盘,2017-07-17,2017-07-17 10:59:54
11:00:03,11:00:03,7.65,--,10,7650,买盘,2017-07-17,2017-07-17 11:00:03
11:00:06,11:00:06,7.64,-0.01,57,43548,卖盘,2017-07-17,2017-07-17 11:00:06
11:00:12,11:00:12,7.65,0.01,84,64260,买盘,2017-07-17,2017-07-17 11:00:12
11:00:15,11:00:15,7.65,--,32,24480,买盘,2017-07-17,2017-07-17 11:00:15
11:00:21,11:00:21,7.66,0.01,8,6128,买盘,2017-07-17,2017-07-17 11:00:21
11:00:27,11:00:27,7.64,-0.02,348,265872,卖盘,2017-07-17,2017-07-17 11:00:27
11:00:33,11:00:33,7.65,0.01,50,38250,买盘,2017-07-17,2017-07-17 11:00:33
11:00:39,11:00:39,7.65,--,21,16065,买盘,2017-07-17,2017-07-17 11:00:39
11:00:42,11:00:42,7.65,--,7,5355,买盘,2017-07-17,2017-07-17 11:00:42
11:00:45,11:00:45,7.65,--,1,765,买盘,2017-07-17,2017-07-17 11:00:45
11:00:51,11:00:51,7.65,--,12,9180,卖盘,2017-07-17,2017-07-17 11:00:51
11:00:54,11:00:54,7.66,0.01,100,76600,买盘,2017-07-17,2017-07-17 11:00:54
11:01:06,11:01:06,7.65,-0.01,2,1530,卖盘,2017-07-17,2017-07-17 11:01:06
11:01:09,11:01:09,7.66,0.01,41,31406,买盘,2017-07-17,2017-07-17 11:01:09
11:01:15,11:01:15,7.67,0.01,63,48321,买盘,2017-07-17,2017-07-17 11:01:15
11:01:18,11:01:18,7.67,--,5,3835,买盘,2017-07-17,2017-07-17 11:01:18
11:01:24,11:01:24,7.67,--,10,7670,买盘,2017-07-17,2017-07-17 11:01:24
11:01:30,11:01:30,7.67,--,18,13806,买盘,2017-07-17,2017-07-17 11:01:30
11:01:39,11:01:39,7.67,--,59,45253,卖盘,2017-07-17,2017-07-17 11:01:39
11:01:42,11:01:42,7.68,0.01,20,15360,买盘,2017-07-17,2017-07-17 11:01:42
11:01:48,11:01:48,7.67,-0.01,344,263848,卖盘,2017-07-17,2017-07-17 11:01:48
11:01:57,11:01:57,7.67,--,3,2301,买盘,2017-07-17,2017-07-17 11:01:57
11:02:00,11:02:00,7.67,--,55,42185,买盘,2017-07-17,2017-07-17 11:02:00
11:02:03,11:02:03,7.67,--,33,25311,买盘,2017-07-17,2017-07-17 11:02:03
11:02:06,11:02:06,7.67,--,2,1534,买盘,2017-07-17,2017-07-17 11:02:06
11:02:09,11:02:09,7.66,-0.01,15,11490,卖盘,2017-07-17,2017-07-17 11:02:09
11:02:15,11:02:15,7.67,0.01,78,59826,买盘,2017-07-17,2017-07-17 11:02:15
11:02:27,11:02:27,7.67,--,10,7670,卖盘,2017-07-17,2017-07-17 11:02:27
11:02:30,11:02:30,7.68,0.01,11,8448,买盘,2017-07-17,2017-07-17 11:02:30
11:02:42,11:02:42,7.68,--,49,37632,卖盘,2017-07-17,2017-07-17 11:02:42
11:02:45,11:02:45,7.68,--,29,22272,卖盘,2017-07-17,2017-07-17 11:02:45
11:02:48,11:02:48,7.68,--,5,3840,卖盘,2017-07-17,2017-07-17 11:02:48
11:03:03,11:03:03,7.68,--,3,2304,卖盘,2017-07-17,2017-07-17 11:03:03
11:03:12,11:03:12,7.68,--,10,7680,卖盘,2017-07-17,2017-07-17 11:03:12
11:03:24,11:03:24,7.68,--,8,6144,卖盘,2017-07-17,2017-07-17 11:03:24
11:03:30,11:03:30,7.68,--,2,1536,卖盘,2017-07-17,2017-07-17 11:03:30
11:03:36,11:03:36,7.68,--,135,103680,卖盘,2017-07-17,2017-07-17 11:03:36
11:03:45,11:03:45,7.68,--,41,31488,卖盘,2017-07-17,2017-07-17 11:03:45
11:03:48,11:03:48,7.68,--,5,3840,买盘,2017-07-17,2017-07-17 11:03:48
11:03:51,11:03:51,7.68,--,9,6912,买盘,2017-07-17,2017-07-17 11:03:51
11:04:00,11:04:00,7.69,0.01,1,769,买盘,2017-07-17,2017-07-17 11:04:00
11:04:03,11:04:03,7.69,--,10,7690,买盘,2017-07-17,2017-07-17 11:04:03
11:04:06,11:04:06,7.69,--,15,11535,买盘,2017-07-17,2017-07-17 11:04:06
11:04:09,11:04:09,7.7,0.01,3,2310,买盘,2017-07-17,2017-07-17 11:04:09
11:04:15,11:04:15,7.69,-0.01,6,4614,卖盘,2017-07-17,2017-07-17 11:04:15
11:04:24,11:04:24,7.69,--,22,16918,卖盘,2017-07-17,2017-07-17 11:04:24
11:04:30,11:04:30,7.7,0.01,3,2310,买盘,2017-07-17,2017-07-17 11:04:30
11:04:36,11:04:36,7.7,--,10,7700,卖盘,2017-07-17,2017-07-17 11:04:36
11:04:39,11:04:39,7.71,0.01,81,62998,买盘,2017-07-17,2017-07-17 11:04:39
11:04:42,11:04:42,7.71,--,20,15420,卖盘,2017-07-17,2017-07-17 11:04:42
11:05:15,11:05:15,7.71,--,69,53199,卖盘,2017-07-17,2017-07-17 11:05:15
11:05:21,11:05:21,7.72,0.01,16,12352,买盘,2017-07-17,2017-07-17 11:05:21
11:05:24,11:05:24,7.72,--,4,3088,买盘,2017-07-17,2017-07-17 11:05:24
11:05:45,11:05:45,7.72,--,79,60988,买盘,2017-07-17,2017-07-17 11:05:45
11:05:57,11:05:57,7.73,0.01,2,1546,买盘,2017-07-17,2017-07-17 11:05:57
11:06:18,11:06:18,7.72,-0.01,12,9264,卖盘,2017-07-17,2017-07-17 11:06:18
11:06:21,11:06:21,7.73,0.01,1,773,买盘,2017-07-17,2017-07-17 11:06:21
11:06:24,11:06:24,7.73,--,38,29374,买盘,2017-07-17,2017-07-17 11:06:24
11:06:27,11:06:27,7.72,-0.01,25,19300,卖盘,2017-07-17,2017-07-17 11:06:27
11:06:30,11:06:30,7.72,--,3,2316,卖盘,2017-07-17,2017-07-17 11:06:30
11:06:54,11:06:54,7.72,--,5,3860,买盘,2017-07-17,2017-07-17 11:06:54
11:07:09,11:07:09,7.71,-0.01,18,13878,卖盘,2017-07-17,2017-07-17 11:07:09
11:07:15,11:07:15,7.72,0.01,10,7720,买盘,2017-07-17,2017-07-17 11:07:15
11:07:27,11:07:27,7.72,--,20,15440,卖盘,2017-07-17,2017-07-17 11:07:27
11:07:51,11:07:51,7.72,--,10,7720,买盘,2017-07-17,2017-07-17 11:07:51
11:08:15,11:08:15,7.72,--,26,20072,买盘,2017-07-17,2017-07-17 11:08:15
11:08:21,11:08:21,7.72,--,6,4632,卖盘,2017-07-17,2017-07-17 11:08:21
11:08:30,11:08:30,7.72,--,97,74884,卖盘,2017-07-17,2017-07-17 11:08:30
11:08:45,11:08:45,7.72,--,6,4632,买盘,2017-07-17,2017-07-17 11:08:45
11:08:54,11:08:54,7.72,--,12,9264,买盘,2017-07-17,2017-07-17 11:08:54
11:08:57,11:08:57,7.72,--,3,2316,买盘,2017-07-17,2017-07-17 11:08:57
11:09:30,11:09:30,7.72,--,5,3860,买盘,2017-07-17,2017-07-17 11:09:30
11:09:36,11:09:36,7.71,-0.01,17,13107,卖盘,2017-07-17,2017-07-17 11:09:36
11:09:42,11:09:42,7.71,--,3,2313,买盘,2017-07-17,2017-07-17 11:09:42
11:09:51,11:09:51,7.7,-0.01,20,15400,卖盘,2017-07-17,2017-07-17 11:09:51
11:09:54,11:09:54,7.71,0.01,1,771,买盘,2017-07-17,2017-07-17 11:09:54
11:10:03,11:10:03,7.71,--,5,3855,卖盘,2017-07-17,2017-07-17 11:10:03
11:10:09,11:10:09,7.7,-0.01,40,30800,卖盘,2017-07-17,2017-07-17 11:10:09
11:10:12,11:10:12,7.7,--,16,12320,卖盘,2017-07-17,2017-07-17 11:10:12
11:10:18,11:10:18,7.7,--,2,1540,买盘,2017-07-17,2017-07-17 11:10:18
11:10:30,11:10:30,7.7,--,6,4620,买盘,2017-07-17,2017-07-17 11:10:30
11:10:33,11:10:33,7.7,--,6,4620,卖盘,2017-07-17,2017-07-17 11:10:33
11:10:36,11:10:36,7.7,--,18,13860,卖盘,2017-07-17,2017-07-17 11:10:36
11:10:45,11:10:45,7.7,--,5,3850,买盘,2017-07-17,2017-07-17 11:10:45
11:10:48,11:10:48,7.7,--,6,4620,买盘,2017-07-17,2017-07-17 11:10:48
11:10:54,11:10:54,7.7,--,6,4620,买盘,2017-07-17,2017-07-17 11:10:54
11:10:57,11:10:57,7.7,--,10,7700,买盘,2017-07-17,2017-07-17 11:10:57
11:11:18,11:11:18,7.7,--,96,73920,买盘,2017-07-17,2017-07-17 11:11:18
11:11:21,11:11:21,7.7,--,6,4620,买盘,2017-07-17,2017-07-17 11:11:21
11:11:45,11:11:45,7.71,0.01,200,154200,买盘,2017-07-17,2017-07-17 11:11:45
11:11:57,11:11:57,7.71,--,11,8481,买盘,2017-07-17,2017-07-17 11:11:57
11:12:00,11:12:00,7.7,-0.01,4,3080,卖盘,2017-07-17,2017-07-17 11:12:00
11:12:06,11:12:06,7.7,--,11,8470,卖盘,2017-07-17,2017-07-17 11:12:06
11:12:21,11:12:21,7.7,--,10,7700,卖盘,2017-07-17,2017-07-17 11:12:21
11:12:33,11:12:33,7.7,--,77,59290,卖盘,2017-07-17,2017-07-17 11:12:33
11:12:48,11:12:48,7.71,0.01,120,92520,买盘,2017-07-17,2017-07-17 11:12:48
11:13:00,11:13:00,7.71,--,10,7710,买盘,2017-07-17,2017-07-17 11:13:00
11:13:06,11:13:06,7.71,--,10,7710,买盘,2017-07-17,2017-07-17 11:13:06
11:13:15,11:13:15,7.71,--,5,3855,买盘,2017-07-17,2017-07-17 11:13:15
11:13:18,11:13:18,7.71,--,10,7710,卖盘,2017-07-17,2017-07-17 11:13:18
11:13:27,11:13:27,7.71,--,168,129528,卖盘,2017-07-17,2017-07-17 11:13:27
11:13:33,11:13:33,7.72,0.01,83,64076,买盘,2017-07-17,2017-07-17 11:13:33
11:13:45,11:13:45,7.72,--,10,7720,买盘,2017-07-17,2017-07-17 11:13:45
11:13:48,11:13:48,7.72,--,4,3088,买盘,2017-07-17,2017-07-17 11:13:48
11:13:57,11:13:57,7.71,-0.01,150,115650,卖盘,2017-07-17,2017-07-17 11:13:57
11:14:06,11:14:06,7.71,--,3,2313,买盘,2017-07-17,2017-07-17 11:14:06
11:14:09,11:14:09,7.71,--,50,38550,买盘,2017-07-17,2017-07-17 11:14:09
11:14:12,11:14:12,7.71,--,8,6168,买盘,2017-07-17,2017-07-17 11:14:12
11:14:15,11:14:15,7.72,0.01,10,7720,买盘,2017-07-17,2017-07-17 11:14:15
11:14:21,11:14:21,7.71,-0.01,11,8481,卖盘,2017-07-17,2017-07-17 11:14:21
11:14:51,11:14:51,7.72,0.01,246,189912,买盘,2017-07-17,2017-07-17 11:14:51
11:15:03,11:15:03,7.74,0.02,21,16254,买盘,2017-07-17,2017-07-17 11:15:03
11:15:27,11:15:27,7.74,--,5,3870,买盘,2017-07-17,2017-07-17 11:15:27
11:15:30,11:15:30,7.74,--,3,2322,买盘,2017-07-17,2017-07-17 11:15:30
11:15:57,11:15:57,7.74,--,1,774,买盘,2017-07-17,2017-07-17 11:15:57
11:16:00,11:16:00,7.74,--,17,13158,买盘,2017-07-17,2017-07-17 11:16:00
11:16:06,11:16:06,7.72,-0.02,27,20844,卖盘,2017-07-17,2017-07-17 11:16:06
11:16:12,11:16:12,7.74,0.02,1,774,买盘,2017-07-17,2017-07-17 11:16:12
11:16:18,11:16:18,7.74,--,21,16254,买盘,2017-07-17,2017-07-17 11:16:18
11:16:27,11:16:27,7.75,0.01,55,42625,买盘,2017-07-17,2017-07-17 11:16:27
11:16:39,11:16:39,7.74,-0.01,9,6966,中性盘,2017-07-17,2017-07-17 11:16:39
11:16:51,11:16:51,7.74,--,13,10062,买盘,2017-07-17,2017-07-17 11:16:51
11:17:09,11:17:09,7.74,--,30,23220,卖盘,2017-07-17,2017-07-17 11:17:09
11:17:15,11:17:15,7.74,--,4,3096,卖盘,2017-07-17,2017-07-17 11:17:15
11:17:24,11:17:24,7.73,-0.01,4,3092,卖盘,2017-07-17,2017-07-17 11:17:24
11:17:33,11:17:33,7.73,--,10,7730,卖盘,2017-07-17,2017-07-17 11:17:33
11:17:39,11:17:39,7.73,--,63,48699,卖盘,2017-07-17,2017-07-17 11:17:39
11:17:42,11:17:42,7.74,0.01,34,26316,买盘,2017-07-17,2017-07-17 11:17:42
11:17:45,11:17:45,7.73,-0.01,10,7730,卖盘,2017-07-17,2017-07-17 11:17:45
11:18:24,11:18:24,7.72,-0.01,2,1544,卖盘,2017-07-17,2017-07-17 11:18:24
11:18:36,11:18:36,7.72,--,18,13896,买盘,2017-07-17,2017-07-17 11:18:36
11:18:48,11:18:48,7.72,--,3,2316,卖盘,2017-07-17,2017-07-17 11:18:48
11:19:00,11:19:00,7.72,--,165,127380,买盘,2017-07-17,2017-07-17 11:19:00
11:19:27,11:19:27,7.72,--,22,16984,买盘,2017-07-17,2017-07-17 11:19:27
11:19:30,11:19:30,7.71,-0.01,691,532761,卖盘,2017-07-17,2017-07-17 11:19:30
11:19:39,11:19:39,7.71,--,3,2313,买盘,2017-07-17,2017-07-17 11:19:39
11:19:42,11:19:42,7.71,--,3,2313,买盘,2017-07-17,2017-07-17 11:19:42
11:19:57,11:19:57,7.7,-0.01,5,3850,卖盘,2017-07-17,2017-07-17 11:19:57
11:20:33,11:20:33,7.71,0.01,203,156513,买盘,2017-07-17,2017-07-17 11:20:33
11:20:54,11:20:54,7.72,0.01,2,1544,买盘,2017-07-17,2017-07-17 11:20:54
11:20:57,11:20:57,7.71,-0.01,15,11565,卖盘,2017-07-17,2017-07-17 11:20:57
11:21:12,11:21:12,7.71,--,85,65535,卖盘,2017-07-17,2017-07-17 11:21:12
11:21:18,11:21:18,7.71,--,21,16191,卖盘,2017-07-17,2017-07-17 11:21:18
11:21:24,11:21:24,7.71,--,13,10023,卖盘,2017-07-17,2017-07-17 11:21:24
11:21:27,11:21:27,7.72,0.01,49,37828,买盘,2017-07-17,2017-07-17 11:21:27
11:21:54,11:21:54,7.73,0.01,10,7730,买盘,2017-07-17,2017-07-17 11:21:54
11:22:06,11:22:06,7.73,--,6,4638,买盘,2017-07-17,2017-07-17 11:22:06
11:22:09,11:22:09,7.72,-0.01,27,20844,卖盘,2017-07-17,2017-07-17 11:22:09
11:22:21,11:22:21,7.72,--,1,772,买盘,2017-07-17,2017-07-17 11:22:21
11:22:24,11:22:24,7.72,--,10,7720,买盘,2017-07-17,2017-07-17 11:22:24
11:22:27,11:22:27,7.72,--,50,38600,买盘,2017-07-17,2017-07-17 11:22:27
11:22:30,11:22:30,7.72,--,10,7720,买盘,2017-07-17,2017-07-17 11:22:30
11:22:33,11:22:33,7.72,--,2,1544,买盘,2017-07-17,2017-07-17 11:22:33
11:22:36,11:22:36,7.73,0.01,11,8503,买盘,2017-07-17,2017-07-17 11:22:36
11:23:21,11:23:21,7.73,--,4,3092,买盘,2017-07-17,2017-07-17 11:23:21
11:23:30,11:23:30,7.73,--,15,11595,买盘,2017-07-17,2017-07-17 11:23:30
11:24:00,11:24:00,7.73,--,99,76527,买盘,2017-07-17,2017-07-17 11:24:00
11:24:09,11:24:09,7.72,-0.01,2,1544,卖盘,2017-07-17,2017-07-17 11:24:09
11:24:21,11:24:21,7.73,0.01,1,773,中性盘,2017-07-17,2017-07-17 11:24:21
11:24:24,11:24:24,7.75,0.02,343,265825,买盘,2017-07-17,2017-07-17 11:24:24
11:24:27,11:24:27,7.75,--,12,9300,卖盘,2017-07-17,2017-07-17 11:24:27
11:24:54,11:24:54,7.76,0.01,5,3880,买盘,2017-07-17,2017-07-17 11:24:54
11:24:57,11:24:57,7.76,--,10,7760,买盘,2017-07-17,2017-07-17 11:24:57
11:25:06,11:25:06,7.75,-0.01,4,3100,卖盘,2017-07-17,2017-07-17 11:25:06
11:25:12,11:25:12,7.75,--,2,1550,卖盘,2017-07-17,2017-07-17 11:25:12
11:25:45,11:25:45,7.76,0.01,2,1552,买盘,2017-07-17,2017-07-17 11:25:45
11:26:24,11:26:24,7.76,--,20,15520,买盘,2017-07-17,2017-07-17 11:26:24
11:26:30,11:26:30,7.76,--,2,1552,买盘,2017-07-17,2017-07-17 11:26:30
11:26:33,11:26:33,7.76,--,75,58200,买盘,2017-07-17,2017-07-17 11:26:33
11:26:39,11:26:39,7.77,0.01,205,159285,买盘,2017-07-17,2017-07-17 11:26:39
11:26:48,11:26:48,7.78,0.01,115,89485,买盘,2017-07-17,2017-07-17 11:26:48
11:27:12,11:27:12,7.79,0.01,19,14801,买盘,2017-07-17,2017-07-17 11:27:12
11:27:15,11:27:15,7.79,--,11,8569,买盘,2017-07-17,2017-07-17 11:27:15
11:27:18,11:27:18,7.79,--,10,7790,买盘,2017-07-17,2017-07-17 11:27:18
11:27:21,11:27:21,7.79,--,111,86469,买盘,2017-07-17,2017-07-17 11:27:21
11:27:27,11:27:27,7.8,0.01,50,39000,买盘,2017-07-17,2017-07-17 11:27:27
11:27:36,11:27:36,7.8,--,11,8580,买盘,2017-07-17,2017-07-17 11:27:36
11:27:42,11:27:42,7.79,-0.01,49,38171,卖盘,2017-07-17,2017-07-17 11:27:42
11:27:48,11:27:48,7.8,0.01,5,3900,买盘,2017-07-17,2017-07-17 11:27:48
11:27:54,11:27:54,7.79,-0.01,100,77900,卖盘,2017-07-17,2017-07-17 11:27:54
11:27:57,11:27:57,7.8,0.01,30,23400,买盘,2017-07-17,2017-07-17 11:27:57
11:28:00,11:28:00,7.8,--,124,96720,买盘,2017-07-17,2017-07-17 11:28:00
11:28:03,11:28:03,7.82,0.02,16,12512,买盘,2017-07-17,2017-07-17 11:28:03
11:28:06,11:28:06,7.8,-0.02,40,31200,卖盘,2017-07-17,2017-07-17 11:28:06
11:28:18,11:28:18,7.8,--,34,26520,卖盘,2017-07-17,2017-07-17 11:28:18
11:28:33,11:28:33,7.8,--,50,39000,买盘,2017-07-17,2017-07-17 11:28:33
11:28:39,11:28:39,7.8,--,15,11700,买盘,2017-07-17,2017-07-17 11:28:39
11:28:42,11:28:42,7.79,-0.01,51,39729,卖盘,2017-07-17,2017-07-17 11:28:42
11:28:48,11:28:48,7.8,0.01,5,3900,买盘,2017-07-17,2017-07-17 11:28:48
11:29:00,11:29:00,7.78,-0.02,82,63796,卖盘,2017-07-17,2017-07-17 11:29:00
11:29:24,11:29:24,7.78,--,28,22546,卖盘,2017-07-17,2017-07-17 11:29:24
11:29:39,11:29:39,7.78,--,3,2334,买盘,2017-07-17,2017-07-17 11:29:39
11:29:42,11:29:42,7.78,--,20,15560,买盘,2017-07-17,2017-07-17 11:29:42
11:30:00,11:30:00,7.78,--,0,0,买盘,2017-07-17,2017-07-17 11:30:00
13:00:00,13:00:00,7.78,--,0,0,买盘,2017-07-17,2017-07-17 13:00:00
13:00:03,13:00:03,7.77,-0.01,250,194250,中性盘,2017-07-17,2017-07-17 13:00:03
13:00:06,13:00:06,7.76,-0.01,11,8536,卖盘,2017-07-17,2017-07-17 13:00:06
13:00:21,13:00:21,7.75,-0.01,5,3875,卖盘,2017-07-17,2017-07-17 13:00:21
13:00:36,13:00:36,7.76,0.01,10,7760,买盘,2017-07-17,2017-07-17 13:00:36
13:00:42,13:00:42,7.75,-0.01,16,12400,卖盘,2017-07-17,2017-07-17 13:00:42
13:00:57,13:00:57,7.75,--,3,2325,买盘,2017-07-17,2017-07-17 13:00:57
13:01:15,13:01:15,7.75,--,66,51150,买盘,2017-07-17,2017-07-17 13:01:15
13:01:18,13:01:18,7.74,-0.01,6,4644,卖盘,2017-07-17,2017-07-17 13:01:18
13:01:30,13:01:30,7.74,--,4,3096,卖盘,2017-07-17,2017-07-17 13:01:30
13:01:48,13:01:48,7.73,-0.01,22,17006,卖盘,2017-07-17,2017-07-17 13:01:48
13:01:54,13:01:54,7.73,--,2,1546,买盘,2017-07-17,2017-07-17 13:01:54
13:02:06,13:02:06,7.72,-0.01,24,18528,卖盘,2017-07-17,2017-07-17 13:02:06
13:02:18,13:02:18,7.73,0.01,102,78846,买盘,2017-07-17,2017-07-17 13:02:18
13:02:21,13:02:21,7.72,-0.01,50,38600,卖盘,2017-07-17,2017-07-17 13:02:21
13:02:24,13:02:24,7.72,--,7,5404,卖盘,2017-07-17,2017-07-17 13:02:24
13:02:48,13:02:48,7.73,0.01,30,23190,中性盘,2017-07-17,2017-07-17 13:02:48
13:02:51,13:02:51,7.73,--,2,1546,买盘,2017-07-17,2017-07-17 13:02:51
13:03:06,13:03:06,7.73,--,16,12368,买盘,2017-07-17,2017-07-17 13:03:06
13:03:18,13:03:18,7.73,--,2,1546,买盘,2017-07-17,2017-07-17 13:03:18
13:03:27,13:03:27,7.73,--,7,5411,中性盘,2017-07-17,2017-07-17 13:03:27
13:03:45,13:03:45,7.73,--,6,4638,买盘,2017-07-17,2017-07-17 13:03:45
13:04:00,13:04:00,7.73,--,1,773,买盘,2017-07-17,2017-07-17 13:04:00
13:04:15,13:04:15,7.72,-0.01,27,20844,卖盘,2017-07-17,2017-07-17 13:04:15
13:04:24,13:04:24,7.73,0.01,335,258955,买盘,2017-07-17,2017-07-17 13:04:24
13:04:36,13:04:36,7.72,-0.01,5,3860,卖盘,2017-07-17,2017-07-17 13:04:36
13:05:00,13:05:00,7.74,0.02,4,3096,买盘,2017-07-17,2017-07-17 13:05:00
13:05:09,13:05:09,7.74,--,11,8514,买盘,2017-07-17,2017-07-17 13:05:09
13:05:21,13:05:21,7.74,--,13,10062,卖盘,2017-07-17,2017-07-17 13:05:21
13:05:54,13:05:54,7.72,-0.02,2,1544,卖盘,2017-07-17,2017-07-17 13:05:54
13:06:36,13:06:36,7.74,0.02,2,1548,买盘,2017-07-17,2017-07-17 13:06:36
13:07:00,13:07:00,7.73,-0.01,5,3865,中性盘,2017-07-17,2017-07-17 13:07:00
13:07:18,13:07:18,7.72,-0.01,4,3088,卖盘,2017-07-17,2017-07-17 13:07:18
13:07:21,13:07:21,7.74,0.02,9,6966,买盘,2017-07-17,2017-07-17 13:07:21
13:07:54,13:07:54,7.74,--,15,11610,买盘,2017-07-17,2017-07-17 13:07:54
13:07:57,13:07:57,7.74,--,1,774,买盘,2017-07-17,2017-07-17 13:07:57
13:08:12,13:08:12,7.74,--,48,37152,买盘,2017-07-17,2017-07-17 13:08:12
13:08:45,13:08:45,7.73,-0.01,2,1546,卖盘,2017-07-17,2017-07-17 13:08:45
13:08:54,13:08:54,7.73,--,20,15460,卖盘,2017-07-17,2017-07-17 13:08:54
13:09:03,13:09:03,7.73,--,14,10822,卖盘,2017-07-17,2017-07-17 13:09:03
13:09:12,13:09:12,7.74,0.01,1,774,买盘,2017-07-17,2017-07-17 13:09:12
13:09:15,13:09:15,7.73,-0.01,1,773,卖盘,2017-07-17,2017-07-17 13:09:15
13:09:36,13:09:36,7.72,-0.01,40,30880,卖盘,2017-07-17,2017-07-17 13:09:36
13:10:09,13:10:09,7.72,--,10,7720,卖盘,2017-07-17,2017-07-17 13:10:09
13:10:24,13:10:24,7.73,0.01,68,52564,买盘,2017-07-17,2017-07-17 13:10:24
13:10:27,13:10:27,7.73,--,5,3865,卖盘,2017-07-17,2017-07-17 13:10:27
13:10:30,13:10:30,7.73,--,8,6184,卖盘,2017-07-17,2017-07-17 13:10:30
13:10:33,13:10:33,7.73,--,12,9276,卖盘,2017-07-17,2017-07-17 13:10:33
13:10:36,13:10:36,7.73,--,5,3865,卖盘,2017-07-17,2017-07-17 13:10:36
13:10:45,13:10:45,7.73,--,79,61067,买盘,2017-07-17,2017-07-17 13:10:45
13:11:12,13:11:12,7.72,-0.01,200,154400,卖盘,2017-07-17,2017-07-17 13:11:12
13:11:21,13:11:21,7.72,--,3,2316,卖盘,2017-07-17,2017-07-17 13:11:21
13:11:30,13:11:30,7.72,--,60,46320,卖盘,2017-07-17,2017-07-17 13:11:30
13:11:33,13:11:33,7.73,0.01,17,13141,买盘,2017-07-17,2017-07-17 13:11:33
13:11:36,13:11:36,7.72,-0.01,20,15440,卖盘,2017-07-17,2017-07-17 13:11:36
13:11:42,13:11:42,7.73,0.01,9,6957,买盘,2017-07-17,2017-07-17 13:11:42
13:11:51,13:11:51,7.72,-0.01,1,772,卖盘,2017-07-17,2017-07-17 13:11:51
13:11:54,13:11:54,7.72,--,100,77200,卖盘,2017-07-17,2017-07-17 13:11:54
13:12:00,13:12:00,7.73,0.01,153,118269,买盘,2017-07-17,2017-07-17 13:12:00
13:12:03,13:12:03,7.72,-0.01,50,38600,卖盘,2017-07-17,2017-07-17 13:12:03
13:12:15,13:12:15,7.72,--,4,3088,卖盘,2017-07-17,2017-07-17 13:12:15
13:12:18,13:12:18,7.72,--,19,14668,卖盘,2017-07-17,2017-07-17 13:12:18
13:12:39,13:12:39,7.72,--,100,77200,卖盘,2017-07-17,2017-07-17 13:12:39
13:12:48,13:12:48,7.72,--,30,23160,卖盘,2017-07-17,2017-07-17 13:12:48
13:12:51,13:12:51,7.72,--,10,7720,买盘,2017-07-17,2017-07-17 13:12:51
13:12:57,13:12:57,7.71,-0.01,1,771,卖盘,2017-07-17,2017-07-17 13:12:57
13:13:03,13:13:03,7.71,--,12,9252,卖盘,2017-07-17,2017-07-17 13:13:03
13:13:09,13:13:09,7.71,--,50,38550,卖盘,2017-07-17,2017-07-17 13:13:09
13:13:12,13:13:12,7.71,--,34,26214,卖盘,2017-07-17,2017-07-17 13:13:12
13:13:15,13:13:15,7.72,0.01,160,123520,买盘,2017-07-17,2017-07-17 13:13:15
13:14:00,13:14:00,7.72,--,30,23160,买盘,2017-07-17,2017-07-17 13:14:00
13:14:27,13:14:27,7.72,--,32,24704,买盘,2017-07-17,2017-07-17 13:14:27
13:15:06,13:15:06,7.72,--,11,8492,买盘,2017-07-17,2017-07-17 13:15:06
13:15:21,13:15:21,7.71,-0.01,30,23130,卖盘,2017-07-17,2017-07-17 13:15:21
13:15:51,13:15:51,7.7,-0.01,475,365750,卖盘,2017-07-17,2017-07-17 13:15:51
13:16:00,13:16:00,7.7,--,10,7700,卖盘,2017-07-17,2017-07-17 13:16:00
13:16:39,13:16:39,7.71,0.01,8,6168,中性盘,2017-07-17,2017-07-17 13:16:39
13:16:51,13:16:51,7.71,--,17,13107,卖盘,2017-07-17,2017-07-17 13:16:51
13:17:00,13:17:00,7.71,--,3,2313,中性盘,2017-07-17,2017-07-17 13:17:00
13:17:06,13:17:06,7.7,-0.01,12,9240,卖盘,2017-07-17,2017-07-17 13:17:06
13:17:12,13:17:12,7.7,--,60,46200,卖盘,2017-07-17,2017-07-17 13:17:12
13:17:18,13:17:18,7.7,--,866,666820,卖盘,2017-07-17,2017-07-17 13:17:18
13:17:21,13:17:21,7.7,--,102,78540,买盘,2017-07-17,2017-07-17 13:17:21
13:17:33,13:17:33,7.7,--,2,1540,买盘,2017-07-17,2017-07-17 13:17:33
13:17:39,13:17:39,7.7,--,3,2310,买盘,2017-07-17,2017-07-17 13:17:39
13:17:54,13:17:54,7.69,-0.01,31,23839,卖盘,2017-07-17,2017-07-17 13:17:54
13:18:06,13:18:06,7.69,--,20,15380,卖盘,2017-07-17,2017-07-17 13:18:06
13:18:15,13:18:15,7.69,--,6,4614,卖盘,2017-07-17,2017-07-17 13:18:15
13:18:30,13:18:30,7.69,--,47,36143,卖盘,2017-07-17,2017-07-17 13:18:30
13:18:33,13:18:33,7.7,0.01,2,1540,买盘,2017-07-17,2017-07-17 13:18:33
13:18:51,13:18:51,7.7,--,248,190960,买盘,2017-07-17,2017-07-17 13:18:51
13:19:09,13:19:09,7.7,--,200,154000,买盘,2017-07-17,2017-07-17 13:19:09
13:19:18,13:19:18,7.7,--,37,28490,买盘,2017-07-17,2017-07-17 13:19:18
13:19:21,13:19:21,7.7,--,72,55440,买盘,2017-07-17,2017-07-17 13:19:21
13:19:39,13:19:39,7.7,--,3,2310,卖盘,2017-07-17,2017-07-17 13:19:39
13:20:00,13:20:00,7.72,0.02,1,772,买盘,2017-07-17,2017-07-17 13:20:00
13:20:03,13:20:03,7.7,-0.02,10,7700,卖盘,2017-07-17,2017-07-17 13:20:03
13:20:24,13:20:24,7.7,--,8,6160,卖盘,2017-07-17,2017-07-17 13:20:24
13:20:30,13:20:30,7.7,--,2,1540,卖盘,2017-07-17,2017-07-17 13:20:30
13:21:03,13:21:03,7.71,0.01,10,7710,买盘,2017-07-17,2017-07-17 13:21:03
13:21:21,13:21:21,7.71,--,1,771,卖盘,2017-07-17,2017-07-17 13:21:21
13:21:33,13:21:33,7.72,0.01,114,88008,买盘,2017-07-17,2017-07-17 13:21:33
13:21:39,13:21:39,7.72,--,53,40916,卖盘,2017-07-17,2017-07-17 13:21:39
13:21:54,13:21:54,7.73,0.01,12,9276,买盘,2017-07-17,2017-07-17 13:21:54
13:22:00,13:22:00,7.72,-0.01,1,772,卖盘,2017-07-17,2017-07-17 13:22:00
13:22:09,13:22:09,7.73,0.01,2,1546,买盘,2017-07-17,2017-07-17 13:22:09
13:22:15,13:22:15,7.73,--,20,15460,买盘,2017-07-17,2017-07-17 13:22:15
13:22:27,13:22:27,7.73,--,6,4638,买盘,2017-07-17,2017-07-17 13:22:27
13:22:42,13:22:42,7.72,-0.01,1,772,卖盘,2017-07-17,2017-07-17 13:22:42
13:23:15,13:23:15,7.72,--,1,772,卖盘,2017-07-17,2017-07-17 13:23:15
13:23:18,13:23:18,7.72,--,1,772,卖盘,2017-07-17,2017-07-17 13:23:18
13:23:21,13:23:21,7.73,0.01,10,7730,买盘,2017-07-17,2017-07-17 13:23:21
13:23:30,13:23:30,7.73,--,2,1546,买盘,2017-07-17,2017-07-17 13:23:30
13:23:51,13:23:51,7.73,--,3,2319,买盘,2017-07-17,2017-07-17 13:23:51
13:23:54,13:23:54,7.72,-0.01,10,7720,卖盘,2017-07-17,2017-07-17 13:23:54
13:24:00,13:24:00,7.73,0.01,6,4638,买盘,2017-07-17,2017-07-17 13:24:00
13:24:18,13:24:18,7.73,--,1,773,买盘,2017-07-17,2017-07-17 13:24:18
13:24:39,13:24:39,7.72,-0.01,26,20072,卖盘,2017-07-17,2017-07-17 13:24:39
13:24:51,13:24:51,7.72,--,30,23160,卖盘,2017-07-17,2017-07-17 13:24:51
13:24:57,13:24:57,7.72,--,1,772,卖盘,2017-07-17,2017-07-17 13:24:57
13:25:03,13:25:03,7.72,--,1,772,卖盘,2017-07-17,2017-07-17 13:25:03
13:25:12,13:25:12,7.72,--,1,772,卖盘,2017-07-17,2017-07-17 13:25:12
13:25:15,13:25:15,7.72,--,27,20844,卖盘,2017-07-17,2017-07-17 13:25:15
13:25:18,13:25:18,7.73,0.01,20,15460,买盘,2017-07-17,2017-07-17 13:25:18
13:25:33,13:25:33,7.73,--,7,5411,买盘,2017-07-17,2017-07-17 13:25:33
13:25:42,13:25:42,7.73,--,4,3092,买盘,2017-07-17,2017-07-17 13:25:42
13:25:48,13:25:48,7.73,--,32,24736,买盘,2017-07-17,2017-07-17 13:25:48
13:25:51,13:25:51,7.73,--,2,1546,卖盘,2017-07-17,2017-07-17 13:25:51
13:26:00,13:26:00,7.74,0.01,50,38700,买盘,2017-07-17,2017-07-17 13:26:00
13:26:03,13:26:03,7.74,--,50,38700,买盘,2017-07-17,2017-07-17 13:26:03
13:26:09,13:26:09,7.74,--,17,13158,买盘,2017-07-17,2017-07-17 13:26:09
13:26:21,13:26:21,7.75,0.01,20,15500,买盘,2017-07-17,2017-07-17 13:26:21
13:26:24,13:26:24,7.75,--,3,2325,卖盘,2017-07-17,2017-07-17 13:26:24
13:26:39,13:26:39,7.76,0.01,10,7760,买盘,2017-07-17,2017-07-17 13:26:39
13:26:48,13:26:48,7.76,--,26,20176,买盘,2017-07-17,2017-07-17 13:26:48
13:26:51,13:26:51,7.76,--,40,31040,买盘,2017-07-17,2017-07-17 13:26:51
13:26:54,13:26:54,7.76,--,50,38800,买盘,2017-07-17,2017-07-17 13:26:54
13:26:57,13:26:57,7.76,--,20,15520,买盘,2017-07-17,2017-07-17 13:26:57
13:27:00,13:27:00,7.76,--,24,18624,买盘,2017-07-17,2017-07-17 13:27:00
13:27:15,13:27:15,7.77,0.01,12,9324,买盘,2017-07-17,2017-07-17 13:27:15
13:27:18,13:27:18,7.77,--,52,40404,买盘,2017-07-17,2017-07-17 13:27:18
13:27:30,13:27:30,7.76,-0.01,50,38800,卖盘,2017-07-17,2017-07-17 13:27:30
13:27:33,13:27:33,7.76,--,1,776,卖盘,2017-07-17,2017-07-17 13:27:33
13:27:36,13:27:36,7.77,0.01,20,15540,买盘,2017-07-17,2017-07-17 13:27:36
13:27:39,13:27:39,7.77,--,41,31857,买盘,2017-07-17,2017-07-17 13:27:39
13:27:42,13:27:42,7.77,--,2,1554,卖盘,2017-07-17,2017-07-17 13:27:42
13:27:45,13:27:45,7.77,--,40,31080,卖盘,2017-07-17,2017-07-17 13:27:45
13:27:48,13:27:48,7.78,0.01,135,105045,买盘,2017-07-17,2017-07-17 13:27:48
13:27:51,13:27:51,7.77,-0.01,50,38850,卖盘,2017-07-17,2017-07-17 13:27:51
13:27:57,13:27:57,7.79,0.02,30,23370,买盘,2017-07-17,2017-07-17 13:27:57
13:28:00,13:28:00,7.79,--,14,10906,买盘,2017-07-17,2017-07-17 13:28:00
13:28:03,13:28:03,7.78,-0.01,11,8558,卖盘,2017-07-17,2017-07-17 13:28:03
13:28:06,13:28:06,7.79,0.01,10,7790,买盘,2017-07-17,2017-07-17 13:28:06
13:28:15,13:28:15,7.79,--,4,3116,买盘,2017-07-17,2017-07-17 13:28:15
13:28:21,13:28:21,7.78,-0.01,5,3890,卖盘,2017-07-17,2017-07-17 13:28:21
13:28:24,13:28:24,7.78,--,5,3890,卖盘,2017-07-17,2017-07-17 13:28:24
13:28:27,13:28:27,7.78,--,9,7002,卖盘,2017-07-17,2017-07-17 13:28:27
13:28:42,13:28:42,7.77,-0.01,50,38850,卖盘,2017-07-17,2017-07-17 13:28:42
13:28:48,13:28:48,7.77,--,41,32618,卖盘,2017-07-17,2017-07-17 13:28:48
13:28:54,13:28:54,7.78,0.01,54,42027,买盘,2017-07-17,2017-07-17 13:28:54
13:29:00,13:29:00,7.78,--,1,778,卖盘,2017-07-17,2017-07-17 13:29:00
13:29:03,13:29:03,7.78,--,44,34994,卖盘,2017-07-17,2017-07-17 13:29:03
13:29:33,13:29:33,7.78,--,23,17894,买盘,2017-07-17,2017-07-17 13:29:33
13:29:54,13:29:54,7.76,-0.02,8,6208,卖盘,2017-07-17,2017-07-17 13:29:54
13:30:06,13:30:06,7.76,--,69,53544,卖盘,2017-07-17,2017-07-17 13:30:06
13:30:39,13:30:39,7.74,-0.02,16,12384,卖盘,2017-07-17,2017-07-17 13:30:39
13:31:00,13:31:00,7.74,--,9,6966,卖盘,2017-07-17,2017-07-17 13:31:00
13:31:12,13:31:12,7.74,--,1,774,卖盘,2017-07-17,2017-07-17 13:31:12
13:31:15,13:31:15,7.74,--,1,774,卖盘,2017-07-17,2017-07-17 13:31:15
13:31:21,13:31:21,7.72,-0.02,110,84920,卖盘,2017-07-17,2017-07-17 13:31:21
13:31:36,13:31:36,7.72,--,9,6948,卖盘,2017-07-17,2017-07-17 13:31:36
13:31:45,13:31:45,7.72,--,21,16212,买盘,2017-07-17,2017-07-17 13:31:45
13:32:30,13:32:30,7.72,--,101,77972,卖盘,2017-07-17,2017-07-17 13:32:30
13:32:45,13:32:45,7.72,--,36,27792,买盘,2017-07-17,2017-07-17 13:32:45
13:32:57,13:32:57,7.71,-0.01,20,15420,卖盘,2017-07-17,2017-07-17 13:32:57
13:33:00,13:33:00,7.71,--,100,77100,卖盘,2017-07-17,2017-07-17 13:33:00
13:33:21,13:33:21,7.72,0.01,48,37056,买盘,2017-07-17,2017-07-17 13:33:21
13:33:51,13:33:51,7.74,0.02,20,15480,买盘,2017-07-17,2017-07-17 13:33:51
13:33:54,13:33:54,7.72,-0.02,94,72568,卖盘,2017-07-17,2017-07-17 13:33:54
13:34:12,13:34:12,7.75,0.03,5,3875,买盘,2017-07-17,2017-07-17 13:34:12
13:34:39,13:34:39,7.74,-0.01,93,71982,卖盘,2017-07-17,2017-07-17 13:34:39
13:35:12,13:35:12,7.74,--,3,2322,卖盘,2017-07-17,2017-07-17 13:35:12
13:35:21,13:35:21,7.74,--,1,774,卖盘,2017-07-17,2017-07-17 13:35:21
13:35:48,13:35:48,7.77,0.03,5,3885,买盘,2017-07-17,2017-07-17 13:35:48
13:35:51,13:35:51,7.77,--,100,77700,买盘,2017-07-17,2017-07-17 13:35:51
13:35:57,13:35:57,7.77,--,1,777,买盘,2017-07-17,2017-07-17 13:35:57
13:36:00,13:36:00,7.77,--,15,11655,卖盘,2017-07-17,2017-07-17 13:36:00
13:36:06,13:36:06,7.78,0.01,20,15560,买盘,2017-07-17,2017-07-17 13:36:06
13:36:30,13:36:30,7.78,--,60,46680,买盘,2017-07-17,2017-07-17 13:36:30
13:36:33,13:36:33,7.77,-0.01,30,23310,卖盘,2017-07-17,2017-07-17 13:36:33
13:36:48,13:36:48,7.78,0.01,7,5446,买盘,2017-07-17,2017-07-17 13:36:48
13:36:54,13:36:54,7.78,--,20,15560,买盘,2017-07-17,2017-07-17 13:36:54
13:37:06,13:37:06,7.77,-0.01,100,77700,卖盘,2017-07-17,2017-07-17 13:37:06
13:37:24,13:37:24,7.77,--,18,13986,中性盘,2017-07-17,2017-07-17 13:37:24
13:37:27,13:37:27,7.76,-0.01,21,16296,卖盘,2017-07-17,2017-07-17 13:37:27
13:37:33,13:37:33,7.76,--,8,6208,卖盘,2017-07-17,2017-07-17 13:37:33
13:38:00,13:38:00,7.75,-0.01,13,10075,卖盘,2017-07-17,2017-07-17 13:38:00
13:38:12,13:38:12,7.76,0.01,30,23280,买盘,2017-07-17,2017-07-17 13:38:12
13:38:21,13:38:21,7.77,0.01,85,66045,买盘,2017-07-17,2017-07-17 13:38:21
13:38:27,13:38:27,7.76,-0.01,100,77600,中性盘,2017-07-17,2017-07-17 13:38:27
13:38:30,13:38:30,7.77,0.01,20,15540,买盘,2017-07-17,2017-07-17 13:38:30
13:38:51,13:38:51,7.76,-0.01,133,103208,卖盘,2017-07-17,2017-07-17 13:38:51
13:38:57,13:38:57,7.76,--,100,77600,卖盘,2017-07-17,2017-07-17 13:38:57
13:39:00,13:39:00,7.76,--,46,35696,卖盘,2017-07-17,2017-07-17 13:39:00
13:39:18,13:39:18,7.75,-0.01,10,7750,卖盘,2017-07-17,2017-07-17 13:39:18
13:39:21,13:39:21,7.76,0.01,6,4656,买盘,2017-07-17,2017-07-17 13:39:21
13:39:33,13:39:33,7.73,-0.03,221,170833,卖盘,2017-07-17,2017-07-17 13:39:33
13:39:42,13:39:42,7.73,--,5,3865,卖盘,2017-07-17,2017-07-17 13:39:42
13:39:54,13:39:54,7.73,--,20,15460,卖盘,2017-07-17,2017-07-17 13:39:54
13:39:57,13:39:57,7.73,--,86,66478,卖盘,2017-07-17,2017-07-17 13:39:57
13:40:00,13:40:00,7.74,0.01,15,11610,中性盘,2017-07-17,2017-07-17 13:40:00
13:40:09,13:40:09,7.73,-0.01,6,4638,卖盘,2017-07-17,2017-07-17 13:40:09
13:40:12,13:40:12,7.74,0.01,1,774,卖盘,2017-07-17,2017-07-17 13:40:12
13:40:18,13:40:18,7.73,-0.01,43,33239,卖盘,2017-07-17,2017-07-17 13:40:18
13:40:39,13:40:39,7.73,--,101,78073,卖盘,2017-07-17,2017-07-17 13:40:39
13:40:42,13:40:42,7.73,--,5,3865,卖盘,2017-07-17,2017-07-17 13:40:42
13:40:45,13:40:45,7.73,--,50,38650,卖盘,2017-07-17,2017-07-17 13:40:45
13:40:51,13:40:51,7.73,--,69,53337,卖盘,2017-07-17,2017-07-17 13:40:51
13:40:57,13:40:57,7.73,--,10,7730,卖盘,2017-07-17,2017-07-17 13:40:57
13:41:00,13:41:00,7.73,--,58,44834,卖盘,2017-07-17,2017-07-17 13:41:00
13:41:12,13:41:12,7.72,-0.01,12,9264,卖盘,2017-07-17,2017-07-17 13:41:12
13:41:15,13:41:15,7.72,--,136,104992,卖盘,2017-07-17,2017-07-17 13:41:15
13:41:39,13:41:39,7.69,-0.03,309,237621,卖盘,2017-07-17,2017-07-17 13:41:39
13:41:42,13:41:42,7.71,0.02,6,4626,中性盘,2017-07-17,2017-07-17 13:41:42
13:41:45,13:41:45,7.72,0.01,156,120432,买盘,2017-07-17,2017-07-17 13:41:45
13:41:51,13:41:51,7.7,-0.02,20,15400,卖盘,2017-07-17,2017-07-17 13:41:51
13:41:54,13:41:54,7.7,--,192,147840,买盘,2017-07-17,2017-07-17 13:41:54
13:42:00,13:42:00,7.69,-0.01,10,7690,卖盘,2017-07-17,2017-07-17 13:42:00
13:42:06,13:42:06,7.69,--,115,88435,卖盘,2017-07-17,2017-07-17 13:42:06
13:42:12,13:42:12,7.68,-0.01,115,88320,卖盘,2017-07-17,2017-07-17 13:42:12
13:42:15,13:42:15,7.68,--,19,14592,卖盘,2017-07-17,2017-07-17 13:42:15
13:42:18,13:42:18,7.68,--,335,257280,卖盘,2017-07-17,2017-07-17 13:42:18
13:42:21,13:42:21,7.68,--,1,768,买盘,2017-07-17,2017-07-17 13:42:21
13:42:24,13:42:24,7.68,--,10,7680,买盘,2017-07-17,2017-07-17 13:42:24
13:42:33,13:42:33,7.67,-0.01,12,9204,卖盘,2017-07-17,2017-07-17 13:42:33
13:42:36,13:42:36,7.68,0.01,10,7680,买盘,2017-07-17,2017-07-17 13:42:36
13:42:42,13:42:42,7.65,-0.03,416,318240,卖盘,2017-07-17,2017-07-17 13:42:42
13:42:51,13:42:51,7.65,--,8,6120,卖盘,2017-07-17,2017-07-17 13:42:51
13:42:54,13:42:54,7.65,--,10,7650,卖盘,2017-07-17,2017-07-17 13:42:54
13:42:57,13:42:57,7.65,--,76,58140,卖盘,2017-07-17,2017-07-17 13:42:57
13:43:06,13:43:06,7.66,0.01,50,38300,中性盘,2017-07-17,2017-07-17 13:43:06
13:43:12,13:43:12,7.66,--,14,10724,卖盘,2017-07-17,2017-07-17 13:43:12
13:43:18,13:43:18,7.67,0.01,25,19175,买盘,2017-07-17,2017-07-17 13:43:18
13:43:27,13:43:27,7.67,--,100,76700,买盘,2017-07-17,2017-07-17 13:43:27
13:43:30,13:43:30,7.66,-0.01,40,30640,卖盘,2017-07-17,2017-07-17 13:43:30
13:43:33,13:43:33,7.67,0.01,17,13039,买盘,2017-07-17,2017-07-17 13:43:33
13:43:39,13:43:39,7.67,--,46,35282,买盘,2017-07-17,2017-07-17 13:43:39
13:43:42,13:43:42,7.66,-0.01,200,153200,卖盘,2017-07-17,2017-07-17 13:43:42
13:43:48,13:43:48,7.67,0.01,20,15340,中性盘,2017-07-17,2017-07-17 13:43:48
13:43:57,13:43:57,7.67,--,11,8437,卖盘,2017-07-17,2017-07-17 13:43:57
13:44:06,13:44:06,7.66,-0.01,4,3064,卖盘,2017-07-17,2017-07-17 13:44:06
13:44:12,13:44:12,7.67,0.01,33,25311,买盘,2017-07-17,2017-07-17 13:44:12
13:44:30,13:44:30,7.67,--,4,3068,卖盘,2017-07-17,2017-07-17 13:44:30
13:44:33,13:44:33,7.67,--,19,14573,卖盘,2017-07-17,2017-07-17 13:44:33
13:44:42,13:44:42,7.67,--,4,3068,卖盘,2017-07-17,2017-07-17 13:44:42
13:44:45,13:44:45,7.67,--,6,4602,卖盘,2017-07-17,2017-07-17 13:44:45
13:44:48,13:44:48,7.68,0.01,11,8448,买盘,2017-07-17,2017-07-17 13:44:48
13:45:00,13:45:00,7.67,-0.01,64,49088,卖盘,2017-07-17,2017-07-17 13:45:00
13:45:03,13:45:03,7.67,--,10,7670,卖盘,2017-07-17,2017-07-17 13:45:03
13:45:06,13:45:06,7.68,0.01,2,1536,买盘,2017-07-17,2017-07-17 13:45:06
13:45:18,13:45:18,7.67,-0.01,48,36816,卖盘,2017-07-17,2017-07-17 13:45:18
13:45:24,13:45:24,7.67,--,61,46787,卖盘,2017-07-17,2017-07-17 13:45:24
13:45:27,13:45:27,7.67,--,1,767,买盘,2017-07-17,2017-07-17 13:45:27
13:45:30,13:45:30,7.67,--,10,7670,买盘,2017-07-17,2017-07-17 13:45:30
