idx_time,time,price,change,volume,amount,type,date,date_time
09:25:03,09:25:03,8.05,8.05,130,104650,买盘,2017-06-30,2017-06-30 09:25:03
09:30:00,09:30:00,8.05,--,0,0,卖盘,2017-06-30,2017-06-30 09:30:00
09:30:03,09:30:03,8.05,--,111,89355,卖盘,2017-06-30,2017-06-30 09:30:03
09:30:51,09:30:51,8.05,--,35,28175,卖盘,2017-06-30,2017-06-30 09:30:51
09:31:24,09:31:24,8.06,0.01,5,4030,中性盘,2017-06-30,2017-06-30 09:31:24
09:31:51,09:31:51,8.06,--,1,806,卖盘,2017-06-30,2017-06-30 09:31:51
09:31:57,09:31:57,8.08,0.02,4,3232,买盘,2017-06-30,2017-06-30 09:31:57
09:32:03,09:32:03,8.08,--,10,8080,买盘,2017-06-30,2017-06-30 09:32:03
09:32:15,09:32:15,8.08,--,1,808,买盘,2017-06-30,2017-06-30 09:32:15
09:32:36,09:32:36,8.08,--,1,808,买盘,2017-06-30,2017-06-30 09:32:36
09:32:39,09:32:39,8.08,--,14,11312,买盘,2017-06-30,2017-06-30 09:32:39
09:33:33,09:33:33,8.07,-0.01,20,16140,卖盘,2017-06-30,2017-06-30 09:33:33
09:33:39,09:33:39,8.08,0.01,43,34744,买盘,2017-06-30,2017-06-30 09:33:39
09:33:57,09:33:57,8.08,--,25,20200,卖盘,2017-06-30,2017-06-30 09:33:57
09:34:03,09:34:03,8.08,--,30,24240,卖盘,2017-06-30,2017-06-30 09:34:03
09:34:06,09:34:06,8.08,--,12,9696,卖盘,2017-06-30,2017-06-30 09:34:06
09:34:09,09:34:09,8.09,0.01,192,155328,买盘,2017-06-30,2017-06-30 09:34:09
09:34:21,09:34:21,8.08,-0.01,18,14544,卖盘,2017-06-30,2017-06-30 09:34:21
09:34:42,09:34:42,8.09,0.01,81,65529,买盘,2017-06-30,2017-06-30 09:34:42
09:34:51,09:34:51,8.08,-0.01,253,204424,卖盘,2017-06-30,2017-06-30 09:34:51
09:35:09,09:35:09,8.07,-0.01,10,8070,卖盘,2017-06-30,2017-06-30 09:35:09
09:35:21,09:35:21,8.07,--,9,7263,卖盘,2017-06-30,2017-06-30 09:35:21
09:35:36,09:35:36,8.07,--,20,16140,卖盘,2017-06-30,2017-06-30 09:35:36
09:35:42,09:35:42,8.07,--,40,32280,卖盘,2017-06-30,2017-06-30 09:35:42
09:35:51,09:35:51,8.06,-0.01,12,9672,卖盘,2017-06-30,2017-06-30 09:35:51
09:35:57,09:35:57,8.06,--,20,16120,卖盘,2017-06-30,2017-06-30 09:35:57
09:36:03,09:36:03,8.06,--,61,49166,卖盘,2017-06-30,2017-06-30 09:36:03
09:36:06,09:36:06,8.06,--,1,806,卖盘,2017-06-30,2017-06-30 09:36:06
09:36:09,09:36:09,8.05,-0.01,443,356615,卖盘,2017-06-30,2017-06-30 09:36:09
09:36:12,09:36:12,8.04,-0.01,13,10451,卖盘,2017-06-30,2017-06-30 09:36:12
09:36:36,09:36:36,8.04,--,100,80399,卖盘,2017-06-30,2017-06-30 09:36:36
09:36:54,09:36:54,8.04,--,48,38591,卖盘,2017-06-30,2017-06-30 09:36:54
09:37:03,09:37:03,8.05,0.01,3,2415,买盘,2017-06-30,2017-06-30 09:37:03
09:37:12,09:37:12,8.05,--,2,1610,买盘,2017-06-30,2017-06-30 09:37:12
09:37:18,09:37:18,8.04,-0.01,8,6431,卖盘,2017-06-30,2017-06-30 09:37:18
09:37:24,09:37:24,8.04,--,80,64319,卖盘,2017-06-30,2017-06-30 09:37:24
09:37:27,09:37:27,8.04,--,47,37787,买盘,2017-06-30,2017-06-30 09:37:27
09:37:33,09:37:33,8.04,--,5,4019,买盘,2017-06-30,2017-06-30 09:37:33
09:37:39,09:37:39,8.05,0.01,37,29785,买盘,2017-06-30,2017-06-30 09:37:39
09:38:03,09:38:03,8.03,-0.02,210,168630,卖盘,2017-06-30,2017-06-30 09:38:03
09:38:06,09:38:06,8.03,--,36,28907,买盘,2017-06-30,2017-06-30 09:38:06
09:38:12,09:38:12,8.03,--,39,31316,买盘,2017-06-30,2017-06-30 09:38:12
09:38:18,09:38:18,8.03,--,4,3211,买盘,2017-06-30,2017-06-30 09:38:18
09:38:27,09:38:27,8.03,--,33,26498,买盘,2017-06-30,2017-06-30 09:38:27
09:38:30,09:38:30,8.03,--,2,1605,卖盘,2017-06-30,2017-06-30 09:38:30
09:38:36,09:38:36,8.03,--,10,8029,卖盘,2017-06-30,2017-06-30 09:38:36
09:38:39,09:38:39,8.03,--,14,11242,卖盘,2017-06-30,2017-06-30 09:38:39
09:38:42,09:38:42,8.04,0.01,23,18491,买盘,2017-06-30,2017-06-30 09:38:42
09:38:48,09:38:48,8.03,-0.01,40,32119,卖盘,2017-06-30,2017-06-30 09:38:48
09:38:57,09:38:57,8.03,--,8,6423,卖盘,2017-06-30,2017-06-30 09:38:57
09:39:00,09:39:00,8.03,--,42,33726,卖盘,2017-06-30,2017-06-30 09:39:00
09:39:36,09:39:36,8.04,0.01,2,1607,买盘,2017-06-30,2017-06-30 09:39:36
09:39:39,09:39:39,8.03,-0.01,52,41756,卖盘,2017-06-30,2017-06-30 09:39:39
09:39:51,09:39:51,8.03,--,11,8833,卖盘,2017-06-30,2017-06-30 09:39:51
09:39:57,09:39:57,8.03,--,20,16059,卖盘,2017-06-30,2017-06-30 09:39:57
09:40:03,09:40:03,8.03,--,10,8029,卖盘,2017-06-30,2017-06-30 09:40:03
09:40:12,09:40:12,8.03,--,2,1605,卖盘,2017-06-30,2017-06-30 09:40:12
09:40:15,09:40:15,8.03,--,10,8029,买盘,2017-06-30,2017-06-30 09:40:15
09:40:24,09:40:24,8.03,--,14,11242,买盘,2017-06-30,2017-06-30 09:40:24
09:40:33,09:40:33,8.03,--,1,802,买盘,2017-06-30,2017-06-30 09:40:33
09:40:36,09:40:36,8.03,--,30,24089,买盘,2017-06-30,2017-06-30 09:40:36
09:40:39,09:40:39,8.03,--,20,16059,买盘,2017-06-30,2017-06-30 09:40:39
09:40:42,09:40:42,8.03,--,4,3211,买盘,2017-06-30,2017-06-30 09:40:42
09:40:45,09:40:45,8.03,--,1,802,买盘,2017-06-30,2017-06-30 09:40:45
09:40:48,09:40:48,8.03,--,20,16059,买盘,2017-06-30,2017-06-30 09:40:48
09:41:00,09:41:00,8.03,--,3,2409,买盘,2017-06-30,2017-06-30 09:41:00
09:41:24,09:41:24,8.04,0.01,5,4019,买盘,2017-06-30,2017-06-30 09:41:24
09:41:36,09:41:36,8.03,-0.01,5,4014,卖盘,2017-06-30,2017-06-30 09:41:36
09:41:39,09:41:39,8.04,0.01,2,1607,买盘,2017-06-30,2017-06-30 09:41:39
09:41:45,09:41:45,8.04,--,2,1607,买盘,2017-06-30,2017-06-30 09:41:45
09:42:00,09:42:00,8.03,-0.01,30,24089,卖盘,2017-06-30,2017-06-30 09:42:00
09:42:03,09:42:03,8.04,0.01,9,7235,买盘,2017-06-30,2017-06-30 09:42:03
09:42:09,09:42:09,8.04,--,5,4019,买盘,2017-06-30,2017-06-30 09:42:09
09:42:24,09:42:24,8.03,-0.01,15,12044,卖盘,2017-06-30,2017-06-30 09:42:24
09:42:51,09:42:51,8.03,--,51,40953,卖盘,2017-06-30,2017-06-30 09:42:51
09:42:54,09:42:54,8.04,0.01,15,12059,买盘,2017-06-30,2017-06-30 09:42:54
09:43:12,09:43:12,8.04,--,16,12863,买盘,2017-06-30,2017-06-30 09:43:12
09:43:15,09:43:15,8.03,-0.01,500,401499,卖盘,2017-06-30,2017-06-30 09:43:15
09:43:24,09:43:24,8.04,0.01,140,112559,买盘,2017-06-30,2017-06-30 09:43:24
09:43:27,09:43:27,8.03,-0.01,4,3211,卖盘,2017-06-30,2017-06-30 09:43:27
09:43:45,09:43:45,8.03,--,150,120449,卖盘,2017-06-30,2017-06-30 09:43:45
09:43:57,09:43:57,8.04,0.01,66,53063,买盘,2017-06-30,2017-06-30 09:43:57
09:44:03,09:44:03,8.03,-0.01,120,96359,卖盘,2017-06-30,2017-06-30 09:44:03
09:44:12,09:44:12,8.03,--,7,5621,卖盘,2017-06-30,2017-06-30 09:44:12
09:44:30,09:44:30,8.03,--,158,126873,卖盘,2017-06-30,2017-06-30 09:44:30
09:44:33,09:44:33,8.04,0.01,4,3215,买盘,2017-06-30,2017-06-30 09:44:33
09:44:51,09:44:51,8.03,-0.01,6,4818,卖盘,2017-06-30,2017-06-30 09:44:51
09:45:12,09:45:12,8.03,--,112,89936,卖盘,2017-06-30,2017-06-30 09:45:12
09:45:18,09:45:18,8.03,--,20,16059,买盘,2017-06-30,2017-06-30 09:45:18
09:45:30,09:45:30,8.03,--,48,38544,买盘,2017-06-30,2017-06-30 09:45:30
09:45:33,09:45:33,8.02,-0.01,219,175638,卖盘,2017-06-30,2017-06-30 09:45:33
09:45:36,09:45:36,8.04,0.02,5,4019,买盘,2017-06-30,2017-06-30 09:45:36
09:46:12,09:46:12,8.04,--,9,7235,买盘,2017-06-30,2017-06-30 09:46:12
09:46:18,09:46:18,8.02,-0.02,893,716186,卖盘,2017-06-30,2017-06-30 09:46:18
09:46:27,09:46:27,8.02,--,15,12030,买盘,2017-06-30,2017-06-30 09:46:27
09:46:30,09:46:30,8.02,--,3,2406,买盘,2017-06-30,2017-06-30 09:46:30
09:46:39,09:46:39,8.01,-0.01,23,18423,卖盘,2017-06-30,2017-06-30 09:46:39
09:46:45,09:46:45,8.02,0.01,20,16040,买盘,2017-06-30,2017-06-30 09:46:45
09:46:48,09:46:48,8.01,-0.01,993,795393,卖盘,2017-06-30,2017-06-30 09:46:48
09:46:54,09:46:54,8.01,--,4,3204,买盘,2017-06-30,2017-06-30 09:46:54
09:46:57,09:46:57,8.01,--,115,92115,买盘,2017-06-30,2017-06-30 09:46:57
09:47:03,09:47:03,8.01,--,75,60075,买盘,2017-06-30,2017-06-30 09:47:03
09:47:06,09:47:06,8.01,--,291,233091,买盘,2017-06-30,2017-06-30 09:47:06
09:47:09,09:47:09,8.01,--,50,40050,买盘,2017-06-30,2017-06-30 09:47:09
09:47:12,09:47:12,8.01,--,1,801,买盘,2017-06-30,2017-06-30 09:47:12
09:47:15,09:47:15,8.01,--,13,10413,买盘,2017-06-30,2017-06-30 09:47:15
09:47:24,09:47:24,8.0,-0.01,182,145600,卖盘,2017-06-30,2017-06-30 09:47:24
09:47:27,09:47:27,8.01,0.01,5,4005,买盘,2017-06-30,2017-06-30 09:47:27
09:47:30,09:47:30,8.01,--,10,8010,买盘,2017-06-30,2017-06-30 09:47:30
09:47:33,09:47:33,8.01,--,8,6408,买盘,2017-06-30,2017-06-30 09:47:33
09:47:36,09:47:36,8.01,--,3,2403,买盘,2017-06-30,2017-06-30 09:47:36
09:47:39,09:47:39,8.01,--,12,9612,买盘,2017-06-30,2017-06-30 09:47:39
09:47:54,09:47:54,8.01,--,5,4005,买盘,2017-06-30,2017-06-30 09:47:54
09:48:06,09:48:06,8.01,--,18,14418,买盘,2017-06-30,2017-06-30 09:48:06
09:48:18,09:48:18,8.01,--,1,801,买盘,2017-06-30,2017-06-30 09:48:18
09:48:24,09:48:24,8.01,--,1,801,买盘,2017-06-30,2017-06-30 09:48:24
09:48:27,09:48:27,8.01,--,1,801,买盘,2017-06-30,2017-06-30 09:48:27
09:48:39,09:48:39,8.01,--,3,2403,买盘,2017-06-30,2017-06-30 09:48:39
09:48:54,09:48:54,8.01,--,20,16020,买盘,2017-06-30,2017-06-30 09:48:54
09:48:57,09:48:57,8.01,--,48,38448,买盘,2017-06-30,2017-06-30 09:48:57
09:49:00,09:49:00,8.0,-0.01,20,16000,卖盘,2017-06-30,2017-06-30 09:49:00
09:49:06,09:49:06,8.0,--,31,24800,卖盘,2017-06-30,2017-06-30 09:49:06
09:49:09,09:49:09,8.01,0.01,14,11214,买盘,2017-06-30,2017-06-30 09:49:09
09:49:15,09:49:15,8.01,--,210,168210,买盘,2017-06-30,2017-06-30 09:49:15
09:49:21,09:49:21,8.0,-0.01,153,122728,卖盘,2017-06-30,2017-06-30 09:49:21
09:49:27,09:49:27,8.01,0.01,6,4806,买盘,2017-06-30,2017-06-30 09:49:27
09:49:30,09:49:30,8.01,--,5,4005,买盘,2017-06-30,2017-06-30 09:49:30
09:49:33,09:49:33,8.01,--,10,8010,买盘,2017-06-30,2017-06-30 09:49:33
09:49:36,09:49:36,8.0,-0.01,114,91200,卖盘,2017-06-30,2017-06-30 09:49:36
09:49:39,09:49:39,8.01,0.01,17,13617,买盘,2017-06-30,2017-06-30 09:49:39
09:49:48,09:49:48,8.01,--,7,5607,买盘,2017-06-30,2017-06-30 09:49:48
09:49:57,09:49:57,8.01,--,50,40050,买盘,2017-06-30,2017-06-30 09:49:57
09:50:00,09:50:00,8.01,--,1,801,买盘,2017-06-30,2017-06-30 09:50:00
09:50:03,09:50:03,8.01,--,6,4806,买盘,2017-06-30,2017-06-30 09:50:03
09:50:09,09:50:09,8.0,-0.01,30,24000,卖盘,2017-06-30,2017-06-30 09:50:09
09:50:15,09:50:15,8.01,0.01,66,52866,买盘,2017-06-30,2017-06-30 09:50:15
09:50:21,09:50:21,8.01,--,6,4806,买盘,2017-06-30,2017-06-30 09:50:21
09:50:27,09:50:27,8.01,--,20,16020,买盘,2017-06-30,2017-06-30 09:50:27
09:50:30,09:50:30,8.01,--,3,2403,买盘,2017-06-30,2017-06-30 09:50:30
09:50:33,09:50:33,8.0,-0.01,3,2400,卖盘,2017-06-30,2017-06-30 09:50:33
09:50:36,09:50:36,8.01,0.01,11,8811,买盘,2017-06-30,2017-06-30 09:50:36
09:50:48,09:50:48,8.01,--,11,8811,买盘,2017-06-30,2017-06-30 09:50:48
09:51:00,09:51:00,8.01,--,2,1602,买盘,2017-06-30,2017-06-30 09:51:00
09:51:06,09:51:06,8.01,--,10,8010,买盘,2017-06-30,2017-06-30 09:51:06
09:51:09,09:51:09,8.01,--,30,24030,买盘,2017-06-30,2017-06-30 09:51:09
09:51:15,09:51:15,8.01,--,120,96120,买盘,2017-06-30,2017-06-30 09:51:15
09:51:21,09:51:21,8.01,--,10,8010,买盘,2017-06-30,2017-06-30 09:51:21
09:51:33,09:51:33,8.01,--,73,58473,买盘,2017-06-30,2017-06-30 09:51:33
09:51:39,09:51:39,8.01,--,10,8010,买盘,2017-06-30,2017-06-30 09:51:39
09:51:42,09:51:42,8.01,--,10,8010,买盘,2017-06-30,2017-06-30 09:51:42
09:51:45,09:51:45,8.0,-0.01,10,8000,卖盘,2017-06-30,2017-06-30 09:51:45
09:52:06,09:52:06,8.01,0.01,79,63279,中性盘,2017-06-30,2017-06-30 09:52:06
09:52:09,09:52:09,8.01,--,18,14418,买盘,2017-06-30,2017-06-30 09:52:09
09:52:18,09:52:18,8.01,--,3,2403,买盘,2017-06-30,2017-06-30 09:52:18
09:52:27,09:52:27,8.01,--,67,53667,卖盘,2017-06-30,2017-06-30 09:52:27
09:52:30,09:52:30,8.01,--,5,4005,买盘,2017-06-30,2017-06-30 09:52:30
09:52:36,09:52:36,8.01,--,12,9612,买盘,2017-06-30,2017-06-30 09:52:36
09:52:45,09:52:45,8.01,--,10,8010,买盘,2017-06-30,2017-06-30 09:52:45
09:52:57,09:52:57,8.01,--,10,8010,买盘,2017-06-30,2017-06-30 09:52:57
09:53:03,09:53:03,8.0,-0.01,2,1600,卖盘,2017-06-30,2017-06-30 09:53:03
09:53:06,09:53:06,8.01,0.01,18,14418,买盘,2017-06-30,2017-06-30 09:53:06
09:53:15,09:53:15,8.01,--,6,4806,卖盘,2017-06-30,2017-06-30 09:53:15
09:53:42,09:53:42,8.02,0.01,5,4010,买盘,2017-06-30,2017-06-30 09:53:42
09:54:24,09:54:24,8.02,--,38,30476,买盘,2017-06-30,2017-06-30 09:54:24
09:55:30,09:55:30,8.02,--,2,1604,买盘,2017-06-30,2017-06-30 09:55:30
09:55:48,09:55:48,8.02,--,15,12030,买盘,2017-06-30,2017-06-30 09:55:48
09:56:18,09:56:18,8.02,--,10,8020,买盘,2017-06-30,2017-06-30 09:56:18
09:56:24,09:56:24,8.02,--,170,136340,买盘,2017-06-30,2017-06-30 09:56:24
09:56:45,09:56:45,8.02,--,9,7218,卖盘,2017-06-30,2017-06-30 09:56:45
09:56:51,09:56:51,8.02,--,74,59348,卖盘,2017-06-30,2017-06-30 09:56:51
09:57:06,09:57:06,8.02,--,3,2406,买盘,2017-06-30,2017-06-30 09:57:06
09:57:09,09:57:09,8.02,--,1,802,买盘,2017-06-30,2017-06-30 09:57:09
09:57:18,09:57:18,8.02,--,1,802,买盘,2017-06-30,2017-06-30 09:57:18
09:57:33,09:57:33,8.02,--,2,1604,买盘,2017-06-30,2017-06-30 09:57:33
09:57:36,09:57:36,8.02,--,12,9624,买盘,2017-06-30,2017-06-30 09:57:36
09:57:39,09:57:39,8.02,--,41,32882,买盘,2017-06-30,2017-06-30 09:57:39
09:57:45,09:57:45,8.02,--,1,802,买盘,2017-06-30,2017-06-30 09:57:45
09:58:15,09:58:15,8.02,--,81,64962,买盘,2017-06-30,2017-06-30 09:58:15
09:58:39,09:58:39,8.03,0.01,14,11242,买盘,2017-06-30,2017-06-30 09:58:39
09:58:45,09:58:45,8.03,--,17,13650,买盘,2017-06-30,2017-06-30 09:58:45
09:59:00,09:59:00,8.03,--,30,24089,买盘,2017-06-30,2017-06-30 09:59:00
09:59:42,09:59:42,8.03,--,50,40150,买盘,2017-06-30,2017-06-30 09:59:42
09:59:51,09:59:51,8.03,--,11,8833,买盘,2017-06-30,2017-06-30 09:59:51
10:00:00,10:00:00,8.03,--,2,1605,买盘,2017-06-30,2017-06-30 10:00:00
10:00:18,10:00:18,8.03,--,5,4014,买盘,2017-06-30,2017-06-30 10:00:18
10:00:21,10:00:21,8.02,-0.01,10,8020,卖盘,2017-06-30,2017-06-30 10:00:21
10:00:24,10:00:24,8.02,--,100,80200,卖盘,2017-06-30,2017-06-30 10:00:24
10:00:33,10:00:33,8.03,0.01,4,3211,买盘,2017-06-30,2017-06-30 10:00:33
10:00:42,10:00:42,8.03,--,46,36938,买盘,2017-06-30,2017-06-30 10:00:42
10:01:33,10:01:33,8.03,--,10,8029,买盘,2017-06-30,2017-06-30 10:01:33
10:01:57,10:01:57,8.03,--,14,11242,买盘,2017-06-30,2017-06-30 10:01:57
10:02:24,10:02:24,8.02,-0.01,3,2406,卖盘,2017-06-30,2017-06-30 10:02:24
10:02:36,10:02:36,8.02,--,165,132330,卖盘,2017-06-30,2017-06-30 10:02:36
10:02:51,10:02:51,8.01,-0.01,220,176220,卖盘,2017-06-30,2017-06-30 10:02:51
10:03:24,10:03:24,8.01,--,158,126558,卖盘,2017-06-30,2017-06-30 10:03:24
10:03:27,10:03:27,8.01,--,4,3204,买盘,2017-06-30,2017-06-30 10:03:27
10:03:48,10:03:48,8.01,--,3,2403,买盘,2017-06-30,2017-06-30 10:03:48
10:04:06,10:04:06,8.01,--,5,4005,买盘,2017-06-30,2017-06-30 10:04:06
10:04:09,10:04:09,8.01,--,95,76095,买盘,2017-06-30,2017-06-30 10:04:09
10:04:30,10:04:30,8.02,0.01,2,1604,买盘,2017-06-30,2017-06-30 10:04:30
10:04:42,10:04:42,8.02,--,1,802,买盘,2017-06-30,2017-06-30 10:04:42
10:04:54,10:04:54,8.02,--,15,12030,买盘,2017-06-30,2017-06-30 10:04:54
10:05:00,10:05:00,8.01,-0.01,24,19224,卖盘,2017-06-30,2017-06-30 10:05:00
10:05:27,10:05:27,8.02,0.01,41,32882,买盘,2017-06-30,2017-06-30 10:05:27
10:05:54,10:05:54,8.01,-0.01,21,16821,卖盘,2017-06-30,2017-06-30 10:05:54
10:05:57,10:05:57,8.02,0.01,5,4010,买盘,2017-06-30,2017-06-30 10:05:57
10:06:45,10:06:45,8.02,--,20,16040,买盘,2017-06-30,2017-06-30 10:06:45
10:07:06,10:07:06,8.01,-0.01,23,18423,卖盘,2017-06-30,2017-06-30 10:07:06
10:07:09,10:07:09,8.02,0.01,19,15238,买盘,2017-06-30,2017-06-30 10:07:09
10:07:39,10:07:39,8.02,--,2,1604,买盘,2017-06-30,2017-06-30 10:07:39
10:07:42,10:07:42,8.02,--,3,2406,买盘,2017-06-30,2017-06-30 10:07:42
10:07:51,10:07:51,8.02,--,11,8822,买盘,2017-06-30,2017-06-30 10:07:51
10:07:57,10:07:57,8.02,--,1,802,买盘,2017-06-30,2017-06-30 10:07:57
10:08:12,10:08:12,8.02,--,10,8020,买盘,2017-06-30,2017-06-30 10:08:12
10:08:27,10:08:27,8.02,--,53,42506,买盘,2017-06-30,2017-06-30 10:08:27
10:09:09,10:09:09,8.02,--,3,2406,买盘,2017-06-30,2017-06-30 10:09:09
10:09:27,10:09:27,8.02,--,3,2406,买盘,2017-06-30,2017-06-30 10:09:27
10:09:42,10:09:42,8.02,--,1,802,买盘,2017-06-30,2017-06-30 10:09:42
10:10:03,10:10:03,8.02,--,10,8020,买盘,2017-06-30,2017-06-30 10:10:03
10:10:06,10:10:06,8.02,--,20,16040,买盘,2017-06-30,2017-06-30 10:10:06
10:10:21,10:10:21,8.01,-0.01,4,3204,卖盘,2017-06-30,2017-06-30 10:10:21
10:10:36,10:10:36,8.02,0.01,2,1604,买盘,2017-06-30,2017-06-30 10:10:36
10:10:39,10:10:39,8.01,-0.01,53,42453,卖盘,2017-06-30,2017-06-30 10:10:39
10:10:42,10:10:42,8.01,--,10,8010,卖盘,2017-06-30,2017-06-30 10:10:42
10:10:54,10:10:54,8.02,0.01,3,2406,买盘,2017-06-30,2017-06-30 10:10:54
10:11:03,10:11:03,8.01,-0.01,1,801,卖盘,2017-06-30,2017-06-30 10:11:03
10:12:33,10:12:33,8.01,--,9,7209,卖盘,2017-06-30,2017-06-30 10:12:33
10:12:42,10:12:42,8.01,--,5,4005,卖盘,2017-06-30,2017-06-30 10:12:42
10:12:45,10:12:45,8.02,0.01,3,2406,买盘,2017-06-30,2017-06-30 10:12:45
10:13:27,10:13:27,8.01,-0.01,720,576720,卖盘,2017-06-30,2017-06-30 10:13:27
10:13:33,10:13:33,8.02,0.01,393,315186,买盘,2017-06-30,2017-06-30 10:13:33
10:13:36,10:13:36,8.01,-0.01,10,8010,卖盘,2017-06-30,2017-06-30 10:13:36
10:13:39,10:13:39,8.02,0.01,2,1604,买盘,2017-06-30,2017-06-30 10:13:39
10:14:06,10:14:06,8.02,--,5,4010,买盘,2017-06-30,2017-06-30 10:14:06
10:14:21,10:14:21,8.01,-0.01,2,1602,卖盘,2017-06-30,2017-06-30 10:14:21
10:14:36,10:14:36,8.01,--,15,12015,卖盘,2017-06-30,2017-06-30 10:14:36
10:14:42,10:14:42,8.02,0.01,1,802,买盘,2017-06-30,2017-06-30 10:14:42
10:15:21,10:15:21,8.02,--,2,1604,买盘,2017-06-30,2017-06-30 10:15:21
10:15:27,10:15:27,8.01,-0.01,23,18423,卖盘,2017-06-30,2017-06-30 10:15:27
10:16:06,10:16:06,8.01,--,34,27234,卖盘,2017-06-30,2017-06-30 10:16:06
10:16:15,10:16:15,8.02,0.01,5,4010,买盘,2017-06-30,2017-06-30 10:16:15
10:16:27,10:16:27,8.01,-0.01,22,17622,卖盘,2017-06-30,2017-06-30 10:16:27
10:16:30,10:16:30,8.01,--,600,480600,卖盘,2017-06-30,2017-06-30 10:16:30
10:16:33,10:16:33,8.0,-0.01,1300,1040000,卖盘,2017-06-30,2017-06-30 10:16:33
10:16:39,10:16:39,7.99,-0.01,200,159800,卖盘,2017-06-30,2017-06-30 10:16:39
10:16:42,10:16:42,7.98,-0.01,400,319200,卖盘,2017-06-30,2017-06-30 10:16:42
10:16:51,10:16:51,7.98,--,20,15960,卖盘,2017-06-30,2017-06-30 10:16:51
10:16:57,10:16:57,7.98,--,26,20748,卖盘,2017-06-30,2017-06-30 10:16:57
10:17:00,10:17:00,7.98,--,11,9248,卖盘,2017-06-30,2017-06-30 10:17:00
10:17:09,10:17:09,7.98,--,10,7980,买盘,2017-06-30,2017-06-30 10:17:09
10:17:12,10:17:12,7.98,--,1,1125,买盘,2017-06-30,2017-06-30 10:17:12
10:17:27,10:17:27,7.98,--,23,18354,卖盘,2017-06-30,2017-06-30 10:17:27
10:17:42,10:17:42,7.98,--,2,1596,卖盘,2017-06-30,2017-06-30 10:17:42
10:17:54,10:17:54,7.99,0.01,1,799,买盘,2017-06-30,2017-06-30 10:17:54
10:17:57,10:17:57,7.98,-0.01,2,1596,卖盘,2017-06-30,2017-06-30 10:17:57
10:18:00,10:18:00,7.99,0.01,6,4794,买盘,2017-06-30,2017-06-30 10:18:00
10:18:06,10:18:06,7.99,--,9,7191,卖盘,2017-06-30,2017-06-30 10:18:06
10:18:12,10:18:12,8.0,0.01,2,1600,买盘,2017-06-30,2017-06-30 10:18:12
10:18:15,10:18:15,7.99,-0.01,17,13583,卖盘,2017-06-30,2017-06-30 10:18:15
10:18:18,10:18:18,7.98,-0.01,38,30324,卖盘,2017-06-30,2017-06-30 10:18:18
10:18:24,10:18:24,7.99,0.01,1,799,买盘,2017-06-30,2017-06-30 10:18:24
10:18:27,10:18:27,7.98,-0.01,23,18354,卖盘,2017-06-30,2017-06-30 10:18:27
10:18:30,10:18:30,7.99,0.01,2,1598,买盘,2017-06-30,2017-06-30 10:18:30
10:18:33,10:18:33,7.98,-0.01,1,798,卖盘,2017-06-30,2017-06-30 10:18:33
10:18:36,10:18:36,7.98,--,20,15960,卖盘,2017-06-30,2017-06-30 10:18:36
10:18:51,10:18:51,7.99,0.01,20,15980,买盘,2017-06-30,2017-06-30 10:18:51
10:18:54,10:18:54,7.99,--,18,14382,买盘,2017-06-30,2017-06-30 10:18:54
10:19:21,10:19:21,7.99,--,20,15980,卖盘,2017-06-30,2017-06-30 10:19:21
10:19:27,10:19:27,7.98,-0.01,23,18354,卖盘,2017-06-30,2017-06-30 10:19:27
10:19:33,10:19:33,7.99,0.01,15,11985,中性盘,2017-06-30,2017-06-30 10:19:33
10:19:42,10:19:42,7.99,--,1,799,买盘,2017-06-30,2017-06-30 10:19:42
10:19:45,10:19:45,7.99,--,10,7990,买盘,2017-06-30,2017-06-30 10:19:45
10:19:48,10:19:48,7.99,--,16,12784,买盘,2017-06-30,2017-06-30 10:19:48
10:19:57,10:19:57,7.99,--,8,6392,买盘,2017-06-30,2017-06-30 10:19:57
10:20:03,10:20:03,7.99,--,5,3995,买盘,2017-06-30,2017-06-30 10:20:03
10:20:06,10:20:06,7.98,-0.01,10,7980,卖盘,2017-06-30,2017-06-30 10:20:06
10:20:09,10:20:09,7.99,0.01,5,3995,买盘,2017-06-30,2017-06-30 10:20:09
10:20:15,10:20:15,7.99,--,6,4794,买盘,2017-06-30,2017-06-30 10:20:15
10:20:21,10:20:21,7.98,-0.01,180,144110,卖盘,2017-06-30,2017-06-30 10:20:21
10:20:27,10:20:27,7.97,-0.01,27,21519,卖盘,2017-06-30,2017-06-30 10:20:27
10:20:36,10:20:36,7.98,0.01,37,29853,买盘,2017-06-30,2017-06-30 10:20:36
10:20:45,10:20:45,7.98,--,161,128478,卖盘,2017-06-30,2017-06-30 10:20:45
10:20:54,10:20:54,7.99,0.01,2,1598,买盘,2017-06-30,2017-06-30 10:20:54
10:21:06,10:21:06,7.99,--,15,11985,买盘,2017-06-30,2017-06-30 10:21:06
10:21:12,10:21:12,7.98,-0.01,24,19152,卖盘,2017-06-30,2017-06-30 10:21:12
10:21:18,10:21:18,7.98,--,213,169974,卖盘,2017-06-30,2017-06-30 10:21:18
10:21:27,10:21:27,7.98,--,26,20748,买盘,2017-06-30,2017-06-30 10:21:27
10:21:39,10:21:39,7.98,--,20,15960,买盘,2017-06-30,2017-06-30 10:21:39
10:21:51,10:21:51,7.98,--,45,35910,买盘,2017-06-30,2017-06-30 10:21:51
10:21:57,10:21:57,7.98,--,24,19152,买盘,2017-06-30,2017-06-30 10:21:57
10:22:00,10:22:00,7.98,--,10,7980,买盘,2017-06-30,2017-06-30 10:22:00
10:22:03,10:22:03,7.99,0.01,100,79900,买盘,2017-06-30,2017-06-30 10:22:03
10:22:12,10:22:12,7.97,-0.02,9,7173,卖盘,2017-06-30,2017-06-30 10:22:12
10:22:27,10:22:27,7.97,--,23,18331,卖盘,2017-06-30,2017-06-30 10:22:27
10:22:33,10:22:33,7.97,--,352,280544,卖盘,2017-06-30,2017-06-30 10:22:33
10:22:48,10:22:48,7.97,--,80,63760,卖盘,2017-06-30,2017-06-30 10:22:48
10:23:00,10:23:00,7.99,0.02,2,1598,买盘,2017-06-30,2017-06-30 10:23:00
10:23:03,10:23:03,7.97,-0.02,22,17534,卖盘,2017-06-30,2017-06-30 10:23:03
10:23:15,10:23:15,7.99,0.02,2,1598,买盘,2017-06-30,2017-06-30 10:23:15
10:23:24,10:23:24,7.97,-0.02,38,30286,卖盘,2017-06-30,2017-06-30 10:23:24
10:23:27,10:23:27,7.97,--,22,17534,卖盘,2017-06-30,2017-06-30 10:23:27
10:23:54,10:23:54,7.99,0.02,2,1598,买盘,2017-06-30,2017-06-30 10:23:54
10:24:09,10:24:09,7.97,-0.02,13,10361,卖盘,2017-06-30,2017-06-30 10:24:09
10:24:21,10:24:21,7.98,0.01,4,3192,中性盘,2017-06-30,2017-06-30 10:24:21
10:24:27,10:24:27,7.97,-0.01,33,26301,卖盘,2017-06-30,2017-06-30 10:24:27
10:24:30,10:24:30,7.97,--,16,12752,卖盘,2017-06-30,2017-06-30 10:24:30
10:24:39,10:24:39,7.97,--,1,797,卖盘,2017-06-30,2017-06-30 10:24:39
10:24:42,10:24:42,7.98,0.01,1,798,买盘,2017-06-30,2017-06-30 10:24:42
10:24:45,10:24:45,7.98,--,2,1596,买盘,2017-06-30,2017-06-30 10:24:45
10:24:54,10:24:54,7.97,-0.01,20,15940,卖盘,2017-06-30,2017-06-30 10:24:54
10:24:57,10:24:57,7.98,0.01,86,68628,买盘,2017-06-30,2017-06-30 10:24:57
10:25:03,10:25:03,7.97,-0.01,143,113971,卖盘,2017-06-30,2017-06-30 10:25:03
10:25:15,10:25:15,7.97,--,20,15940,卖盘,2017-06-30,2017-06-30 10:25:15
10:25:30,10:25:30,7.97,--,23,18331,卖盘,2017-06-30,2017-06-30 10:25:30
10:25:33,10:25:33,7.99,0.02,50,39950,买盘,2017-06-30,2017-06-30 10:25:33
10:25:45,10:25:45,7.99,--,4,3196,买盘,2017-06-30,2017-06-30 10:25:45
10:25:57,10:25:57,7.97,-0.02,3,2391,卖盘,2017-06-30,2017-06-30 10:25:57
10:26:06,10:26:06,7.97,--,11,8767,卖盘,2017-06-30,2017-06-30 10:26:06
10:26:30,10:26:30,7.97,--,23,18331,卖盘,2017-06-30,2017-06-30 10:26:30
10:26:45,10:26:45,7.98,0.01,6,4788,中性盘,2017-06-30,2017-06-30 10:26:45
10:26:51,10:26:51,7.98,--,10,7980,卖盘,2017-06-30,2017-06-30 10:26:51
10:26:54,10:26:54,7.98,--,4,3192,卖盘,2017-06-30,2017-06-30 10:26:54
10:27:18,10:27:18,7.97,-0.01,50,39850,卖盘,2017-06-30,2017-06-30 10:27:18
10:27:21,10:27:21,7.97,--,6,4782,卖盘,2017-06-30,2017-06-30 10:27:21
10:27:24,10:27:24,7.98,0.01,20,15960,买盘,2017-06-30,2017-06-30 10:27:24
10:27:30,10:27:30,7.98,--,24,19152,买盘,2017-06-30,2017-06-30 10:27:30
10:27:33,10:27:33,7.97,-0.01,50,39850,卖盘,2017-06-30,2017-06-30 10:27:33
10:27:45,10:27:45,7.98,0.01,12,9576,买盘,2017-06-30,2017-06-30 10:27:45
10:27:51,10:27:51,7.98,--,10,7980,买盘,2017-06-30,2017-06-30 10:27:51
10:28:00,10:28:00,7.96,-0.02,508,404368,卖盘,2017-06-30,2017-06-30 10:28:00
10:28:21,10:28:21,7.97,0.01,9,7173,中性盘,2017-06-30,2017-06-30 10:28:21
10:28:27,10:28:27,7.97,--,30,23910,中性盘,2017-06-30,2017-06-30 10:28:27
10:28:30,10:28:30,7.97,--,23,18331,卖盘,2017-06-30,2017-06-30 10:28:30
10:28:36,10:28:36,7.97,--,100,79700,卖盘,2017-06-30,2017-06-30 10:28:36
10:28:51,10:28:51,7.97,--,50,39850,卖盘,2017-06-30,2017-06-30 10:28:51
10:29:06,10:29:06,7.98,0.01,142,113762,买盘,2017-06-30,2017-06-30 10:29:06
10:29:15,10:29:15,7.98,--,1,798,买盘,2017-06-30,2017-06-30 10:29:15
10:29:27,10:29:27,7.98,--,1,798,买盘,2017-06-30,2017-06-30 10:29:27
10:29:30,10:29:30,7.97,-0.01,23,18331,卖盘,2017-06-30,2017-06-30 10:29:30
10:29:33,10:29:33,7.98,0.01,2,1596,买盘,2017-06-30,2017-06-30 10:29:33
10:29:42,10:29:42,7.97,-0.01,101,80497,卖盘,2017-06-30,2017-06-30 10:29:42
10:29:45,10:29:45,7.98,0.01,2,1596,买盘,2017-06-30,2017-06-30 10:29:45
10:30:00,10:30:00,7.98,--,5,3990,买盘,2017-06-30,2017-06-30 10:30:00
10:30:27,10:30:27,7.98,--,10,7980,买盘,2017-06-30,2017-06-30 10:30:27
10:30:30,10:30:30,7.97,-0.01,22,17534,卖盘,2017-06-30,2017-06-30 10:30:30
10:30:54,10:30:54,7.97,--,12,9564,卖盘,2017-06-30,2017-06-30 10:30:54
10:31:27,10:31:27,7.97,--,50,39850,卖盘,2017-06-30,2017-06-30 10:31:27
10:31:30,10:31:30,7.97,--,23,18331,卖盘,2017-06-30,2017-06-30 10:31:30
10:31:45,10:31:45,7.97,--,38,30636,卖盘,2017-06-30,2017-06-30 10:31:45
10:31:48,10:31:48,7.97,--,11,9213,买盘,2017-06-30,2017-06-30 10:31:48
10:32:00,10:32:00,7.97,--,16,13102,卖盘,2017-06-30,2017-06-30 10:32:00
10:32:03,10:32:03,7.97,--,5,3985,买盘,2017-06-30,2017-06-30 10:32:03
10:32:06,10:32:06,7.97,--,5,3985,买盘,2017-06-30,2017-06-30 10:32:06
10:32:18,10:32:18,7.97,--,10,7970,买盘,2017-06-30,2017-06-30 10:32:18
10:32:30,10:32:30,7.96,-0.01,23,18308,卖盘,2017-06-30,2017-06-30 10:32:30
10:32:36,10:32:36,7.97,0.01,64,51008,买盘,2017-06-30,2017-06-30 10:32:36
10:33:03,10:33:03,7.97,--,30,23910,买盘,2017-06-30,2017-06-30 10:33:03
10:33:12,10:33:12,7.96,-0.01,306,243576,卖盘,2017-06-30,2017-06-30 10:33:12
10:33:15,10:33:15,7.97,0.01,3,2391,买盘,2017-06-30,2017-06-30 10:33:15
10:33:30,10:33:30,7.96,-0.01,31,24676,卖盘,2017-06-30,2017-06-30 10:33:30
10:33:39,10:33:39,7.96,--,1,796,卖盘,2017-06-30,2017-06-30 10:33:39
10:33:42,10:33:42,7.97,0.01,10,7970,买盘,2017-06-30,2017-06-30 10:33:42
10:33:45,10:33:45,7.96,-0.01,11,8756,卖盘,2017-06-30,2017-06-30 10:33:45
10:33:48,10:33:48,7.96,--,2,1592,买盘,2017-06-30,2017-06-30 10:33:48
10:33:54,10:33:54,7.96,--,40,31840,买盘,2017-06-30,2017-06-30 10:33:54
10:34:06,10:34:06,7.95,-0.01,109,86694,卖盘,2017-06-30,2017-06-30 10:34:06
10:34:21,10:34:21,7.95,--,50,39750,卖盘,2017-06-30,2017-06-30 10:34:21
10:34:30,10:34:30,7.95,--,22,17490,卖盘,2017-06-30,2017-06-30 10:34:30
10:34:33,10:34:33,7.95,--,20,15900,卖盘,2017-06-30,2017-06-30 10:34:33
10:34:42,10:34:42,7.96,0.01,1,796,买盘,2017-06-30,2017-06-30 10:34:42
10:34:45,10:34:45,7.95,-0.01,6,4770,卖盘,2017-06-30,2017-06-30 10:34:45
10:34:51,10:34:51,7.96,0.01,2,1592,买盘,2017-06-30,2017-06-30 10:34:51
10:34:57,10:34:57,7.96,--,10,7960,买盘,2017-06-30,2017-06-30 10:34:57
10:35:00,10:35:00,7.95,-0.01,1,795,卖盘,2017-06-30,2017-06-30 10:35:00
10:35:03,10:35:03,7.95,--,101,80295,卖盘,2017-06-30,2017-06-30 10:35:03
10:35:09,10:35:09,7.95,--,175,139125,卖盘,2017-06-30,2017-06-30 10:35:09
10:35:12,10:35:12,7.95,--,50,39750,卖盘,2017-06-30,2017-06-30 10:35:12
10:35:15,10:35:15,7.95,--,141,112095,卖盘,2017-06-30,2017-06-30 10:35:15
10:35:24,10:35:24,7.95,--,19,15105,卖盘,2017-06-30,2017-06-30 10:35:24
10:35:30,10:35:30,7.95,--,23,18285,卖盘,2017-06-30,2017-06-30 10:35:30
10:35:42,10:35:42,7.95,--,11,8745,卖盘,2017-06-30,2017-06-30 10:35:42
10:35:57,10:35:57,7.95,--,50,39750,卖盘,2017-06-30,2017-06-30 10:35:57
10:36:18,10:36:18,7.95,--,18,14310,卖盘,2017-06-30,2017-06-30 10:36:18
10:36:24,10:36:24,7.95,--,50,39750,卖盘,2017-06-30,2017-06-30 10:36:24
10:36:27,10:36:27,7.95,--,68,54815,卖盘,2017-06-30,2017-06-30 10:36:27
10:36:30,10:36:30,7.94,-0.01,34,26996,卖盘,2017-06-30,2017-06-30 10:36:30
10:36:39,10:36:39,7.95,0.01,1,795,买盘,2017-06-30,2017-06-30 10:36:39
10:36:42,10:36:42,7.95,--,2,1590,买盘,2017-06-30,2017-06-30 10:36:42
10:36:48,10:36:48,7.95,--,1,795,买盘,2017-06-30,2017-06-30 10:36:48
10:36:54,10:36:54,7.95,--,42,33390,买盘,2017-06-30,2017-06-30 10:36:54
10:37:18,10:37:18,7.95,--,1,795,买盘,2017-06-30,2017-06-30 10:37:18
10:37:21,10:37:21,7.95,--,36,28620,买盘,2017-06-30,2017-06-30 10:37:21
10:37:30,10:37:30,7.94,-0.01,56,44464,卖盘,2017-06-30,2017-06-30 10:37:30
10:37:33,10:37:33,7.95,0.01,10,7950,买盘,2017-06-30,2017-06-30 10:37:33
10:37:36,10:37:36,7.95,--,20,15900,买盘,2017-06-30,2017-06-30 10:37:36
10:37:39,10:37:39,7.94,-0.01,21,16674,卖盘,2017-06-30,2017-06-30 10:37:39
10:37:42,10:37:42,7.95,0.01,2,1629,买盘,2017-06-30,2017-06-30 10:37:42
10:38:00,10:38:00,7.95,--,20,15900,卖盘,2017-06-30,2017-06-30 10:38:00
10:38:24,10:38:24,7.96,0.01,20,15920,买盘,2017-06-30,2017-06-30 10:38:24
10:38:30,10:38:30,7.94,-0.02,523,415262,卖盘,2017-06-30,2017-06-30 10:38:30
10:38:42,10:38:42,7.94,--,210,166740,卖盘,2017-06-30,2017-06-30 10:38:42
10:38:48,10:38:48,7.95,0.01,11,8745,卖盘,2017-06-30,2017-06-30 10:38:48
10:38:51,10:38:51,7.94,-0.01,106,84164,买盘,2017-06-30,2017-06-30 10:38:51
10:38:54,10:38:54,7.92,-0.02,300,237600,卖盘,2017-06-30,2017-06-30 10:38:54
10:38:57,10:38:57,7.93,0.01,5,3965,中性盘,2017-06-30,2017-06-30 10:38:57
10:39:03,10:39:03,7.91,-0.02,800,632800,卖盘,2017-06-30,2017-06-30 10:39:03
10:39:06,10:39:06,7.9,-0.01,1000,790000,卖盘,2017-06-30,2017-06-30 10:39:06
10:39:12,10:39:12,7.93,0.03,28,22204,买盘,2017-06-30,2017-06-30 10:39:12
10:39:15,10:39:15,7.93,--,110,87658,买盘,2017-06-30,2017-06-30 10:39:15
10:39:27,10:39:27,7.91,-0.02,2,1582,卖盘,2017-06-30,2017-06-30 10:39:27
10:39:30,10:39:30,7.9,-0.01,70,55300,卖盘,2017-06-30,2017-06-30 10:39:30
10:39:33,10:39:33,7.92,0.02,7,5544,买盘,2017-06-30,2017-06-30 10:39:33
10:39:39,10:39:39,7.91,-0.01,5,3955,中性盘,2017-06-30,2017-06-30 10:39:39
10:39:42,10:39:42,7.92,0.01,3,2376,买盘,2017-06-30,2017-06-30 10:39:42
10:39:54,10:39:54,7.92,--,1,792,买盘,2017-06-30,2017-06-30 10:39:54
10:40:00,10:40:00,7.92,--,4,3168,买盘,2017-06-30,2017-06-30 10:40:00
10:40:12,10:40:12,7.92,--,86,68112,卖盘,2017-06-30,2017-06-30 10:40:12
10:40:15,10:40:15,7.93,0.01,2,1586,买盘,2017-06-30,2017-06-30 10:40:15
10:40:33,10:40:33,7.92,-0.01,22,17424,卖盘,2017-06-30,2017-06-30 10:40:33
10:40:36,10:40:36,7.93,0.01,1,793,买盘,2017-06-30,2017-06-30 10:40:36
10:40:39,10:40:39,7.92,-0.01,50,39600,卖盘,2017-06-30,2017-06-30 10:40:39
10:40:48,10:40:48,7.93,0.01,120,95160,买盘,2017-06-30,2017-06-30 10:40:48
10:41:00,10:41:00,7.93,--,10,7930,买盘,2017-06-30,2017-06-30 10:41:00
10:41:09,10:41:09,7.93,--,13,10309,买盘,2017-06-30,2017-06-30 10:41:09
10:41:33,10:41:33,7.92,-0.01,23,18216,卖盘,2017-06-30,2017-06-30 10:41:33
10:41:39,10:41:39,7.95,0.03,2,1590,买盘,2017-06-30,2017-06-30 10:41:39
10:41:48,10:41:48,7.92,-0.03,107,84744,卖盘,2017-06-30,2017-06-30 10:41:48
10:42:24,10:42:24,7.93,0.01,100,79300,中性盘,2017-06-30,2017-06-30 10:42:24
10:42:33,10:42:33,7.93,--,23,18239,卖盘,2017-06-30,2017-06-30 10:42:33
10:42:39,10:42:39,7.93,--,12,9516,卖盘,2017-06-30,2017-06-30 10:42:39
10:42:45,10:42:45,7.93,--,15,11895,买盘,2017-06-30,2017-06-30 10:42:45
10:43:06,10:43:06,7.92,-0.01,14,11088,卖盘,2017-06-30,2017-06-30 10:43:06
10:43:09,10:43:09,7.93,0.01,3,2379,买盘,2017-06-30,2017-06-30 10:43:09
10:43:12,10:43:12,7.93,--,63,49959,买盘,2017-06-30,2017-06-30 10:43:12
10:43:30,10:43:30,7.94,0.01,14,11116,买盘,2017-06-30,2017-06-30 10:43:30
10:43:33,10:43:33,7.93,-0.01,23,18239,卖盘,2017-06-30,2017-06-30 10:43:33
10:43:39,10:43:39,7.94,0.01,1,794,买盘,2017-06-30,2017-06-30 10:43:39
10:43:54,10:43:54,7.93,-0.01,50,39650,卖盘,2017-06-30,2017-06-30 10:43:54
10:44:06,10:44:06,7.95,0.02,14,11130,买盘,2017-06-30,2017-06-30 10:44:06
10:44:33,10:44:33,7.94,-0.01,34,26996,中性盘,2017-06-30,2017-06-30 10:44:33
10:44:42,10:44:42,7.95,0.01,1,795,买盘,2017-06-30,2017-06-30 10:44:42
10:44:45,10:44:45,7.95,--,1,795,买盘,2017-06-30,2017-06-30 10:44:45
10:44:48,10:44:48,7.95,--,14,11130,买盘,2017-06-30,2017-06-30 10:44:48
10:45:21,10:45:21,7.95,--,10,7950,买盘,2017-06-30,2017-06-30 10:45:21
10:45:24,10:45:24,7.94,-0.01,5,3970,卖盘,2017-06-30,2017-06-30 10:45:24
10:45:27,10:45:27,7.95,0.01,74,58830,买盘,2017-06-30,2017-06-30 10:45:27
10:45:30,10:45:30,7.95,--,2,1590,买盘,2017-06-30,2017-06-30 10:45:30
10:45:33,10:45:33,7.94,-0.01,23,18262,卖盘,2017-06-30,2017-06-30 10:45:33
10:45:36,10:45:36,7.94,--,37,29378,卖盘,2017-06-30,2017-06-30 10:45:36
10:45:39,10:45:39,7.94,--,2,1588,买盘,2017-06-30,2017-06-30 10:45:39
10:45:42,10:45:42,7.94,--,61,48434,买盘,2017-06-30,2017-06-30 10:45:42
10:45:51,10:45:51,7.95,0.01,14,11130,买盘,2017-06-30,2017-06-30 10:45:51
10:46:06,10:46:06,7.94,-0.01,130,103220,卖盘,2017-06-30,2017-06-30 10:46:06
10:46:09,10:46:09,7.94,--,10,7940,买盘,2017-06-30,2017-06-30 10:46:09
10:46:18,10:46:18,7.94,--,5,3970,买盘,2017-06-30,2017-06-30 10:46:18
10:46:21,10:46:21,7.94,--,1,794,买盘,2017-06-30,2017-06-30 10:46:21
10:46:24,10:46:24,7.94,--,12,9528,买盘,2017-06-30,2017-06-30 10:46:24
10:46:33,10:46:33,7.93,-0.01,23,18239,卖盘,2017-06-30,2017-06-30 10:46:33
10:46:36,10:46:36,7.94,0.01,7,5558,买盘,2017-06-30,2017-06-30 10:46:36
10:46:39,10:46:39,7.94,--,1,794,买盘,2017-06-30,2017-06-30 10:46:39
10:47:03,10:47:03,7.93,-0.01,36,28548,卖盘,2017-06-30,2017-06-30 10:47:03
10:47:09,10:47:09,7.93,--,1,793,卖盘,2017-06-30,2017-06-30 10:47:09
10:47:12,10:47:12,7.93,--,15,11895,卖盘,2017-06-30,2017-06-30 10:47:12
10:47:33,10:47:33,7.93,--,22,17446,卖盘,2017-06-30,2017-06-30 10:47:33
10:48:00,10:48:00,7.94,0.01,26,20644,买盘,2017-06-30,2017-06-30 10:48:00
10:48:09,10:48:09,7.93,-0.01,1,793,卖盘,2017-06-30,2017-06-30 10:48:09
10:48:12,10:48:12,7.93,--,2,1586,卖盘,2017-06-30,2017-06-30 10:48:12
10:48:18,10:48:18,7.94,0.01,12,9528,买盘,2017-06-30,2017-06-30 10:48:18
10:48:24,10:48:24,7.94,--,10,7940,卖盘,2017-06-30,2017-06-30 10:48:24
10:48:27,10:48:27,7.94,--,2,1588,卖盘,2017-06-30,2017-06-30 10:48:27
10:48:33,10:48:33,7.93,-0.01,23,18239,卖盘,2017-06-30,2017-06-30 10:48:33
10:49:06,10:49:06,7.94,0.01,18,14292,中性盘,2017-06-30,2017-06-30 10:49:06
10:49:18,10:49:18,7.94,--,6,4764,买盘,2017-06-30,2017-06-30 10:49:18
10:49:33,10:49:33,7.94,--,23,18262,卖盘,2017-06-30,2017-06-30 10:49:33
10:50:06,10:50:06,7.94,--,10,7940,卖盘,2017-06-30,2017-06-30 10:50:06
10:50:09,10:50:09,7.95,0.01,502,399090,买盘,2017-06-30,2017-06-30 10:50:09
10:50:15,10:50:15,7.92,-0.03,200,158400,卖盘,2017-06-30,2017-06-30 10:50:15
10:50:18,10:50:18,7.91,-0.01,570,450870,卖盘,2017-06-30,2017-06-30 10:50:18
10:50:21,10:50:21,7.95,0.04,5,3975,买盘,2017-06-30,2017-06-30 10:50:21
10:50:24,10:50:24,7.95,--,11,8745,买盘,2017-06-30,2017-06-30 10:50:24
10:50:30,10:50:30,7.95,--,1,795,买盘,2017-06-30,2017-06-30 10:50:30
10:50:33,10:50:33,7.91,-0.04,35,27685,卖盘,2017-06-30,2017-06-30 10:50:33
10:50:57,10:50:57,7.94,0.03,10,7940,中性盘,2017-06-30,2017-06-30 10:50:57
10:51:24,10:51:24,7.92,-0.02,42,33264,中性盘,2017-06-30,2017-06-30 10:51:24
10:51:33,10:51:33,7.92,--,222,175824,卖盘,2017-06-30,2017-06-30 10:51:33
10:52:09,10:52:09,7.94,0.02,1,794,中性盘,2017-06-30,2017-06-30 10:52:09
10:52:27,10:52:27,7.94,--,25,19850,买盘,2017-06-30,2017-06-30 10:52:27
10:52:33,10:52:33,7.93,-0.01,23,18239,卖盘,2017-06-30,2017-06-30 10:52:33
10:52:39,10:52:39,7.93,--,30,23790,卖盘,2017-06-30,2017-06-30 10:52:39
10:52:54,10:52:54,7.93,--,2,1586,卖盘,2017-06-30,2017-06-30 10:52:54
10:53:03,10:53:03,7.94,0.01,2,1588,买盘,2017-06-30,2017-06-30 10:53:03
10:53:36,10:53:36,7.93,-0.01,23,18239,卖盘,2017-06-30,2017-06-30 10:53:36
10:53:39,10:53:39,7.92,-0.01,215,170280,卖盘,2017-06-30,2017-06-30 10:53:39
10:53:48,10:53:48,7.94,0.02,102,80988,买盘,2017-06-30,2017-06-30 10:53:48
10:53:51,10:53:51,7.94,--,50,39700,卖盘,2017-06-30,2017-06-30 10:53:51
10:54:09,10:54:09,7.95,0.01,1,795,买盘,2017-06-30,2017-06-30 10:54:09
10:54:18,10:54:18,7.95,--,64,50880,买盘,2017-06-30,2017-06-30 10:54:18
10:54:24,10:54:24,7.95,--,27,21465,卖盘,2017-06-30,2017-06-30 10:54:24
10:54:33,10:54:33,7.95,--,53,42135,卖盘,2017-06-30,2017-06-30 10:54:33
10:54:36,10:54:36,7.94,-0.01,22,17468,卖盘,2017-06-30,2017-06-30 10:54:36
10:54:48,10:54:48,7.95,0.01,22,17490,中性盘,2017-06-30,2017-06-30 10:54:48
10:55:00,10:55:00,7.96,0.01,3,2388,买盘,2017-06-30,2017-06-30 10:55:00
10:55:03,10:55:03,7.95,-0.01,28,22260,卖盘,2017-06-30,2017-06-30 10:55:03
10:55:09,10:55:09,7.96,0.01,41,32636,买盘,2017-06-30,2017-06-30 10:55:09
10:55:21,10:55:21,7.96,--,57,45372,买盘,2017-06-30,2017-06-30 10:55:21
10:55:30,10:55:30,7.95,-0.01,2,1987,卖盘,2017-06-30,2017-06-30 10:55:30
10:55:36,10:55:36,7.95,--,23,18285,卖盘,2017-06-30,2017-06-30 10:55:36
10:55:48,10:55:48,7.95,--,20,15900,卖盘,2017-06-30,2017-06-30 10:55:48
10:56:03,10:56:03,7.96,0.01,90,71640,买盘,2017-06-30,2017-06-30 10:56:03
10:56:09,10:56:09,7.95,-0.01,20,15900,卖盘,2017-06-30,2017-06-30 10:56:09
10:56:15,10:56:15,7.96,0.01,33,26268,买盘,2017-06-30,2017-06-30 10:56:15
10:56:18,10:56:18,7.96,--,55,43780,买盘,2017-06-30,2017-06-30 10:56:18
10:56:36,10:56:36,7.96,--,23,18308,卖盘,2017-06-30,2017-06-30 10:56:36
10:56:42,10:56:42,7.96,--,43,34228,卖盘,2017-06-30,2017-06-30 10:56:42
10:56:45,10:56:45,7.96,--,16,12736,买盘,2017-06-30,2017-06-30 10:56:45
10:56:57,10:56:57,7.96,--,4,3184,买盘,2017-06-30,2017-06-30 10:56:57
10:57:06,10:57:06,7.96,--,6,4776,买盘,2017-06-30,2017-06-30 10:57:06
10:57:24,10:57:24,7.95,-0.01,5,3975,卖盘,2017-06-30,2017-06-30 10:57:24
10:57:36,10:57:36,7.93,-0.02,23,18239,卖盘,2017-06-30,2017-06-30 10:57:36
10:57:42,10:57:42,7.95,0.02,25,19875,买盘,2017-06-30,2017-06-30 10:57:42
10:57:51,10:57:51,7.94,-0.01,14,11116,卖盘,2017-06-30,2017-06-30 10:57:51
10:58:12,10:58:12,7.94,--,1,794,卖盘,2017-06-30,2017-06-30 10:58:12
10:58:21,10:58:21,7.94,--,5,3970,卖盘,2017-06-30,2017-06-30 10:58:21
10:58:36,10:58:36,7.93,-0.01,22,17446,卖盘,2017-06-30,2017-06-30 10:58:36
10:59:06,10:59:06,7.93,--,26,20618,卖盘,2017-06-30,2017-06-30 10:59:06
10:59:12,10:59:12,7.93,--,1,793,卖盘,2017-06-30,2017-06-30 10:59:12
10:59:30,10:59:30,7.95,0.02,2,1590,买盘,2017-06-30,2017-06-30 10:59:30
10:59:36,10:59:36,7.93,-0.02,23,18239,卖盘,2017-06-30,2017-06-30 10:59:36
10:59:45,10:59:45,7.94,0.01,17,13498,中性盘,2017-06-30,2017-06-30 10:59:45
11:00:15,11:00:15,7.93,-0.01,1,793,卖盘,2017-06-30,2017-06-30 11:00:15
11:00:27,11:00:27,7.94,0.01,3,2382,买盘,2017-06-30,2017-06-30 11:00:27
11:00:36,11:00:36,7.94,--,24,19056,买盘,2017-06-30,2017-06-30 11:00:36
11:00:48,11:00:48,7.93,-0.01,68,54106,卖盘,2017-06-30,2017-06-30 11:00:48
11:00:57,11:00:57,7.94,0.01,10,7940,买盘,2017-06-30,2017-06-30 11:00:57
11:01:06,11:01:06,7.94,--,87,69078,买盘,2017-06-30,2017-06-30 11:01:06
11:01:12,11:01:12,7.93,-0.01,1,793,卖盘,2017-06-30,2017-06-30 11:01:12
11:01:15,11:01:15,7.94,0.01,19,15086,买盘,2017-06-30,2017-06-30 11:01:15
11:01:33,11:01:33,7.94,--,18,14292,卖盘,2017-06-30,2017-06-30 11:01:33
11:01:36,11:01:36,7.94,--,175,138950,卖盘,2017-06-30,2017-06-30 11:01:36
11:01:45,11:01:45,7.94,--,5,3970,卖盘,2017-06-30,2017-06-30 11:01:45
11:02:12,11:02:12,7.94,--,1,794,卖盘,2017-06-30,2017-06-30 11:02:12
11:02:30,11:02:30,7.94,--,13,10322,卖盘,2017-06-30,2017-06-30 11:02:30
11:02:36,11:02:36,7.94,--,23,18262,卖盘,2017-06-30,2017-06-30 11:02:36
11:02:48,11:02:48,7.95,0.01,173,137535,买盘,2017-06-30,2017-06-30 11:02:48
11:03:12,11:03:12,7.93,-0.02,38,30134,卖盘,2017-06-30,2017-06-30 11:03:12
11:03:21,11:03:21,7.95,0.02,90,71550,买盘,2017-06-30,2017-06-30 11:03:21
11:03:27,11:03:27,7.93,-0.02,61,48373,卖盘,2017-06-30,2017-06-30 11:03:27
11:03:33,11:03:33,7.93,--,18,14274,卖盘,2017-06-30,2017-06-30 11:03:33
11:03:36,11:03:36,7.93,--,59,46787,卖盘,2017-06-30,2017-06-30 11:03:36
11:03:39,11:03:39,7.93,--,26,20618,卖盘,2017-06-30,2017-06-30 11:03:39
11:03:42,11:03:42,7.95,0.02,87,69165,买盘,2017-06-30,2017-06-30 11:03:42
11:03:54,11:03:54,7.95,--,36,28620,买盘,2017-06-30,2017-06-30 11:03:54
11:03:57,11:03:57,7.95,--,8,6360,买盘,2017-06-30,2017-06-30 11:03:57
11:04:00,11:04:00,7.95,--,38,30210,买盘,2017-06-30,2017-06-30 11:04:00
11:04:09,11:04:09,7.95,--,81,64395,买盘,2017-06-30,2017-06-30 11:04:09
11:04:12,11:04:12,7.93,-0.02,1,793,卖盘,2017-06-30,2017-06-30 11:04:12
11:04:18,11:04:18,7.93,--,36,28548,卖盘,2017-06-30,2017-06-30 11:04:18
11:04:36,11:04:36,7.94,0.01,23,18262,中性盘,2017-06-30,2017-06-30 11:04:36
11:05:09,11:05:09,7.95,0.01,3,2385,买盘,2017-06-30,2017-06-30 11:05:09
11:05:12,11:05:12,7.95,--,198,157410,买盘,2017-06-30,2017-06-30 11:05:12
11:05:36,11:05:36,7.96,0.01,132,105072,买盘,2017-06-30,2017-06-30 11:05:36
11:05:45,11:05:45,7.95,-0.01,36,28620,卖盘,2017-06-30,2017-06-30 11:05:45
11:06:15,11:06:15,7.96,0.01,1,796,卖盘,2017-06-30,2017-06-30 11:06:15
11:06:18,11:06:18,7.97,0.01,23,18777,买盘,2017-06-30,2017-06-30 11:06:18
11:06:36,11:06:36,7.97,--,23,18331,卖盘,2017-06-30,2017-06-30 11:06:36
11:06:42,11:06:42,7.98,0.01,10,7980,买盘,2017-06-30,2017-06-30 11:06:42
11:06:45,11:06:45,8.0,0.02,300,240000,买盘,2017-06-30,2017-06-30 11:06:45
11:06:51,11:06:51,8.02,0.02,694,556588,买盘,2017-06-30,2017-06-30 11:06:51
11:06:54,11:06:54,8.02,--,150,120300,买盘,2017-06-30,2017-06-30 11:06:54
11:06:57,11:06:57,8.03,0.01,675,542025,买盘,2017-06-30,2017-06-30 11:06:57
11:07:00,11:07:00,8.04,0.01,20,16079,买盘,2017-06-30,2017-06-30 11:07:00
11:07:09,11:07:09,8.05,0.01,285,229425,买盘,2017-06-30,2017-06-30 11:07:09
11:07:12,11:07:12,8.1,0.05,37,29970,买盘,2017-06-30,2017-06-30 11:07:12
11:07:15,11:07:15,8.1,--,129,104490,买盘,2017-06-30,2017-06-30 11:07:15
11:07:18,11:07:18,8.1,--,215,174150,买盘,2017-06-30,2017-06-30 11:07:18
11:07:21,11:07:21,8.1,--,4,3240,卖盘,2017-06-30,2017-06-30 11:07:21
11:07:24,11:07:24,8.1,--,198,160380,卖盘,2017-06-30,2017-06-30 11:07:24
11:07:27,11:07:27,8.1,--,30,24300,卖盘,2017-06-30,2017-06-30 11:07:27
11:07:30,11:07:30,8.14,0.04,83,67562,买盘,2017-06-30,2017-06-30 11:07:30
11:07:33,11:07:33,8.14,--,62,50468,买盘,2017-06-30,2017-06-30 11:07:33
11:07:36,11:07:36,8.1,-0.04,45,36450,卖盘,2017-06-30,2017-06-30 11:07:36
11:07:39,11:07:39,8.15,0.05,810,660150,买盘,2017-06-30,2017-06-30 11:07:39
11:07:42,11:07:42,8.13,-0.02,25,20325,卖盘,2017-06-30,2017-06-30 11:07:42
11:07:45,11:07:45,8.1,-0.03,109,88290,卖盘,2017-06-30,2017-06-30 11:07:45
11:07:51,11:07:51,8.14,0.04,85,69190,买盘,2017-06-30,2017-06-30 11:07:51
11:07:54,11:07:54,8.13,-0.01,14,11382,中性盘,2017-06-30,2017-06-30 11:07:54
11:07:57,11:07:57,8.13,--,6,4878,买盘,2017-06-30,2017-06-30 11:07:57
11:08:00,11:08:00,8.13,--,103,83739,卖盘,2017-06-30,2017-06-30 11:08:00
11:08:03,11:08:03,8.15,0.02,230,187450,买盘,2017-06-30,2017-06-30 11:08:03
11:08:06,11:08:06,8.15,--,197,160555,买盘,2017-06-30,2017-06-30 11:08:06
11:08:09,11:08:09,8.14,-0.01,99,80586,卖盘,2017-06-30,2017-06-30 11:08:09
11:08:12,11:08:12,8.14,--,137,111518,买盘,2017-06-30,2017-06-30 11:08:12
11:08:15,11:08:15,8.14,--,67,54538,买盘,2017-06-30,2017-06-30 11:08:15
11:08:18,11:08:18,8.14,--,211,171754,买盘,2017-06-30,2017-06-30 11:08:18
11:08:21,11:08:21,8.13,-0.01,39,31707,中性盘,2017-06-30,2017-06-30 11:08:21
11:08:24,11:08:24,8.13,--,2,1626,买盘,2017-06-30,2017-06-30 11:08:24
11:08:27,11:08:27,8.11,-0.02,168,136248,卖盘,2017-06-30,2017-06-30 11:08:27
11:08:30,11:08:30,8.13,0.02,2,1626,买盘,2017-06-30,2017-06-30 11:08:30
11:08:36,11:08:36,8.11,-0.02,33,26762,卖盘,2017-06-30,2017-06-30 11:08:36
11:08:39,11:08:39,8.13,0.02,300,243900,买盘,2017-06-30,2017-06-30 11:08:39
11:08:42,11:08:42,8.12,-0.01,2,1623,中性盘,2017-06-30,2017-06-30 11:08:42
11:08:45,11:08:45,8.12,--,76,61711,买盘,2017-06-30,2017-06-30 11:08:45
11:08:48,11:08:48,8.12,--,50,40599,卖盘,2017-06-30,2017-06-30 11:08:48
11:08:51,11:08:51,8.13,0.01,188,152844,买盘,2017-06-30,2017-06-30 11:08:51
11:08:54,11:08:54,8.13,--,461,374793,买盘,2017-06-30,2017-06-30 11:08:54
11:08:57,11:08:57,8.12,-0.01,103,83635,卖盘,2017-06-30,2017-06-30 11:08:57
11:09:00,11:09:00,8.13,0.01,1041,846333,买盘,2017-06-30,2017-06-30 11:09:00
11:09:03,11:09:03,8.13,--,493,400809,卖盘,2017-06-30,2017-06-30 11:09:03
11:09:09,11:09:09,8.13,--,89,72357,卖盘,2017-06-30,2017-06-30 11:09:09
11:09:12,11:09:12,8.13,--,10,8130,卖盘,2017-06-30,2017-06-30 11:09:12
11:09:15,11:09:15,8.15,0.02,35,28525,买盘,2017-06-30,2017-06-30 11:09:15
11:09:18,11:09:18,8.15,--,22,17930,买盘,2017-06-30,2017-06-30 11:09:18
11:09:21,11:09:21,8.15,--,38,30970,买盘,2017-06-30,2017-06-30 11:09:21
11:09:24,11:09:24,8.15,--,176,143440,卖盘,2017-06-30,2017-06-30 11:09:24
11:09:27,11:09:27,8.18,0.03,403,329654,买盘,2017-06-30,2017-06-30 11:09:27
11:09:33,11:09:33,8.24,0.06,1019,839656,买盘,2017-06-30,2017-06-30 11:09:33
11:09:36,11:09:36,8.2,-0.04,23,18860,卖盘,2017-06-30,2017-06-30 11:09:36
11:09:39,11:09:39,8.24,0.04,42,34608,买盘,2017-06-30,2017-06-30 11:09:39
11:09:42,11:09:42,8.24,--,65,53560,买盘,2017-06-30,2017-06-30 11:09:42
11:09:45,11:09:45,8.24,--,43,35432,买盘,2017-06-30,2017-06-30 11:09:45
11:09:48,11:09:48,8.25,0.01,157,129525,买盘,2017-06-30,2017-06-30 11:09:48
11:09:51,11:09:51,8.26,0.01,491,405566,买盘,2017-06-30,2017-06-30 11:09:51
11:09:54,11:09:54,8.26,--,57,47082,卖盘,2017-06-30,2017-06-30 11:09:54
11:09:57,11:09:57,8.26,--,629,519554,卖盘,2017-06-30,2017-06-30 11:09:57
11:10:00,11:10:00,8.25,-0.01,77,63525,卖盘,2017-06-30,2017-06-30 11:10:00
11:10:03,11:10:03,8.26,0.01,275,227150,买盘,2017-06-30,2017-06-30 11:10:03
11:10:06,11:10:06,8.26,--,142,117292,买盘,2017-06-30,2017-06-30 11:10:06
11:10:09,11:10:09,8.24,-0.02,39,32136,卖盘,2017-06-30,2017-06-30 11:10:09
11:10:12,11:10:12,8.24,--,8,6592,买盘,2017-06-30,2017-06-30 11:10:12
11:10:15,11:10:15,8.25,0.01,33,27225,买盘,2017-06-30,2017-06-30 11:10:15
11:10:18,11:10:18,8.24,-0.01,2,1648,买盘,2017-06-30,2017-06-30 11:10:18
11:10:21,11:10:21,8.22,-0.02,178,146316,卖盘,2017-06-30,2017-06-30 11:10:21
11:10:24,11:10:24,8.22,--,23,18906,买盘,2017-06-30,2017-06-30 11:10:24
11:10:27,11:10:27,8.22,--,18,14796,买盘,2017-06-30,2017-06-30 11:10:27
11:10:30,11:10:30,8.21,-0.01,1,821,卖盘,2017-06-30,2017-06-30 11:10:30
11:10:33,11:10:33,8.22,0.01,11,9042,买盘,2017-06-30,2017-06-30 11:10:33
11:10:36,11:10:36,8.2,-0.02,59,48379,卖盘,2017-06-30,2017-06-30 11:10:36
11:10:42,11:10:42,8.21,0.01,162,133002,中性盘,2017-06-30,2017-06-30 11:10:42
11:10:45,11:10:45,8.21,--,33,27093,卖盘,2017-06-30,2017-06-30 11:10:45
11:10:48,11:10:48,8.21,--,24,19704,买盘,2017-06-30,2017-06-30 11:10:48
11:10:51,11:10:51,8.2,-0.01,13,10659,卖盘,2017-06-30,2017-06-30 11:10:51
11:10:54,11:10:54,8.2,--,41,33620,卖盘,2017-06-30,2017-06-30 11:10:54
11:10:57,11:10:57,8.2,--,173,141860,卖盘,2017-06-30,2017-06-30 11:10:57
11:11:00,11:11:00,8.2,--,26,21319,买盘,2017-06-30,2017-06-30 11:11:00
11:11:03,11:11:03,8.2,--,3,2460,买盘,2017-06-30,2017-06-30 11:11:03
11:11:06,11:11:06,8.19,-0.01,7,5733,卖盘,2017-06-30,2017-06-30 11:11:06
11:11:09,11:11:09,8.2,0.01,281,230419,买盘,2017-06-30,2017-06-30 11:11:09
11:11:12,11:11:12,8.21,0.01,146,119866,买盘,2017-06-30,2017-06-30 11:11:12
11:11:15,11:11:15,8.19,-0.02,17,13923,卖盘,2017-06-30,2017-06-30 11:11:15
11:11:18,11:11:18,8.21,0.02,63,51723,买盘,2017-06-30,2017-06-30 11:11:18
11:11:21,11:11:21,8.21,--,57,46797,买盘,2017-06-30,2017-06-30 11:11:21
11:11:24,11:11:24,8.19,-0.02,119,97461,卖盘,2017-06-30,2017-06-30 11:11:24
11:11:27,11:11:27,8.19,--,25,20475,买盘,2017-06-30,2017-06-30 11:11:27
11:11:30,11:11:30,8.19,--,92,75348,买盘,2017-06-30,2017-06-30 11:11:30
11:11:33,11:11:33,8.17,-0.02,95,77615,卖盘,2017-06-30,2017-06-30 11:11:33
11:11:36,11:11:36,8.18,0.01,25,20450,卖盘,2017-06-30,2017-06-30 11:11:36
11:11:39,11:11:39,8.19,0.01,232,190008,买盘,2017-06-30,2017-06-30 11:11:39
11:11:45,11:11:45,8.19,--,40,32759,卖盘,2017-06-30,2017-06-30 11:11:45
11:11:48,11:11:48,8.2,0.01,6,4920,买盘,2017-06-30,2017-06-30 11:11:48
11:11:51,11:11:51,8.2,--,113,92659,买盘,2017-06-30,2017-06-30 11:11:51
11:11:54,11:11:54,8.19,-0.01,66,54054,卖盘,2017-06-30,2017-06-30 11:11:54
11:11:57,11:11:57,8.19,--,6,4914,买盘,2017-06-30,2017-06-30 11:11:57
11:12:03,11:12:03,8.18,-0.01,22,17996,卖盘,2017-06-30,2017-06-30 11:12:03
11:12:06,11:12:06,8.19,0.01,56,45864,买盘,2017-06-30,2017-06-30 11:12:06
11:12:12,11:12:12,8.19,--,90,73710,买盘,2017-06-30,2017-06-30 11:12:12
11:12:15,11:12:15,8.19,--,223,182637,卖盘,2017-06-30,2017-06-30 11:12:15
11:12:18,11:12:18,8.19,--,15,12285,卖盘,2017-06-30,2017-06-30 11:12:18
11:12:21,11:12:21,8.19,--,1,819,买盘,2017-06-30,2017-06-30 11:12:21
11:12:30,11:12:30,8.19,--,2,1638,买盘,2017-06-30,2017-06-30 11:12:30
11:12:33,11:12:33,8.19,--,31,25389,买盘,2017-06-30,2017-06-30 11:12:33
11:12:39,11:12:39,8.2,0.01,78,63959,买盘,2017-06-30,2017-06-30 11:12:39
11:12:42,11:12:42,8.18,-0.02,89,72802,卖盘,2017-06-30,2017-06-30 11:12:42
11:12:45,11:12:45,8.18,--,104,85072,卖盘,2017-06-30,2017-06-30 11:12:45
11:12:54,11:12:54,8.18,--,15,12270,卖盘,2017-06-30,2017-06-30 11:12:54
11:12:57,11:12:57,8.19,0.01,12,9828,买盘,2017-06-30,2017-06-30 11:12:57
11:13:00,11:13:00,8.19,--,2,1638,买盘,2017-06-30,2017-06-30 11:13:00
11:13:03,11:13:03,8.18,-0.01,50,40900,卖盘,2017-06-30,2017-06-30 11:13:03
11:13:06,11:13:06,8.18,--,44,35992,卖盘,2017-06-30,2017-06-30 11:13:06
11:13:09,11:13:09,8.18,--,8,6544,买盘,2017-06-30,2017-06-30 11:13:09
11:13:12,11:13:12,8.17,-0.01,51,41667,卖盘,2017-06-30,2017-06-30 11:13:12
11:13:18,11:13:18,8.17,--,22,17974,卖盘,2017-06-30,2017-06-30 11:13:18
11:13:21,11:13:21,8.18,0.01,5,4090,买盘,2017-06-30,2017-06-30 11:13:21
11:13:33,11:13:33,8.18,--,4,3272,买盘,2017-06-30,2017-06-30 11:13:33
11:13:36,11:13:36,8.18,--,34,27812,买盘,2017-06-30,2017-06-30 11:13:36
11:13:39,11:13:39,8.18,--,33,26994,买盘,2017-06-30,2017-06-30 11:13:39
11:13:45,11:13:45,8.18,--,16,13088,买盘,2017-06-30,2017-06-30 11:13:45
11:13:48,11:13:48,8.18,--,16,13088,买盘,2017-06-30,2017-06-30 11:13:48
11:13:51,11:13:51,8.18,--,6,4908,买盘,2017-06-30,2017-06-30 11:13:51
11:13:54,11:13:54,8.18,--,120,98160,买盘,2017-06-30,2017-06-30 11:13:54
11:14:03,11:14:03,8.18,--,71,58078,卖盘,2017-06-30,2017-06-30 11:14:03
11:14:06,11:14:06,8.18,--,16,13088,卖盘,2017-06-30,2017-06-30 11:14:06
11:14:09,11:14:09,8.19,0.01,211,172809,买盘,2017-06-30,2017-06-30 11:14:09
11:14:12,11:14:12,8.19,--,78,63881,买盘,2017-06-30,2017-06-30 11:14:12
11:14:18,11:14:18,8.19,--,39,31940,买盘,2017-06-30,2017-06-30 11:14:18
11:14:27,11:14:27,8.18,-0.01,1,818,卖盘,2017-06-30,2017-06-30 11:14:27
11:14:30,11:14:30,8.19,0.01,10,8189,买盘,2017-06-30,2017-06-30 11:14:30
11:14:33,11:14:33,8.19,--,68,55692,买盘,2017-06-30,2017-06-30 11:14:33
11:14:36,11:14:36,8.19,--,17,13923,买盘,2017-06-30,2017-06-30 11:14:36
11:14:39,11:14:39,8.19,--,32,26208,买盘,2017-06-30,2017-06-30 11:14:39
11:14:42,11:14:42,8.19,--,106,86814,买盘,2017-06-30,2017-06-30 11:14:42
11:14:45,11:14:45,8.19,--,43,35749,买盘,2017-06-30,2017-06-30 11:14:45
11:14:48,11:14:48,8.19,--,140,114660,卖盘,2017-06-30,2017-06-30 11:14:48
11:15:00,11:15:00,8.19,--,5,4094,卖盘,2017-06-30,2017-06-30 11:15:00
11:15:03,11:15:03,8.2,0.01,22,18040,买盘,2017-06-30,2017-06-30 11:15:03
11:15:06,11:15:06,8.2,--,188,154160,买盘,2017-06-30,2017-06-30 11:15:06
11:15:09,11:15:09,8.2,--,10,8200,卖盘,2017-06-30,2017-06-30 11:15:09
11:15:12,11:15:12,8.2,--,57,46739,卖盘,2017-06-30,2017-06-30 11:15:12
11:15:15,11:15:15,8.2,--,50,41000,买盘,2017-06-30,2017-06-30 11:15:15
11:15:18,11:15:18,8.2,--,52,42639,买盘,2017-06-30,2017-06-30 11:15:18
11:15:21,11:15:21,8.2,--,11,9020,买盘,2017-06-30,2017-06-30 11:15:21
11:15:27,11:15:27,8.19,-0.01,325,266175,卖盘,2017-06-30,2017-06-30 11:15:27
11:15:30,11:15:30,8.2,0.01,43,35260,买盘,2017-06-30,2017-06-30 11:15:30
11:15:36,11:15:36,8.19,-0.01,15,12285,卖盘,2017-06-30,2017-06-30 11:15:36
11:15:39,11:15:39,8.19,--,22,18018,卖盘,2017-06-30,2017-06-30 11:15:39
11:15:42,11:15:42,8.2,0.01,30,24599,买盘,2017-06-30,2017-06-30 11:15:42
11:15:57,11:15:57,8.19,-0.01,113,92547,卖盘,2017-06-30,2017-06-30 11:15:57
11:16:00,11:16:00,8.2,0.01,70,57399,买盘,2017-06-30,2017-06-30 11:16:00
11:16:03,11:16:03,8.19,-0.01,20,16379,卖盘,2017-06-30,2017-06-30 11:16:03
11:16:06,11:16:06,8.19,--,3,2457,卖盘,2017-06-30,2017-06-30 11:16:06
11:16:09,11:16:09,8.2,0.01,16,13119,买盘,2017-06-30,2017-06-30 11:16:09
11:16:21,11:16:21,8.19,-0.01,25,20475,卖盘,2017-06-30,2017-06-30 11:16:21
11:16:24,11:16:24,8.2,0.01,52,42639,买盘,2017-06-30,2017-06-30 11:16:24
11:16:27,11:16:27,8.2,--,500,409999,买盘,2017-06-30,2017-06-30 11:16:27
11:16:33,11:16:33,8.2,--,120,98399,买盘,2017-06-30,2017-06-30 11:16:33
11:16:36,11:16:36,8.2,--,134,109879,卖盘,2017-06-30,2017-06-30 11:16:36
11:16:39,11:16:39,8.19,-0.01,23,18837,卖盘,2017-06-30,2017-06-30 11:16:39
11:16:42,11:16:42,8.2,0.01,20,16400,买盘,2017-06-30,2017-06-30 11:16:42
11:16:48,11:16:48,8.19,-0.01,135,110565,卖盘,2017-06-30,2017-06-30 11:16:48
11:16:51,11:16:51,8.19,--,472,386977,卖盘,2017-06-30,2017-06-30 11:16:51
11:16:54,11:16:54,8.19,--,60,49140,卖盘,2017-06-30,2017-06-30 11:16:54
11:16:57,11:16:57,8.19,--,10,8886,卖盘,2017-06-30,2017-06-30 11:16:57
11:17:03,11:17:03,8.19,--,20,16379,买盘,2017-06-30,2017-06-30 11:17:03
11:17:06,11:17:06,8.19,--,10,8189,买盘,2017-06-30,2017-06-30 11:17:06
11:17:09,11:17:09,8.19,--,10,8189,买盘,2017-06-30,2017-06-30 11:17:09
11:17:12,11:17:12,8.19,--,18,14742,买盘,2017-06-30,2017-06-30 11:17:12
11:17:15,11:17:15,8.2,0.01,400,328000,买盘,2017-06-30,2017-06-30 11:17:15
11:17:18,11:17:18,8.19,-0.01,1,819,中性盘,2017-06-30,2017-06-30 11:17:18
11:17:21,11:17:21,8.18,-0.01,15,12270,卖盘,2017-06-30,2017-06-30 11:17:21
11:17:27,11:17:27,8.19,0.01,1,819,买盘,2017-06-30,2017-06-30 11:17:27
11:17:36,11:17:36,8.19,--,16,13104,买盘,2017-06-30,2017-06-30 11:17:36
11:17:39,11:17:39,8.18,-0.01,23,18814,卖盘,2017-06-30,2017-06-30 11:17:39
11:17:42,11:17:42,8.19,0.01,3,2457,买盘,2017-06-30,2017-06-30 11:17:42
11:17:48,11:17:48,8.18,-0.01,86,70348,卖盘,2017-06-30,2017-06-30 11:17:48
11:17:54,11:17:54,8.19,0.01,17,13923,买盘,2017-06-30,2017-06-30 11:17:54
11:17:57,11:17:57,8.19,--,207,169533,买盘,2017-06-30,2017-06-30 11:17:57
11:18:03,11:18:03,8.19,--,10,8189,买盘,2017-06-30,2017-06-30 11:18:03
11:18:06,11:18:06,8.19,--,110,90090,买盘,2017-06-30,2017-06-30 11:18:06
11:18:15,11:18:15,8.19,--,24,19656,买盘,2017-06-30,2017-06-30 11:18:15
11:18:30,11:18:30,8.18,-0.01,12,9816,卖盘,2017-06-30,2017-06-30 11:18:30
11:18:33,11:18:33,8.18,--,100,81800,卖盘,2017-06-30,2017-06-30 11:18:33
11:18:36,11:18:36,8.18,--,100,81800,卖盘,2017-06-30,2017-06-30 11:18:36
11:18:39,11:18:39,8.18,--,23,18814,卖盘,2017-06-30,2017-06-30 11:18:39
11:18:42,11:18:42,8.19,0.01,30,24570,买盘,2017-06-30,2017-06-30 11:18:42
11:18:48,11:18:48,8.18,-0.01,16,13088,卖盘,2017-06-30,2017-06-30 11:18:48
11:18:54,11:18:54,8.19,0.01,22,18018,买盘,2017-06-30,2017-06-30 11:18:54
11:19:06,11:19:06,8.18,-0.01,19,15542,卖盘,2017-06-30,2017-06-30 11:19:06
11:19:09,11:19:09,8.18,--,30,24540,卖盘,2017-06-30,2017-06-30 11:19:09
11:19:15,11:19:15,8.19,0.01,440,360360,买盘,2017-06-30,2017-06-30 11:19:15
11:19:18,11:19:18,8.19,--,53,43407,卖盘,2017-06-30,2017-06-30 11:19:18
11:19:21,11:19:21,8.18,-0.01,50,40900,卖盘,2017-06-30,2017-06-30 11:19:21
11:19:24,11:19:24,8.18,--,2,1636,卖盘,2017-06-30,2017-06-30 11:19:24
11:19:27,11:19:27,8.19,0.01,80,65519,买盘,2017-06-30,2017-06-30 11:19:27
11:19:33,11:19:33,8.19,--,8,6552,卖盘,2017-06-30,2017-06-30 11:19:33
11:19:36,11:19:36,8.19,--,20,16379,卖盘,2017-06-30,2017-06-30 11:19:36
11:19:39,11:19:39,8.19,--,22,18018,卖盘,2017-06-30,2017-06-30 11:19:39
11:19:42,11:19:42,8.19,--,20,16379,卖盘,2017-06-30,2017-06-30 11:19:42
11:19:45,11:19:45,8.19,--,20,16379,卖盘,2017-06-30,2017-06-30 11:19:45
11:19:48,11:19:48,8.19,--,15,12285,卖盘,2017-06-30,2017-06-30 11:19:48
11:19:51,11:19:51,8.19,--,26,21294,卖盘,2017-06-30,2017-06-30 11:19:51
11:19:54,11:19:54,8.19,--,25,20475,卖盘,2017-06-30,2017-06-30 11:19:54
11:20:06,11:20:06,8.18,-0.01,8,6544,卖盘,2017-06-30,2017-06-30 11:20:06
11:20:18,11:20:18,8.19,0.01,49,40131,买盘,2017-06-30,2017-06-30 11:20:18
11:20:21,11:20:21,8.19,--,19,15560,卖盘,2017-06-30,2017-06-30 11:20:21
11:20:24,11:20:24,8.19,--,23,18837,卖盘,2017-06-30,2017-06-30 11:20:24
11:20:39,11:20:39,8.2,0.01,26,21319,买盘,2017-06-30,2017-06-30 11:20:39
11:20:42,11:20:42,8.19,-0.01,10,8189,卖盘,2017-06-30,2017-06-30 11:20:42
11:20:48,11:20:48,8.19,--,100,81900,卖盘,2017-06-30,2017-06-30 11:20:48
11:20:54,11:20:54,8.19,--,5,4094,卖盘,2017-06-30,2017-06-30 11:20:54
11:21:24,11:21:24,8.19,--,3,2457,买盘,2017-06-30,2017-06-30 11:21:24
11:21:36,11:21:36,8.19,--,3,2457,买盘,2017-06-30,2017-06-30 11:21:36
11:21:39,11:21:39,8.18,-0.01,23,18814,卖盘,2017-06-30,2017-06-30 11:21:39
11:21:45,11:21:45,8.19,0.01,30,24570,买盘,2017-06-30,2017-06-30 11:21:45
11:22:09,11:22:09,8.19,--,13,10647,买盘,2017-06-30,2017-06-30 11:22:09
11:22:12,11:22:12,8.18,-0.01,25,20450,卖盘,2017-06-30,2017-06-30 11:22:12
11:22:21,11:22:21,8.18,--,2,1636,卖盘,2017-06-30,2017-06-30 11:22:21
11:22:27,11:22:27,8.19,0.01,100,81900,买盘,2017-06-30,2017-06-30 11:22:27
11:22:30,11:22:30,8.19,--,2,1638,买盘,2017-06-30,2017-06-30 11:22:30
11:22:39,11:22:39,8.19,--,39,31940,买盘,2017-06-30,2017-06-30 11:22:39
11:22:51,11:22:51,8.19,--,48,39312,买盘,2017-06-30,2017-06-30 11:22:51
11:22:57,11:22:57,8.19,--,15,12285,买盘,2017-06-30,2017-06-30 11:22:57
11:23:03,11:23:03,8.19,--,8,6552,买盘,2017-06-30,2017-06-30 11:23:03
11:23:12,11:23:12,8.18,-0.01,5,4090,卖盘,2017-06-30,2017-06-30 11:23:12
11:23:18,11:23:18,8.19,0.01,10,8189,买盘,2017-06-30,2017-06-30 11:23:18
11:23:21,11:23:21,8.19,--,15,12285,买盘,2017-06-30,2017-06-30 11:23:21
11:23:27,11:23:27,8.18,-0.01,2,1636,卖盘,2017-06-30,2017-06-30 11:23:27
11:23:39,11:23:39,8.18,--,35,28630,卖盘,2017-06-30,2017-06-30 11:23:39
11:23:54,11:23:54,8.19,0.01,1,819,买盘,2017-06-30,2017-06-30 11:23:54
11:24:03,11:24:03,8.18,-0.01,11,8998,卖盘,2017-06-30,2017-06-30 11:24:03
11:24:06,11:24:06,8.18,--,10,8180,卖盘,2017-06-30,2017-06-30 11:24:06
11:24:21,11:24:21,8.18,--,10,8180,卖盘,2017-06-30,2017-06-30 11:24:21
11:24:33,11:24:33,8.19,0.01,5,4094,买盘,2017-06-30,2017-06-30 11:24:33
11:24:36,11:24:36,8.18,-0.01,29,23722,卖盘,2017-06-30,2017-06-30 11:24:36
11:24:39,11:24:39,8.18,--,23,18814,卖盘,2017-06-30,2017-06-30 11:24:39
11:24:42,11:24:42,8.18,--,49,40082,卖盘,2017-06-30,2017-06-30 11:24:42
11:24:48,11:24:48,8.18,--,32,26176,卖盘,2017-06-30,2017-06-30 11:24:48
11:24:51,11:24:51,8.18,--,5,4090,卖盘,2017-06-30,2017-06-30 11:24:51
11:25:18,11:25:18,8.18,--,20,16360,卖盘,2017-06-30,2017-06-30 11:25:18
11:25:27,11:25:27,8.19,0.01,25,20475,买盘,2017-06-30,2017-06-30 11:25:27
11:25:36,11:25:36,8.19,--,24,19656,买盘,2017-06-30,2017-06-30 11:25:36
11:25:42,11:25:42,8.18,-0.01,23,18814,卖盘,2017-06-30,2017-06-30 11:25:42
11:25:54,11:25:54,8.19,0.01,5,4094,买盘,2017-06-30,2017-06-30 11:25:54
11:26:00,11:26:00,8.18,-0.01,20,16360,卖盘,2017-06-30,2017-06-30 11:26:00
11:26:12,11:26:12,8.18,--,10,8180,卖盘,2017-06-30,2017-06-30 11:26:12
11:26:42,11:26:42,8.19,0.01,24,19656,买盘,2017-06-30,2017-06-30 11:26:42
11:26:51,11:26:51,8.19,--,1,819,买盘,2017-06-30,2017-06-30 11:26:51
11:26:54,11:26:54,8.19,--,121,99099,买盘,2017-06-30,2017-06-30 11:26:54
11:27:06,11:27:06,8.19,--,10,8189,买盘,2017-06-30,2017-06-30 11:27:06
11:27:24,11:27:24,8.18,-0.01,31,25358,卖盘,2017-06-30,2017-06-30 11:27:24
11:27:42,11:27:42,8.18,--,23,18814,卖盘,2017-06-30,2017-06-30 11:27:42
11:27:54,11:27:54,8.18,--,10,8180,卖盘,2017-06-30,2017-06-30 11:27:54
11:28:03,11:28:03,8.18,--,13,10634,卖盘,2017-06-30,2017-06-30 11:28:03
11:28:27,11:28:27,8.19,0.01,10,8189,买盘,2017-06-30,2017-06-30 11:28:27
11:28:33,11:28:33,8.19,--,222,181818,买盘,2017-06-30,2017-06-30 11:28:33
11:28:36,11:28:36,8.19,--,4,3276,卖盘,2017-06-30,2017-06-30 11:28:36
11:28:42,11:28:42,8.19,--,23,18837,卖盘,2017-06-30,2017-06-30 11:28:42
11:28:45,11:28:45,8.19,--,10,8189,卖盘,2017-06-30,2017-06-30 11:28:45
11:28:57,11:28:57,8.19,--,20,16379,卖盘,2017-06-30,2017-06-30 11:28:57
11:29:03,11:29:03,8.19,--,57,46683,卖盘,2017-06-30,2017-06-30 11:29:03
11:29:18,11:29:18,8.2,0.01,10,8200,买盘,2017-06-30,2017-06-30 11:29:18
11:29:21,11:29:21,8.19,-0.01,3,2457,卖盘,2017-06-30,2017-06-30 11:29:21
11:29:24,11:29:24,8.2,0.01,32,26239,买盘,2017-06-30,2017-06-30 11:29:24
11:29:27,11:29:27,8.19,-0.01,20,16379,卖盘,2017-06-30,2017-06-30 11:29:27
11:29:42,11:29:42,8.19,--,22,18018,卖盘,2017-06-30,2017-06-30 11:29:42
11:29:45,11:29:45,8.19,--,54,44226,卖盘,2017-06-30,2017-06-30 11:29:45
11:29:48,11:29:48,8.2,0.01,296,242719,买盘,2017-06-30,2017-06-30 11:29:48
11:29:57,11:29:57,8.19,-0.01,50,40950,卖盘,2017-06-30,2017-06-30 11:29:57
11:30:00,11:30:00,8.19,--,115,94185,卖盘,2017-06-30,2017-06-30 11:30:00
13:00:00,13:00:00,8.19,--,0,0,卖盘,2017-06-30,2017-06-30 13:00:00
13:00:03,13:00:03,8.18,-0.01,583,476894,卖盘,2017-06-30,2017-06-30 13:00:03
13:00:06,13:00:06,8.18,--,49,40082,买盘,2017-06-30,2017-06-30 13:00:06
13:00:30,13:00:30,8.18,--,1,818,买盘,2017-06-30,2017-06-30 13:00:30
13:00:39,13:00:39,8.17,-0.01,20,16340,卖盘,2017-06-30,2017-06-30 13:00:39
13:00:42,13:00:42,8.17,--,23,18791,卖盘,2017-06-30,2017-06-30 13:00:42
13:00:48,13:00:48,8.18,0.01,5,4090,买盘,2017-06-30,2017-06-30 13:00:48
13:01:06,13:01:06,8.18,--,7,5726,买盘,2017-06-30,2017-06-30 13:01:06
13:01:12,13:01:12,8.18,--,5,4090,买盘,2017-06-30,2017-06-30 13:01:12
13:01:21,13:01:21,8.18,--,15,12270,买盘,2017-06-30,2017-06-30 13:01:21
13:01:36,13:01:36,8.17,-0.01,15,12255,卖盘,2017-06-30,2017-06-30 13:01:36
13:01:42,13:01:42,8.17,--,23,18791,卖盘,2017-06-30,2017-06-30 13:01:42
13:01:51,13:01:51,8.18,0.01,93,76074,买盘,2017-06-30,2017-06-30 13:01:51
13:01:54,13:01:54,8.19,0.01,6,4914,买盘,2017-06-30,2017-06-30 13:01:54
13:02:06,13:02:06,8.18,-0.01,8,6544,卖盘,2017-06-30,2017-06-30 13:02:06
13:02:09,13:02:09,8.17,-0.01,15,12255,卖盘,2017-06-30,2017-06-30 13:02:09
13:02:24,13:02:24,8.19,0.02,24,19656,买盘,2017-06-30,2017-06-30 13:02:24
13:02:39,13:02:39,8.17,-0.02,31,25327,卖盘,2017-06-30,2017-06-30 13:02:39
13:02:42,13:02:42,8.17,--,22,17974,卖盘,2017-06-30,2017-06-30 13:02:42
13:03:42,13:03:42,8.17,--,23,18791,卖盘,2017-06-30,2017-06-30 13:03:42
13:03:57,13:03:57,8.19,0.02,300,245699,买盘,2017-06-30,2017-06-30 13:03:57
13:04:42,13:04:42,8.17,-0.02,23,18791,卖盘,2017-06-30,2017-06-30 13:04:42
13:05:00,13:05:00,8.17,--,2,2042,卖盘,2017-06-30,2017-06-30 13:05:00
13:05:09,13:05:09,8.17,--,1,817,卖盘,2017-06-30,2017-06-30 13:05:09
13:05:33,13:05:33,8.17,--,11,8987,卖盘,2017-06-30,2017-06-30 13:05:33
13:05:39,13:05:39,8.18,0.01,76,62168,买盘,2017-06-30,2017-06-30 13:05:39
13:05:42,13:05:42,8.17,-0.01,23,18791,卖盘,2017-06-30,2017-06-30 13:05:42
13:06:03,13:06:03,8.17,--,40,32680,卖盘,2017-06-30,2017-06-30 13:06:03
13:06:12,13:06:12,8.17,--,58,47386,卖盘,2017-06-30,2017-06-30 13:06:12
13:06:15,13:06:15,8.17,--,40,32680,卖盘,2017-06-30,2017-06-30 13:06:15
13:06:33,13:06:33,8.17,--,60,49020,卖盘,2017-06-30,2017-06-30 13:06:33
13:06:42,13:06:42,8.17,--,22,17974,卖盘,2017-06-30,2017-06-30 13:06:42
13:06:48,13:06:48,8.17,--,3,2451,卖盘,2017-06-30,2017-06-30 13:06:48
13:06:54,13:06:54,8.18,0.01,136,111248,买盘,2017-06-30,2017-06-30 13:06:54
13:07:09,13:07:09,8.17,-0.01,127,103759,卖盘,2017-06-30,2017-06-30 13:07:09
13:07:15,13:07:15,8.17,--,85,69445,买盘,2017-06-30,2017-06-30 13:07:15
13:07:18,13:07:18,8.17,--,15,12255,买盘,2017-06-30,2017-06-30 13:07:18
13:07:21,13:07:21,8.17,--,13,10621,买盘,2017-06-30,2017-06-30 13:07:21
13:07:27,13:07:27,8.16,-0.01,5,4080,卖盘,2017-06-30,2017-06-30 13:07:27
13:07:30,13:07:30,8.16,--,104,84864,卖盘,2017-06-30,2017-06-30 13:07:30
13:07:33,13:07:33,8.17,0.01,10,8170,买盘,2017-06-30,2017-06-30 13:07:33
13:07:42,13:07:42,8.16,-0.01,93,75888,卖盘,2017-06-30,2017-06-30 13:07:42
13:07:48,13:07:48,8.17,0.01,750,612750,买盘,2017-06-30,2017-06-30 13:07:48
13:07:54,13:07:54,8.16,-0.01,6,4896,卖盘,2017-06-30,2017-06-30 13:07:54
13:08:06,13:08:06,8.16,--,12,9792,卖盘,2017-06-30,2017-06-30 13:08:06
13:08:09,13:08:09,8.17,0.01,10,8170,买盘,2017-06-30,2017-06-30 13:08:09
13:08:18,13:08:18,8.17,--,100,81700,买盘,2017-06-30,2017-06-30 13:08:18
13:08:24,13:08:24,8.17,--,32,26144,卖盘,2017-06-30,2017-06-30 13:08:24
13:08:42,13:08:42,8.17,--,23,18791,卖盘,2017-06-30,2017-06-30 13:08:42
13:08:48,13:08:48,8.17,--,130,106210,卖盘,2017-06-30,2017-06-30 13:08:48
13:09:42,13:09:42,8.16,-0.01,22,17952,卖盘,2017-06-30,2017-06-30 13:09:42
13:10:27,13:10:27,8.16,--,100,81600,卖盘,2017-06-30,2017-06-30 13:10:27
13:10:30,13:10:30,8.16,--,2,1632,卖盘,2017-06-30,2017-06-30 13:10:30
13:10:33,13:10:33,8.16,--,5,4080,卖盘,2017-06-30,2017-06-30 13:10:33
13:10:39,13:10:39,8.16,--,36,29376,卖盘,2017-06-30,2017-06-30 13:10:39
13:10:42,13:10:42,8.16,--,23,18768,卖盘,2017-06-30,2017-06-30 13:10:42
13:10:45,13:10:45,8.16,--,94,76704,卖盘,2017-06-30,2017-06-30 13:10:45
13:11:03,13:11:03,8.15,-0.01,2,1630,卖盘,2017-06-30,2017-06-30 13:11:03
13:11:06,13:11:06,8.16,0.01,16,13056,买盘,2017-06-30,2017-06-30 13:11:06
13:11:33,13:11:33,8.16,--,5,4080,买盘,2017-06-30,2017-06-30 13:11:33
13:11:39,13:11:39,8.15,-0.01,10,8150,卖盘,2017-06-30,2017-06-30 13:11:39
13:11:42,13:11:42,8.15,--,23,18745,卖盘,2017-06-30,2017-06-30 13:11:42
13:11:54,13:11:54,8.15,--,50,40750,卖盘,2017-06-30,2017-06-30 13:11:54
13:12:18,13:12:18,8.15,--,5,4075,卖盘,2017-06-30,2017-06-30 13:12:18
13:12:21,13:12:21,8.15,--,49,39935,卖盘,2017-06-30,2017-06-30 13:12:21
13:12:24,13:12:24,8.15,--,3,2445,卖盘,2017-06-30,2017-06-30 13:12:24
13:12:33,13:12:33,8.16,0.01,12,9792,买盘,2017-06-30,2017-06-30 13:12:33
13:12:42,13:12:42,8.15,-0.01,23,18745,卖盘,2017-06-30,2017-06-30 13:12:42
13:13:00,13:13:00,8.15,--,8,6520,卖盘,2017-06-30,2017-06-30 13:13:00
13:13:24,13:13:24,8.15,--,20,16300,卖盘,2017-06-30,2017-06-30 13:13:24
13:13:36,13:13:36,8.15,--,100,81500,卖盘,2017-06-30,2017-06-30 13:13:36
13:13:39,13:13:39,8.15,--,3,2445,卖盘,2017-06-30,2017-06-30 13:13:39
13:13:42,13:13:42,8.15,--,66,53790,卖盘,2017-06-30,2017-06-30 13:13:42
13:13:48,13:13:48,8.15,--,25,20375,卖盘,2017-06-30,2017-06-30 13:13:48
13:14:18,13:14:18,8.15,--,2,1630,卖盘,2017-06-30,2017-06-30 13:14:18
13:14:45,13:14:45,8.15,--,23,18745,卖盘,2017-06-30,2017-06-30 13:14:45
13:15:15,13:15:15,8.16,0.01,12,9792,买盘,2017-06-30,2017-06-30 13:15:15
13:15:45,13:15:45,8.15,-0.01,23,18745,卖盘,2017-06-30,2017-06-30 13:15:45
13:16:18,13:16:18,8.15,--,20,16300,卖盘,2017-06-30,2017-06-30 13:16:18
13:16:33,13:16:33,8.16,0.01,7,5712,买盘,2017-06-30,2017-06-30 13:16:33
13:16:39,13:16:39,8.16,--,665,542640,买盘,2017-06-30,2017-06-30 13:16:39
13:16:45,13:16:45,8.15,-0.01,22,17930,卖盘,2017-06-30,2017-06-30 13:16:45
13:16:51,13:16:51,8.16,0.01,8,6528,买盘,2017-06-30,2017-06-30 13:16:51
13:17:00,13:17:00,8.16,--,230,187680,买盘,2017-06-30,2017-06-30 13:17:00
13:17:03,13:17:03,8.16,--,7,5712,买盘,2017-06-30,2017-06-30 13:17:03
13:17:09,13:17:09,8.16,--,314,256224,买盘,2017-06-30,2017-06-30 13:17:09
13:17:15,13:17:15,8.16,--,1,816,买盘,2017-06-30,2017-06-30 13:17:15
13:17:33,13:17:33,8.16,--,3,2448,买盘,2017-06-30,2017-06-30 13:17:33
13:17:42,13:17:42,8.16,--,53,43248,买盘,2017-06-30,2017-06-30 13:17:42
13:17:45,13:17:45,8.15,-0.01,23,18745,卖盘,2017-06-30,2017-06-30 13:17:45
13:17:57,13:17:57,8.16,0.01,107,87312,买盘,2017-06-30,2017-06-30 13:17:57
13:18:21,13:18:21,8.15,-0.01,1054,859010,卖盘,2017-06-30,2017-06-30 13:18:21
13:18:39,13:18:39,8.16,0.01,18,14688,买盘,2017-06-30,2017-06-30 13:18:39
13:18:45,13:18:45,8.15,-0.01,23,18745,卖盘,2017-06-30,2017-06-30 13:18:45
13:18:54,13:18:54,8.15,--,31,25265,卖盘,2017-06-30,2017-06-30 13:18:54
13:19:30,13:19:30,8.15,--,31,25265,卖盘,2017-06-30,2017-06-30 13:19:30
13:19:45,13:19:45,8.15,--,23,18745,卖盘,2017-06-30,2017-06-30 13:19:45
13:20:15,13:20:15,8.15,--,31,25265,卖盘,2017-06-30,2017-06-30 13:20:15
13:20:21,13:20:21,8.16,0.01,10,8160,买盘,2017-06-30,2017-06-30 13:20:21
13:20:30,13:20:30,8.15,-0.01,17,13855,卖盘,2017-06-30,2017-06-30 13:20:30
13:20:42,13:20:42,8.15,--,5,4075,卖盘,2017-06-30,2017-06-30 13:20:42
13:20:45,13:20:45,8.15,--,53,43195,卖盘,2017-06-30,2017-06-30 13:20:45
13:21:00,13:21:00,8.15,--,1,815,卖盘,2017-06-30,2017-06-30 13:21:00
13:21:09,13:21:09,8.15,--,5,4075,卖盘,2017-06-30,2017-06-30 13:21:09
13:21:18,13:21:18,8.15,--,5,4075,卖盘,2017-06-30,2017-06-30 13:21:18
13:21:24,13:21:24,8.15,--,31,25265,卖盘,2017-06-30,2017-06-30 13:21:24
13:21:45,13:21:45,8.15,--,23,18745,卖盘,2017-06-30,2017-06-30 13:21:45
13:21:57,13:21:57,8.15,--,31,25265,卖盘,2017-06-30,2017-06-30 13:21:57
13:22:21,13:22:21,8.16,0.01,10,8160,买盘,2017-06-30,2017-06-30 13:22:21
13:22:27,13:22:27,8.15,-0.01,10,8150,卖盘,2017-06-30,2017-06-30 13:22:27
13:22:30,13:22:30,8.15,--,45,36675,卖盘,2017-06-30,2017-06-30 13:22:30
13:22:36,13:22:36,8.15,--,31,25265,卖盘,2017-06-30,2017-06-30 13:22:36
13:22:45,13:22:45,8.15,--,23,18745,卖盘,2017-06-30,2017-06-30 13:22:45
13:22:48,13:22:48,8.17,0.02,368,300656,买盘,2017-06-30,2017-06-30 13:22:48
13:22:57,13:22:57,8.17,--,61,49837,买盘,2017-06-30,2017-06-30 13:22:57
13:23:00,13:23:00,8.17,--,12,9804,买盘,2017-06-30,2017-06-30 13:23:00
13:23:09,13:23:09,8.19,0.02,183,149877,买盘,2017-06-30,2017-06-30 13:23:09
13:23:12,13:23:12,8.19,--,195,159705,买盘,2017-06-30,2017-06-30 13:23:12
13:23:15,13:23:15,8.15,-0.04,31,25265,卖盘,2017-06-30,2017-06-30 13:23:15
13:23:21,13:23:21,8.19,0.04,2,1638,买盘,2017-06-30,2017-06-30 13:23:21
13:23:33,13:23:33,8.18,-0.01,73,59714,中性盘,2017-06-30,2017-06-30 13:23:33
13:23:45,13:23:45,8.19,0.01,149,122030,买盘,2017-06-30,2017-06-30 13:23:45
13:24:00,13:24:00,8.18,-0.01,1,818,中性盘,2017-06-30,2017-06-30 13:24:00
13:24:03,13:24:03,8.18,--,4,3272,买盘,2017-06-30,2017-06-30 13:24:03
13:24:09,13:24:09,8.18,--,132,107976,买盘,2017-06-30,2017-06-30 13:24:09
13:24:12,13:24:12,8.19,0.01,66,54054,买盘,2017-06-30,2017-06-30 13:24:12
13:24:18,13:24:18,8.19,--,1932,1582308,买盘,2017-06-30,2017-06-30 13:24:18
13:24:21,13:24:21,8.19,--,121,99099,买盘,2017-06-30,2017-06-30 13:24:21
13:24:24,13:24:24,8.18,-0.01,100,81800,卖盘,2017-06-30,2017-06-30 13:24:24
13:24:27,13:24:27,8.19,0.01,50,40950,卖盘,2017-06-30,2017-06-30 13:24:27
13:24:42,13:24:42,8.19,--,100,81900,卖盘,2017-06-30,2017-06-30 13:24:42
13:24:45,13:24:45,8.19,--,23,18837,卖盘,2017-06-30,2017-06-30 13:24:45
13:24:57,13:24:57,8.19,--,38,31121,卖盘,2017-06-30,2017-06-30 13:24:57
13:25:03,13:25:03,8.2,0.01,30,24599,买盘,2017-06-30,2017-06-30 13:25:03
13:25:12,13:25:12,8.19,-0.01,33,27027,中性盘,2017-06-30,2017-06-30 13:25:12
13:25:15,13:25:15,8.2,0.01,42,34440,买盘,2017-06-30,2017-06-30 13:25:15
13:25:36,13:25:36,8.2,--,24,19680,买盘,2017-06-30,2017-06-30 13:25:36
13:25:45,13:25:45,8.18,-0.02,23,18814,卖盘,2017-06-30,2017-06-30 13:25:45
13:25:57,13:25:57,8.19,0.01,12,9828,中性盘,2017-06-30,2017-06-30 13:25:57
13:26:03,13:26:03,8.19,--,18,14742,买盘,2017-06-30,2017-06-30 13:26:03
13:26:24,13:26:24,8.2,0.01,12,9840,买盘,2017-06-30,2017-06-30 13:26:24
13:26:27,13:26:27,8.21,0.01,366,300486,买盘,2017-06-30,2017-06-30 13:26:27
13:26:30,13:26:30,8.2,-0.01,37,30339,卖盘,2017-06-30,2017-06-30 13:26:30
13:26:33,13:26:33,8.2,--,12,9840,买盘,2017-06-30,2017-06-30 13:26:33
13:26:36,13:26:36,8.2,--,13,10659,买盘,2017-06-30,2017-06-30 13:26:36
13:26:39,13:26:39,8.19,-0.01,50,40950,卖盘,2017-06-30,2017-06-30 13:26:39
13:26:42,13:26:42,8.22,0.03,338,277836,买盘,2017-06-30,2017-06-30 13:26:42
13:26:45,13:26:45,8.2,-0.02,23,18860,卖盘,2017-06-30,2017-06-30 13:26:45
13:26:54,13:26:54,8.23,0.03,182,149786,买盘,2017-06-30,2017-06-30 13:26:54
13:26:57,13:26:57,8.23,--,97,79831,买盘,2017-06-30,2017-06-30 13:26:57
13:27:00,13:27:00,8.22,-0.01,305,250710,卖盘,2017-06-30,2017-06-30 13:27:00
13:27:03,13:27:03,8.22,--,12,9864,买盘,2017-06-30,2017-06-30 13:27:03
13:27:09,13:27:09,8.22,--,47,38634,买盘,2017-06-30,2017-06-30 13:27:09
13:27:12,13:27:12,8.21,-0.01,36,29556,中性盘,2017-06-30,2017-06-30 13:27:12
13:27:15,13:27:15,8.22,0.01,50,41100,买盘,2017-06-30,2017-06-30 13:27:15
13:27:21,13:27:21,8.22,--,20,16440,买盘,2017-06-30,2017-06-30 13:27:21
13:27:24,13:27:24,8.22,--,96,78912,买盘,2017-06-30,2017-06-30 13:27:24
13:27:36,13:27:36,8.22,--,12,9864,买盘,2017-06-30,2017-06-30 13:27:36
13:27:39,13:27:39,8.21,-0.01,7,5747,卖盘,2017-06-30,2017-06-30 13:27:39
13:27:42,13:27:42,8.21,--,24,19704,买盘,2017-06-30,2017-06-30 13:27:42
13:27:48,13:27:48,8.2,-0.01,32,26239,卖盘,2017-06-30,2017-06-30 13:27:48
13:27:54,13:27:54,8.21,0.01,33,27093,买盘,2017-06-30,2017-06-30 13:27:54
13:27:57,13:27:57,8.21,--,47,38997,卖盘,2017-06-30,2017-06-30 13:27:57
13:28:00,13:28:00,8.22,0.01,36,29592,买盘,2017-06-30,2017-06-30 13:28:00
13:28:03,13:28:03,8.22,--,27,22194,买盘,2017-06-30,2017-06-30 13:28:03
13:28:06,13:28:06,8.22,--,234,192348,买盘,2017-06-30,2017-06-30 13:28:06
13:28:12,13:28:12,8.22,--,10,8220,卖盘,2017-06-30,2017-06-30 13:28:12
13:28:15,13:28:15,8.23,0.01,12,9876,买盘,2017-06-30,2017-06-30 13:28:15
13:28:18,13:28:18,8.22,-0.01,50,41100,卖盘,2017-06-30,2017-06-30 13:28:18
13:28:21,13:28:21,8.22,--,29,23838,卖盘,2017-06-30,2017-06-30 13:28:21
13:28:30,13:28:30,8.22,--,50,41100,卖盘,2017-06-30,2017-06-30 13:28:30
13:28:33,13:28:33,8.22,--,63,51786,卖盘,2017-06-30,2017-06-30 13:28:33
13:28:36,13:28:36,8.22,--,40,32880,卖盘,2017-06-30,2017-06-30 13:28:36
13:28:39,13:28:39,8.22,--,1,822,卖盘,2017-06-30,2017-06-30 13:28:39
13:28:42,13:28:42,8.22,--,42,34524,卖盘,2017-06-30,2017-06-30 13:28:42
13:28:48,13:28:48,8.22,--,23,18906,卖盘,2017-06-30,2017-06-30 13:28:48
13:28:51,13:28:51,8.23,0.01,12,9876,买盘,2017-06-30,2017-06-30 13:28:51
13:28:57,13:28:57,8.22,-0.01,64,52608,卖盘,2017-06-30,2017-06-30 13:28:57
13:29:00,13:29:00,8.23,0.01,36,29628,买盘,2017-06-30,2017-06-30 13:29:00
13:29:03,13:29:03,8.22,-0.01,2,1644,卖盘,2017-06-30,2017-06-30 13:29:03
13:29:06,13:29:06,8.24,0.02,194,159856,买盘,2017-06-30,2017-06-30 13:29:06
13:29:12,13:29:12,8.24,--,24,19776,买盘,2017-06-30,2017-06-30 13:29:12
13:29:15,13:29:15,8.22,-0.02,50,41511,卖盘,2017-06-30,2017-06-30 13:29:15
13:29:18,13:29:18,8.24,0.02,12,9888,买盘,2017-06-30,2017-06-30 13:29:18
13:29:21,13:29:21,8.24,--,11,9064,买盘,2017-06-30,2017-06-30 13:29:21
13:29:30,13:29:30,8.23,-0.01,30,24690,买盘,2017-06-30,2017-06-30 13:29:30
13:29:33,13:29:33,8.23,--,1,823,卖盘,2017-06-30,2017-06-30 13:29:33
13:29:39,13:29:39,8.23,--,41,33743,卖盘,2017-06-30,2017-06-30 13:29:39
13:29:45,13:29:45,8.23,--,44,36212,卖盘,2017-06-30,2017-06-30 13:29:45
13:29:48,13:29:48,8.23,--,73,60079,卖盘,2017-06-30,2017-06-30 13:29:48
13:30:00,13:30:00,8.23,--,50,41150,卖盘,2017-06-30,2017-06-30 13:30:00
13:30:06,13:30:06,8.23,--,5,4115,卖盘,2017-06-30,2017-06-30 13:30:06
13:30:09,13:30:09,8.23,--,25,20575,卖盘,2017-06-30,2017-06-30 13:30:09
13:30:12,13:30:12,8.23,--,138,113574,卖盘,2017-06-30,2017-06-30 13:30:12
13:30:15,13:30:15,8.23,--,50,41150,卖盘,2017-06-30,2017-06-30 13:30:15
13:30:18,13:30:18,8.23,--,28,23044,卖盘,2017-06-30,2017-06-30 13:30:18
13:30:27,13:30:27,8.23,--,15,12345,买盘,2017-06-30,2017-06-30 13:30:27
13:30:33,13:30:33,8.23,--,23,18929,买盘,2017-06-30,2017-06-30 13:30:33
13:30:39,13:30:39,8.22,-0.01,10,8220,卖盘,2017-06-30,2017-06-30 13:30:39
13:30:42,13:30:42,8.23,0.01,114,93822,买盘,2017-06-30,2017-06-30 13:30:42
13:30:48,13:30:48,8.23,--,201,165423,卖盘,2017-06-30,2017-06-30 13:30:48
13:30:51,13:30:51,8.23,--,36,29628,买盘,2017-06-30,2017-06-30 13:30:51
13:30:54,13:30:54,8.23,--,2,1646,买盘,2017-06-30,2017-06-30 13:30:54
13:30:57,13:30:57,8.23,--,4,3292,买盘,2017-06-30,2017-06-30 13:30:57
13:31:00,13:31:00,8.23,--,70,57610,卖盘,2017-06-30,2017-06-30 13:31:00
13:31:09,13:31:09,8.23,--,5,4115,卖盘,2017-06-30,2017-06-30 13:31:09
13:31:18,13:31:18,8.24,0.01,1,824,买盘,2017-06-30,2017-06-30 13:31:18
13:31:24,13:31:24,8.24,--,24,19776,买盘,2017-06-30,2017-06-30 13:31:24
13:31:27,13:31:27,8.23,-0.01,20,16460,卖盘,2017-06-30,2017-06-30 13:31:27
13:31:30,13:31:30,8.23,--,10,8230,卖盘,2017-06-30,2017-06-30 13:31:30
13:31:33,13:31:33,8.23,--,14,11522,卖盘,2017-06-30,2017-06-30 13:31:33
13:31:36,13:31:36,8.23,--,201,165423,卖盘,2017-06-30,2017-06-30 13:31:36
13:31:39,13:31:39,8.23,--,49,40327,买盘,2017-06-30,2017-06-30 13:31:39
13:31:48,13:31:48,8.22,-0.01,30,24660,卖盘,2017-06-30,2017-06-30 13:31:48
13:31:51,13:31:51,8.23,0.01,1,823,买盘,2017-06-30,2017-06-30 13:31:51
13:31:54,13:31:54,8.23,--,8,6584,买盘,2017-06-30,2017-06-30 13:31:54
13:32:00,13:32:00,8.23,--,243,199989,买盘,2017-06-30,2017-06-30 13:32:00
13:32:03,13:32:03,8.23,--,3,2469,卖盘,2017-06-30,2017-06-30 13:32:03
13:32:09,13:32:09,8.23,--,34,27982,卖盘,2017-06-30,2017-06-30 13:32:09
13:32:15,13:32:15,8.23,--,51,41973,买盘,2017-06-30,2017-06-30 13:32:15
13:32:21,13:32:21,8.24,0.01,631,519944,买盘,2017-06-30,2017-06-30 13:32:21
13:32:24,13:32:24,8.24,--,16,13727,买盘,2017-06-30,2017-06-30 13:32:24
13:32:33,13:32:33,8.26,0.02,1006,830956,买盘,2017-06-30,2017-06-30 13:32:33
13:32:36,13:32:36,8.26,--,280,231280,买盘,2017-06-30,2017-06-30 13:32:36
13:32:39,13:32:39,8.25,-0.01,4,3300,卖盘,2017-06-30,2017-06-30 13:32:39
13:32:45,13:32:45,8.25,--,117,96525,卖盘,2017-06-30,2017-06-30 13:32:45
13:32:48,13:32:48,8.24,-0.01,23,18952,卖盘,2017-06-30,2017-06-30 13:32:48
13:32:51,13:32:51,8.25,0.01,1,825,买盘,2017-06-30,2017-06-30 13:32:51
13:32:54,13:32:54,8.25,--,2,1650,买盘,2017-06-30,2017-06-30 13:32:54
13:33:03,13:33:03,8.26,0.01,2,1652,买盘,2017-06-30,2017-06-30 13:33:03
13:33:06,13:33:06,8.26,--,1,826,买盘,2017-06-30,2017-06-30 13:33:06
13:33:09,13:33:09,8.26,--,7,5782,买盘,2017-06-30,2017-06-30 13:33:09
13:33:15,13:33:15,8.26,--,95,78470,买盘,2017-06-30,2017-06-30 13:33:15
13:33:18,13:33:18,8.26,--,10,8260,卖盘,2017-06-30,2017-06-30 13:33:18
13:33:21,13:33:21,8.27,0.01,83,68641,买盘,2017-06-30,2017-06-30 13:33:21
13:33:27,13:33:27,8.27,--,289,239003,买盘,2017-06-30,2017-06-30 13:33:27
13:33:30,13:33:30,8.27,--,200,165400,买盘,2017-06-30,2017-06-30 13:33:30
13:33:33,13:33:33,8.27,--,3,2481,买盘,2017-06-30,2017-06-30 13:33:33
13:33:36,13:33:36,8.27,--,10,8270,卖盘,2017-06-30,2017-06-30 13:33:36
13:33:42,13:33:42,8.27,--,13,10751,卖盘,2017-06-30,2017-06-30 13:33:42
13:33:45,13:33:45,8.27,--,21,17367,卖盘,2017-06-30,2017-06-30 13:33:45
13:33:48,13:33:48,8.28,0.01,155,128339,买盘,2017-06-30,2017-06-30 13:33:48
13:33:51,13:33:51,8.27,-0.01,61,50447,中性盘,2017-06-30,2017-06-30 13:33:51
13:34:00,13:34:00,8.27,--,10,8270,买盘,2017-06-30,2017-06-30 13:34:00
13:34:09,13:34:09,8.27,--,81,66987,买盘,2017-06-30,2017-06-30 13:34:09
13:34:12,13:34:12,8.27,--,17,14059,卖盘,2017-06-30,2017-06-30 13:34:12
13:34:27,13:34:27,8.27,--,5,4135,买盘,2017-06-30,2017-06-30 13:34:27
13:34:30,13:34:30,8.27,--,24,19848,买盘,2017-06-30,2017-06-30 13:34:30
13:34:39,13:34:39,8.26,-0.01,200,165200,卖盘,2017-06-30,2017-06-30 13:34:39
13:34:45,13:34:45,8.26,--,5,4130,买盘,2017-06-30,2017-06-30 13:34:45
13:34:48,13:34:48,8.24,-0.02,74,60976,卖盘,2017-06-30,2017-06-30 13:34:48
13:35:00,13:35:00,8.24,--,14,11536,卖盘,2017-06-30,2017-06-30 13:35:00
13:35:06,13:35:06,8.24,--,10,8240,卖盘,2017-06-30,2017-06-30 13:35:06
13:35:09,13:35:09,8.24,--,51,42024,买盘,2017-06-30,2017-06-30 13:35:09
13:35:12,13:35:12,8.23,-0.01,100,82300,卖盘,2017-06-30,2017-06-30 13:35:12
13:35:15,13:35:15,8.24,0.01,43,35432,买盘,2017-06-30,2017-06-30 13:35:15
13:35:21,13:35:21,8.23,-0.01,6,4938,卖盘,2017-06-30,2017-06-30 13:35:21
13:35:24,13:35:24,8.23,--,4,3292,买盘,2017-06-30,2017-06-30 13:35:24
13:35:33,13:35:33,8.24,0.01,3,2472,买盘,2017-06-30,2017-06-30 13:35:33
13:35:42,13:35:42,8.24,--,7,5768,卖盘,2017-06-30,2017-06-30 13:35:42
13:35:45,13:35:45,8.24,--,34,28016,买盘,2017-06-30,2017-06-30 13:35:45
13:35:48,13:35:48,8.24,--,23,18952,卖盘,2017-06-30,2017-06-30 13:35:48
13:35:54,13:35:54,8.25,0.01,473,390225,买盘,2017-06-30,2017-06-30 13:35:54
13:36:06,13:36:06,8.24,-0.01,1,824,中性盘,2017-06-30,2017-06-30 13:36:06
13:36:18,13:36:18,8.24,--,17,14008,买盘,2017-06-30,2017-06-30 13:36:18
13:36:30,13:36:30,8.22,-0.02,35,28770,卖盘,2017-06-30,2017-06-30 13:36:30
13:36:39,13:36:39,8.23,0.01,10,8230,中性盘,2017-06-30,2017-06-30 13:36:39
13:36:42,13:36:42,8.23,--,7,5761,卖盘,2017-06-30,2017-06-30 13:36:42
13:36:45,13:36:45,8.24,0.01,23,18952,买盘,2017-06-30,2017-06-30 13:36:45
13:36:48,13:36:48,8.22,-0.02,23,18906,卖盘,2017-06-30,2017-06-30 13:36:48
13:36:51,13:36:51,8.23,0.01,7,5761,中性盘,2017-06-30,2017-06-30 13:36:51
13:36:54,13:36:54,8.23,--,13,10699,买盘,2017-06-30,2017-06-30 13:36:54
13:36:57,13:36:57,8.23,--,61,50203,卖盘,2017-06-30,2017-06-30 13:36:57
13:37:03,13:37:03,8.23,--,10,8230,卖盘,2017-06-30,2017-06-30 13:37:03
13:37:09,13:37:09,8.23,--,2,1646,卖盘,2017-06-30,2017-06-30 13:37:09
13:37:15,13:37:15,8.23,--,2,1646,卖盘,2017-06-30,2017-06-30 13:37:15
13:37:30,13:37:30,8.22,-0.01,304,249888,卖盘,2017-06-30,2017-06-30 13:37:30
13:37:48,13:37:48,8.21,-0.01,22,18062,卖盘,2017-06-30,2017-06-30 13:37:48
13:38:00,13:38:00,8.22,0.01,25,20550,买盘,2017-06-30,2017-06-30 13:38:00
13:38:12,13:38:12,8.21,-0.01,15,12315,卖盘,2017-06-30,2017-06-30 13:38:12
13:38:24,13:38:24,8.22,0.01,160,131520,买盘,2017-06-30,2017-06-30 13:38:24
13:38:27,13:38:27,8.22,--,200,164400,买盘,2017-06-30,2017-06-30 13:38:27
13:38:33,13:38:33,8.22,--,798,655956,买盘,2017-06-30,2017-06-30 13:38:33
13:38:36,13:38:36,8.22,--,30,24660,买盘,2017-06-30,2017-06-30 13:38:36
13:38:48,13:38:48,8.22,--,23,18906,买盘,2017-06-30,2017-06-30 13:38:48
13:39:00,13:39:00,8.23,0.01,118,97114,买盘,2017-06-30,2017-06-30 13:39:00
13:39:09,13:39:09,8.23,--,6,4938,买盘,2017-06-30,2017-06-30 13:39:09
13:39:12,13:39:12,8.23,--,10,8230,买盘,2017-06-30,2017-06-30 13:39:12
13:39:21,13:39:21,8.22,-0.01,207,170154,卖盘,2017-06-30,2017-06-30 13:39:21
13:39:24,13:39:24,8.22,--,4,3600,买盘,2017-06-30,2017-06-30 13:39:24
13:39:33,13:39:33,8.23,0.01,3,2469,卖盘,2017-06-30,2017-06-30 13:39:33
13:39:39,13:39:39,8.23,--,20,16460,卖盘,2017-06-30,2017-06-30 13:39:39
13:39:51,13:39:51,8.23,--,23,18929,卖盘,2017-06-30,2017-06-30 13:39:51
13:40:18,13:40:18,8.24,0.01,10,8240,买盘,2017-06-30,2017-06-30 13:40:18
13:40:24,13:40:24,8.24,--,6,4944,买盘,2017-06-30,2017-06-30 13:40:24
13:40:30,13:40:30,8.24,--,50,41200,买盘,2017-06-30,2017-06-30 13:40:30
13:40:33,13:40:33,8.23,-0.01,20,16460,卖盘,2017-06-30,2017-06-30 13:40:33
13:40:51,13:40:51,8.24,0.01,26,21424,买盘,2017-06-30,2017-06-30 13:40:51
13:40:54,13:40:54,8.24,--,150,123600,买盘,2017-06-30,2017-06-30 13:40:54
13:41:00,13:41:00,8.24,--,1,824,买盘,2017-06-30,2017-06-30 13:41:00
13:41:12,13:41:12,8.24,--,7,5768,买盘,2017-06-30,2017-06-30 13:41:12
13:41:18,13:41:18,8.24,--,20,16480,买盘,2017-06-30,2017-06-30 13:41:18
13:41:30,13:41:30,8.23,-0.01,70,57610,卖盘,2017-06-30,2017-06-30 13:41:30
13:41:36,13:41:36,8.23,--,9,7407,卖盘,2017-06-30,2017-06-30 13:41:36
13:41:51,13:41:51,8.23,--,22,18106,卖盘,2017-06-30,2017-06-30 13:41:51
13:42:00,13:42:00,8.24,0.01,20,16480,买盘,2017-06-30,2017-06-30 13:42:00
13:42:09,13:42:09,8.23,-0.01,7,5761,卖盘,2017-06-30,2017-06-30 13:42:09
13:42:12,13:42:12,8.23,--,30,24690,卖盘,2017-06-30,2017-06-30 13:42:12
13:42:21,13:42:21,8.23,--,6,4938,卖盘,2017-06-30,2017-06-30 13:42:21
13:42:24,13:42:24,8.24,0.01,1,824,买盘,2017-06-30,2017-06-30 13:42:24
13:42:33,13:42:33,8.23,-0.01,4,3292,卖盘,2017-06-30,2017-06-30 13:42:33
13:42:36,13:42:36,8.24,0.01,5,4120,买盘,2017-06-30,2017-06-30 13:42:36
13:42:39,13:42:39,8.24,--,122,100528,买盘,2017-06-30,2017-06-30 13:42:39
13:42:48,13:42:48,8.24,--,10,8240,买盘,2017-06-30,2017-06-30 13:42:48
13:42:51,13:42:51,8.24,--,125,103000,买盘,2017-06-30,2017-06-30 13:42:51
13:42:54,13:42:54,8.24,--,16,13184,买盘,2017-06-30,2017-06-30 13:42:54
13:42:57,13:42:57,8.23,-0.01,8,6584,卖盘,2017-06-30,2017-06-30 13:42:57
13:43:45,13:43:45,8.23,--,100,82300,卖盘,2017-06-30,2017-06-30 13:43:45
13:43:51,13:43:51,8.23,--,23,18929,卖盘,2017-06-30,2017-06-30 13:43:51
13:43:54,13:43:54,8.23,--,70,57610,卖盘,2017-06-30,2017-06-30 13:43:54
13:44:03,13:44:03,8.24,0.01,5,4120,买盘,2017-06-30,2017-06-30 13:44:03
13:44:06,13:44:06,8.23,-0.01,40,32920,卖盘,2017-06-30,2017-06-30 13:44:06
13:44:12,13:44:12,8.23,--,9,7407,卖盘,2017-06-30,2017-06-30 13:44:12
13:44:18,13:44:18,8.23,--,199,164287,卖盘,2017-06-30,2017-06-30 13:44:18
13:44:30,13:44:30,8.23,--,44,36524,买盘,2017-06-30,2017-06-30 13:44:30
13:44:42,13:44:42,8.23,--,3,2469,卖盘,2017-06-30,2017-06-30 13:44:42
13:44:45,13:44:45,8.23,--,5,4115,卖盘,2017-06-30,2017-06-30 13:44:45
13:44:51,13:44:51,8.23,--,22,18106,卖盘,2017-06-30,2017-06-30 13:44:51
13:45:00,13:45:00,8.23,--,20,16460,卖盘,2017-06-30,2017-06-30 13:45:00
13:45:06,13:45:06,8.23,--,10,8230,卖盘,2017-06-30,2017-06-30 13:45:06
13:45:21,13:45:21,8.23,--,10,8230,卖盘,2017-06-30,2017-06-30 13:45:21
13:45:45,13:45:45,8.24,0.01,457,376568,买盘,2017-06-30,2017-06-30 13:45:45
13:45:51,13:45:51,8.24,--,199,163976,买盘,2017-06-30,2017-06-30 13:45:51
13:46:03,13:46:03,8.25,0.01,1247,1028775,买盘,2017-06-30,2017-06-30 13:46:03
13:46:21,13:46:21,8.24,-0.01,7,5768,中性盘,2017-06-30,2017-06-30 13:46:21
13:46:24,13:46:24,8.25,0.01,178,146850,买盘,2017-06-30,2017-06-30 13:46:24
13:46:36,13:46:36,8.25,--,50,41250,买盘,2017-06-30,2017-06-30 13:46:36
13:46:39,13:46:39,8.25,--,20,16500,买盘,2017-06-30,2017-06-30 13:46:39
13:46:42,13:46:42,8.25,--,123,101475,买盘,2017-06-30,2017-06-30 13:46:42
13:46:48,13:46:48,8.27,0.02,1089,900603,买盘,2017-06-30,2017-06-30 13:46:48
13:46:51,13:46:51,8.28,0.01,570,471959,买盘,2017-06-30,2017-06-30 13:46:51
13:46:54,13:46:54,8.28,--,604,500111,买盘,2017-06-30,2017-06-30 13:46:54
13:46:57,13:46:57,8.28,--,479,396611,买盘,2017-06-30,2017-06-30 13:46:57
13:47:00,13:47:00,8.28,--,79,65411,买盘,2017-06-30,2017-06-30 13:47:00
13:47:03,13:47:03,8.27,-0.01,77,63679,卖盘,2017-06-30,2017-06-30 13:47:03
13:47:06,13:47:06,8.28,0.01,86,71208,买盘,2017-06-30,2017-06-30 13:47:06
13:47:09,13:47:09,8.28,--,26,21528,买盘,2017-06-30,2017-06-30 13:47:09
13:47:12,13:47:12,8.27,-0.01,12,9924,卖盘,2017-06-30,2017-06-30 13:47:12
13:47:15,13:47:15,8.28,0.01,334,277148,买盘,2017-06-30,2017-06-30 13:47:15
13:47:18,13:47:18,8.29,0.01,45,37304,买盘,2017-06-30,2017-06-30 13:47:18
13:47:21,13:47:21,8.28,-0.01,32,26495,卖盘,2017-06-30,2017-06-30 13:47:21
13:47:24,13:47:24,8.29,0.01,68,56371,买盘,2017-06-30,2017-06-30 13:47:24
13:47:27,13:47:27,8.29,--,123,101966,买盘,2017-06-30,2017-06-30 13:47:27
13:47:30,13:47:30,8.28,-0.01,148,122775,卖盘,2017-06-30,2017-06-30 13:47:30
13:47:33,13:47:33,8.28,--,35,28979,买盘,2017-06-30,2017-06-30 13:47:33
13:47:39,13:47:39,8.28,--,15,12419,买盘,2017-06-30,2017-06-30 13:47:39
13:47:42,13:47:42,8.28,--,51,42824,买盘,2017-06-30,2017-06-30 13:47:42
13:47:45,13:47:45,8.28,--,60,49679,卖盘,2017-06-30,2017-06-30 13:47:45
13:47:51,13:47:51,8.29,0.01,28,23211,买盘,2017-06-30,2017-06-30 13:47:51
13:47:57,13:47:57,8.29,--,26,21553,买盘,2017-06-30,2017-06-30 13:47:57
13:48:00,13:48:00,8.29,--,471,390458,买盘,2017-06-30,2017-06-30 13:48:00
13:48:03,13:48:03,8.29,--,102,84557,卖盘,2017-06-30,2017-06-30 13:48:03
13:48:06,13:48:06,8.29,--,7,5802,卖盘,2017-06-30,2017-06-30 13:48:06
13:48:09,13:48:09,8.29,--,33,27356,卖盘,2017-06-30,2017-06-30 13:48:09
13:48:12,13:48:12,8.29,--,8,6631,买盘,2017-06-30,2017-06-30 13:48:12
13:48:15,13:48:15,8.3,0.01,6,4980,买盘,2017-06-30,2017-06-30 13:48:15
13:48:27,13:48:27,8.29,-0.01,8,6631,卖盘,2017-06-30,2017-06-30 13:48:27
13:48:30,13:48:30,8.29,--,43,35646,卖盘,2017-06-30,2017-06-30 13:48:30
13:48:33,13:48:33,8.29,--,30,24869,买盘,2017-06-30,2017-06-30 13:48:33
13:48:36,13:48:36,8.29,--,13,10776,买盘,2017-06-30,2017-06-30 13:48:36
13:48:39,13:48:39,8.28,-0.01,26,21528,卖盘,2017-06-30,2017-06-30 13:48:39
13:48:42,13:48:42,8.29,0.01,20,16580,买盘,2017-06-30,2017-06-30 13:48:42
13:48:45,13:48:45,8.29,--,5,4145,买盘,2017-06-30,2017-06-30 13:48:45
13:48:48,13:48:48,8.28,-0.01,17,14075,卖盘,2017-06-30,2017-06-30 13:48:48
13:48:51,13:48:51,8.28,--,149,123371,卖盘,2017-06-30,2017-06-30 13:48:51
13:48:54,13:48:54,8.28,--,280,232071,卖盘,2017-06-30,2017-06-30 13:48:54
13:48:57,13:48:57,8.28,--,25,20700,买盘,2017-06-30,2017-06-30 13:48:57
13:49:00,13:49:00,8.28,--,10,8280,买盘,2017-06-30,2017-06-30 13:49:00
13:49:03,13:49:03,8.27,-0.01,4,3308,卖盘,2017-06-30,2017-06-30 13:49:03
13:49:06,13:49:06,8.28,0.01,10,8280,买盘,2017-06-30,2017-06-30 13:49:06
13:49:12,13:49:12,8.28,--,25,20700,买盘,2017-06-30,2017-06-30 13:49:12
13:49:15,13:49:15,8.28,--,68,56900,买盘,2017-06-30,2017-06-30 13:49:15
13:49:18,13:49:18,8.27,-0.01,24,20079,卖盘,2017-06-30,2017-06-30 13:49:18
13:49:21,13:49:21,8.29,0.02,352,291807,买盘,2017-06-30,2017-06-30 13:49:21
13:49:33,13:49:33,8.29,--,35,29014,买盘,2017-06-30,2017-06-30 13:49:33
13:49:39,13:49:39,8.28,-0.01,5,4140,中性盘,2017-06-30,2017-06-30 13:49:39
13:49:45,13:49:45,8.28,--,15,12419,卖盘,2017-06-30,2017-06-30 13:49:45
13:49:48,13:49:48,8.28,--,5,4140,买盘,2017-06-30,2017-06-30 13:49:48
13:49:51,13:49:51,8.28,--,23,19044,卖盘,2017-06-30,2017-06-30 13:49:51
13:49:54,13:49:54,8.28,--,2,1655,卖盘,2017-06-30,2017-06-30 13:49:54
13:49:57,13:49:57,8.26,-0.02,100,82600,卖盘,2017-06-30,2017-06-30 13:49:57
13:50:00,13:50:00,8.28,0.02,5,4140,卖盘,2017-06-30,2017-06-30 13:50:00
13:50:06,13:50:06,8.28,--,6,4968,卖盘,2017-06-30,2017-06-30 13:50:06
13:50:09,13:50:09,8.28,--,11,9108,卖盘,2017-06-30,2017-06-30 13:50:09
13:50:15,13:50:15,8.28,--,15,12419,卖盘,2017-06-30,2017-06-30 13:50:15
13:50:18,13:50:18,8.28,--,5,4140,卖盘,2017-06-30,2017-06-30 13:50:18
13:50:24,13:50:24,8.29,0.01,4,3315,买盘,2017-06-30,2017-06-30 13:50:24
13:50:27,13:50:27,8.28,-0.01,43,35604,卖盘,2017-06-30,2017-06-30 13:50:27
13:50:33,13:50:33,8.28,--,20,16560,卖盘,2017-06-30,2017-06-30 13:50:33
13:50:39,13:50:39,8.28,--,116,96047,卖盘,2017-06-30,2017-06-30 13:50:39
13:50:51,13:50:51,8.26,-0.02,23,18998,卖盘,2017-06-30,2017-06-30 13:50:51
13:50:57,13:50:57,8.28,0.02,5,4140,卖盘,2017-06-30,2017-06-30 13:50:57
13:51:00,13:51:00,8.28,--,48,39744,买盘,2017-06-30,2017-06-30 13:51:00
13:51:06,13:51:06,8.28,--,24,19872,卖盘,2017-06-30,2017-06-30 13:51:06
13:51:09,13:51:09,8.28,--,1,1242,卖盘,2017-06-30,2017-06-30 13:51:09
13:51:12,13:51:12,8.29,0.01,4,3315,买盘,2017-06-30,2017-06-30 13:51:12
13:51:15,13:51:15,8.29,--,3,2486,买盘,2017-06-30,2017-06-30 13:51:15
13:51:18,13:51:18,8.26,-0.03,110,90860,卖盘,2017-06-30,2017-06-30 13:51:18
13:51:24,13:51:24,8.28,0.02,67,55475,中性盘,2017-06-30,2017-06-30 13:51:24
13:51:27,13:51:27,8.28,--,1,827,买盘,2017-06-30,2017-06-30 13:51:27
13:51:30,13:51:30,8.28,--,5,4140,买盘,2017-06-30,2017-06-30 13:51:30
13:51:33,13:51:33,8.27,-0.01,46,38042,卖盘,2017-06-30,2017-06-30 13:51:33
13:51:48,13:51:48,8.27,--,15,12405,买盘,2017-06-30,2017-06-30 13:51:48
13:51:51,13:51:51,8.26,-0.01,22,18172,卖盘,2017-06-30,2017-06-30 13:51:51
13:52:00,13:52:00,8.27,0.01,22,18194,买盘,2017-06-30,2017-06-30 13:52:00
13:52:09,13:52:09,8.27,--,5,4135,卖盘,2017-06-30,2017-06-30 13:52:09
13:52:27,13:52:27,8.27,--,2,1654,卖盘,2017-06-30,2017-06-30 13:52:27
13:52:30,13:52:30,8.28,0.01,1,827,买盘,2017-06-30,2017-06-30 13:52:30
13:52:42,13:52:42,8.28,--,20,16560,买盘,2017-06-30,2017-06-30 13:52:42
13:52:48,13:52:48,8.28,--,76,62927,买盘,2017-06-30,2017-06-30 13:52:48
13:52:51,13:52:51,8.28,--,10,8280,买盘,2017-06-30,2017-06-30 13:52:51
13:52:54,13:52:54,8.28,--,148,122543,买盘,2017-06-30,2017-06-30 13:52:54
13:53:06,13:53:06,8.28,--,20,16560,买盘,2017-06-30,2017-06-30 13:53:06
13:53:09,13:53:09,8.28,--,30,24839,买盘,2017-06-30,2017-06-30 13:53:09
13:53:12,13:53:12,8.28,--,24,19872,买盘,2017-06-30,2017-06-30 13:53:12
13:53:15,13:53:15,8.27,-0.01,40,33080,卖盘,2017-06-30,2017-06-30 13:53:15
13:53:18,13:53:18,8.28,0.01,1,827,买盘,2017-06-30,2017-06-30 13:53:18
13:53:21,13:53:21,8.28,--,20,16560,买盘,2017-06-30,2017-06-30 13:53:21
13:53:36,13:53:36,8.27,-0.01,4,3308,卖盘,2017-06-30,2017-06-30 13:53:36
13:53:48,13:53:48,8.27,--,22,18194,卖盘,2017-06-30,2017-06-30 13:53:48
13:53:54,13:53:54,8.27,--,23,19021,卖盘,2017-06-30,2017-06-30 13:53:54
13:54:09,13:54:09,8.27,--,13,10751,卖盘,2017-06-30,2017-06-30 13:54:09
13:54:18,13:54:18,8.27,--,2,1654,卖盘,2017-06-30,2017-06-30 13:54:18
13:54:21,13:54:21,8.27,--,20,16540,卖盘,2017-06-30,2017-06-30 13:54:21
13:54:36,13:54:36,8.27,--,40,33080,卖盘,2017-06-30,2017-06-30 13:54:36
13:54:42,13:54:42,8.28,0.01,131,108467,买盘,2017-06-30,2017-06-30 13:54:42
13:54:45,13:54:45,8.27,-0.01,50,41350,卖盘,2017-06-30,2017-06-30 13:54:45
13:54:48,13:54:48,8.28,0.01,114,94391,买盘,2017-06-30,2017-06-30 13:54:48
13:54:54,13:54:54,8.27,-0.01,22,18194,卖盘,2017-06-30,2017-06-30 13:54:54
13:54:57,13:54:57,8.28,0.01,170,141174,买盘,2017-06-30,2017-06-30 13:54:57
13:55:06,13:55:06,8.29,0.01,10,8290,买盘,2017-06-30,2017-06-30 13:55:06
13:55:15,13:55:15,8.28,-0.01,18,14903,卖盘,2017-06-30,2017-06-30 13:55:15
13:55:18,13:55:18,8.29,0.01,1,828,买盘,2017-06-30,2017-06-30 13:55:18
13:55:21,13:55:21,8.28,-0.01,10,8280,卖盘,2017-06-30,2017-06-30 13:55:21
13:55:30,13:55:30,8.29,0.01,1,828,买盘,2017-06-30,2017-06-30 13:55:30
13:55:42,13:55:42,8.28,-0.01,42,35190,卖盘,2017-06-30,2017-06-30 13:55:42
13:55:45,13:55:45,8.29,0.01,22,18237,买盘,2017-06-30,2017-06-30 13:55:45
13:55:54,13:55:54,8.27,-0.02,23,19021,卖盘,2017-06-30,2017-06-30 13:55:54
13:55:57,13:55:57,8.28,0.01,11,9108,买盘,2017-06-30,2017-06-30 13:55:57
13:56:06,13:56:06,8.28,--,26,21528,卖盘,2017-06-30,2017-06-30 13:56:06
13:56:09,13:56:09,8.28,--,25,20700,卖盘,2017-06-30,2017-06-30 13:56:09
13:56:27,13:56:27,8.28,--,6,4968,卖盘,2017-06-30,2017-06-30 13:56:27
13:56:30,13:56:30,8.28,--,10,8280,卖盘,2017-06-30,2017-06-30 13:56:30
13:56:33,13:56:33,8.28,--,20,16560,卖盘,2017-06-30,2017-06-30 13:56:33
13:56:39,13:56:39,8.28,--,50,41400,卖盘,2017-06-30,2017-06-30 13:56:39
13:56:42,13:56:42,8.28,--,22,18216,卖盘,2017-06-30,2017-06-30 13:56:42
13:56:45,13:56:45,8.28,--,32,26495,卖盘,2017-06-30,2017-06-30 13:56:45
13:56:54,13:56:54,8.27,-0.01,23,19021,卖盘,2017-06-30,2017-06-30 13:56:54
13:57:12,13:57:12,8.27,--,10,8270,卖盘,2017-06-30,2017-06-30 13:57:12
13:57:15,13:57:15,8.28,0.01,66,54647,买盘,2017-06-30,2017-06-30 13:57:15
13:57:18,13:57:18,8.27,-0.01,20,16540,卖盘,2017-06-30,2017-06-30 13:57:18
13:57:21,13:57:21,8.28,0.01,6,4968,买盘,2017-06-30,2017-06-30 13:57:21
13:57:51,13:57:51,8.27,-0.01,89,73603,卖盘,2017-06-30,2017-06-30 13:57:51
13:57:54,13:57:54,8.26,-0.01,23,18998,卖盘,2017-06-30,2017-06-30 13:57:54
13:58:18,13:58:18,8.27,0.01,12,9924,买盘,2017-06-30,2017-06-30 13:58:18
13:58:27,13:58:27,8.26,-0.01,7,5782,卖盘,2017-06-30,2017-06-30 13:58:27
13:58:39,13:58:39,8.27,0.01,1,827,买盘,2017-06-30,2017-06-30 13:58:39
13:58:54,13:58:54,8.27,--,240,199141,买盘,2017-06-30,2017-06-30 13:58:54
13:59:09,13:59:09,8.27,--,42,34734,卖盘,2017-06-30,2017-06-30 13:59:09
13:59:18,13:59:18,8.28,0.01,13,10764,买盘,2017-06-30,2017-06-30 13:59:18
13:59:24,13:59:24,8.28,--,1,827,买盘,2017-06-30,2017-06-30 13:59:24
13:59:33,13:59:33,8.27,-0.01,10,8270,卖盘,2017-06-30,2017-06-30 13:59:33
13:59:39,13:59:39,8.27,--,10,8270,卖盘,2017-06-30,2017-06-30 13:59:39
13:59:48,13:59:48,8.27,--,5,4135,卖盘,2017-06-30,2017-06-30 13:59:48
13:59:51,13:59:51,8.27,--,24,19848,卖盘,2017-06-30,2017-06-30 13:59:51
13:59:54,13:59:54,8.26,-0.01,23,18998,卖盘,2017-06-30,2017-06-30 13:59:54
14:00:21,14:00:21,8.27,0.01,7,5789,中性盘,2017-06-30,2017-06-30 14:00:21
14:00:24,14:00:24,8.26,-0.01,20,16520,卖盘,2017-06-30,2017-06-30 14:00:24
14:00:30,14:00:30,8.27,0.01,12,9924,中性盘,2017-06-30,2017-06-30 14:00:30
14:00:45,14:00:45,8.27,--,29,23983,买盘,2017-06-30,2017-06-30 14:00:45
14:00:54,14:00:54,8.26,-0.01,23,18998,卖盘,2017-06-30,2017-06-30 14:00:54
14:01:15,14:01:15,8.27,0.01,191,157957,买盘,2017-06-30,2017-06-30 14:01:15
14:01:39,14:01:39,8.27,--,2,1654,中性盘,2017-06-30,2017-06-30 14:01:39
14:01:48,14:01:48,8.27,--,5,4135,卖盘,2017-06-30,2017-06-30 14:01:48
14:01:51,14:01:51,8.27,--,9,7443,卖盘,2017-06-30,2017-06-30 14:01:51
14:01:54,14:01:54,8.26,-0.01,22,18172,卖盘,2017-06-30,2017-06-30 14:01:54
14:01:57,14:01:57,8.27,0.01,35,28945,买盘,2017-06-30,2017-06-30 14:01:57
14:02:09,14:02:09,8.27,--,50,41350,买盘,2017-06-30,2017-06-30 14:02:09
14:02:18,14:02:18,8.26,-0.01,10,8260,卖盘,2017-06-30,2017-06-30 14:02:18
14:02:48,14:02:48,8.26,--,5,4130,卖盘,2017-06-30,2017-06-30 14:02:48
14:02:51,14:02:51,8.26,--,15,12390,卖盘,2017-06-30,2017-06-30 14:02:51
14:02:54,14:02:54,8.26,--,23,18998,卖盘,2017-06-30,2017-06-30 14:02:54
14:03:12,14:03:12,8.26,--,30,24780,卖盘,2017-06-30,2017-06-30 14:03:12
14:03:18,14:03:18,8.26,--,203,168256,卖盘,2017-06-30,2017-06-30 14:03:18
14:03:21,14:03:21,8.26,--,27,22302,买盘,2017-06-30,2017-06-30 14:03:21
14:03:24,14:03:24,8.26,--,20,16520,买盘,2017-06-30,2017-06-30 14:03:24
14:03:30,14:03:30,8.26,--,59,48981,买盘,2017-06-30,2017-06-30 14:03:30
14:03:42,14:03:42,8.26,--,32,27010,卖盘,2017-06-30,2017-06-30 14:03:42
14:03:48,14:03:48,8.26,--,8,6608,买盘,2017-06-30,2017-06-30 14:03:48
14:03:51,14:03:51,8.26,--,1,826,买盘,2017-06-30,2017-06-30 14:03:51
14:03:54,14:03:54,8.25,-0.01,68,56100,卖盘,2017-06-30,2017-06-30 14:03:54
14:04:06,14:04:06,8.26,0.01,7,5782,买盘,2017-06-30,2017-06-30 14:04:06
14:04:18,14:04:18,8.25,-0.01,100,82500,卖盘,2017-06-30,2017-06-30 14:04:18
14:04:24,14:04:24,8.26,0.01,196,162143,买盘,2017-06-30,2017-06-30 14:04:24
14:04:27,14:04:27,8.26,--,50,41300,卖盘,2017-06-30,2017-06-30 14:04:27
14:04:36,14:04:36,8.26,--,217,179242,卖盘,2017-06-30,2017-06-30 14:04:36
14:04:51,14:04:51,8.26,--,12,9912,卖盘,2017-06-30,2017-06-30 14:04:51
14:04:54,14:04:54,8.26,--,10,8260,卖盘,2017-06-30,2017-06-30 14:04:54
14:04:57,14:04:57,8.25,-0.01,23,18975,卖盘,2017-06-30,2017-06-30 14:04:57
14:05:00,14:05:00,8.27,0.02,9,7443,买盘,2017-06-30,2017-06-30 14:05:00
14:05:51,14:05:51,8.27,--,1,827,买盘,2017-06-30,2017-06-30 14:05:51
14:05:57,14:05:57,8.26,-0.01,62,51212,卖盘,2017-06-30,2017-06-30 14:05:57
14:06:03,14:06:03,8.26,--,1,826,卖盘,2017-06-30,2017-06-30 14:06:03
14:06:30,14:06:30,8.26,--,64,52864,中性盘,2017-06-30,2017-06-30 14:06:30
14:06:42,14:06:42,8.26,--,5,4130,买盘,2017-06-30,2017-06-30 14:06:42
14:06:48,14:06:48,8.26,--,3,2478,买盘,2017-06-30,2017-06-30 14:06:48
14:06:57,14:06:57,8.25,-0.01,23,18975,卖盘,2017-06-30,2017-06-30 14:06:57
14:07:24,14:07:24,8.26,0.01,1,826,中性盘,2017-06-30,2017-06-30 14:07:24
14:07:30,14:07:30,8.26,--,10,8260,买盘,2017-06-30,2017-06-30 14:07:30
14:07:33,14:07:33,8.26,--,22,18172,买盘,2017-06-30,2017-06-30 14:07:33
14:07:42,14:07:42,8.26,--,22,18172,买盘,2017-06-30,2017-06-30 14:07:42
14:07:54,14:07:54,8.26,--,10,8260,买盘,2017-06-30,2017-06-30 14:07:54
14:07:57,14:07:57,8.26,--,25,20650,买盘,2017-06-30,2017-06-30 14:07:57
14:08:12,14:08:12,8.25,-0.01,22,18150,卖盘,2017-06-30,2017-06-30 14:08:12
14:08:24,14:08:24,8.26,0.01,15,12390,中性盘,2017-06-30,2017-06-30 14:08:24
14:08:36,14:08:36,8.26,--,7,5782,卖盘,2017-06-30,2017-06-30 14:08:36
14:08:39,14:08:39,8.26,--,8,6608,卖盘,2017-06-30,2017-06-30 14:08:39
14:08:42,14:08:42,8.26,--,10,8260,买盘,2017-06-30,2017-06-30 14:08:42
14:08:57,14:08:57,8.25,-0.01,22,18150,卖盘,2017-06-30,2017-06-30 14:08:57
14:09:03,14:09:03,8.25,--,3,2475,卖盘,2017-06-30,2017-06-30 14:09:03
14:09:09,14:09:09,8.25,--,2,1650,卖盘,2017-06-30,2017-06-30 14:09:09
14:09:36,14:09:36,8.25,--,56,46200,卖盘,2017-06-30,2017-06-30 14:09:36
14:09:42,14:09:42,8.25,--,39,32175,卖盘,2017-06-30,2017-06-30 14:09:42
14:09:51,14:09:51,8.25,--,5,4125,卖盘,2017-06-30,2017-06-30 14:09:51
14:09:54,14:09:54,8.25,--,5,4125,卖盘,2017-06-30,2017-06-30 14:09:54
14:09:57,14:09:57,8.25,--,24,19800,卖盘,2017-06-30,2017-06-30 14:09:57
14:10:12,14:10:12,8.25,--,26,21450,卖盘,2017-06-30,2017-06-30 14:10:12
14:10:21,14:10:21,8.25,--,5,4125,卖盘,2017-06-30,2017-06-30 14:10:21
14:10:45,14:10:45,8.25,--,10,8250,卖盘,2017-06-30,2017-06-30 14:10:45
14:10:48,14:10:48,8.25,--,10,8250,卖盘,2017-06-30,2017-06-30 14:10:48
14:10:57,14:10:57,8.25,--,48,39600,卖盘,2017-06-30,2017-06-30 14:10:57
14:11:18,14:11:18,8.25,--,20,16500,卖盘,2017-06-30,2017-06-30 14:11:18
14:11:21,14:11:21,8.26,0.01,79,65254,买盘,2017-06-30,2017-06-30 14:11:21
14:11:30,14:11:30,8.25,-0.01,2,1650,卖盘,2017-06-30,2017-06-30 14:11:30
14:11:57,14:11:57,8.25,--,23,18975,卖盘,2017-06-30,2017-06-30 14:11:57
14:12:03,14:12:03,8.25,--,48,39600,卖盘,2017-06-30,2017-06-30 14:12:03
14:12:57,14:12:57,8.25,--,22,18150,卖盘,2017-06-30,2017-06-30 14:12:57
14:13:03,14:13:03,8.25,--,10,8250,卖盘,2017-06-30,2017-06-30 14:13:03
14:13:12,14:13:12,8.26,0.01,79,65254,买盘,2017-06-30,2017-06-30 14:13:12
14:13:33,14:13:33,8.26,--,6,4956,买盘,2017-06-30,2017-06-30 14:13:33
14:13:36,14:13:36,8.26,--,10,8260,买盘,2017-06-30,2017-06-30 14:13:36
14:13:57,14:13:57,8.25,-0.01,23,18975,卖盘,2017-06-30,2017-06-30 14:13:57
14:14:00,14:14:00,8.26,0.01,22,18172,买盘,2017-06-30,2017-06-30 14:14:00
14:14:06,14:14:06,8.26,--,1,826,买盘,2017-06-30,2017-06-30 14:14:06
14:14:18,14:14:18,8.27,0.01,288,238176,买盘,2017-06-30,2017-06-30 14:14:18
14:14:33,14:14:33,8.25,-0.02,20,16500,卖盘,2017-06-30,2017-06-30 14:14:33
14:14:54,14:14:54,8.26,0.01,5,4130,买盘,2017-06-30,2017-06-30 14:14:54
14:14:57,14:14:57,8.25,-0.01,23,18975,卖盘,2017-06-30,2017-06-30 14:14:57
14:15:00,14:15:00,8.26,0.01,20,16520,买盘,2017-06-30,2017-06-30 14:15:00
14:15:03,14:15:03,8.25,-0.01,100,82500,卖盘,2017-06-30,2017-06-30 14:15:03
14:15:06,14:15:06,8.26,0.01,4,3304,买盘,2017-06-30,2017-06-30 14:15:06
14:15:21,14:15:21,8.25,-0.01,10,8250,卖盘,2017-06-30,2017-06-30 14:15:21
14:15:27,14:15:27,8.26,0.01,50,41300,买盘,2017-06-30,2017-06-30 14:15:27
14:15:33,14:15:33,8.26,--,114,94164,买盘,2017-06-30,2017-06-30 14:15:33
14:15:42,14:15:42,8.26,--,30,24780,买盘,2017-06-30,2017-06-30 14:15:42
14:15:51,14:15:51,8.26,--,6,4956,买盘,2017-06-30,2017-06-30 14:15:51
14:15:57,14:15:57,8.25,-0.01,31,25575,卖盘,2017-06-30,2017-06-30 14:15:57
14:16:33,14:16:33,8.26,0.01,48,39648,买盘,2017-06-30,2017-06-30 14:16:33
14:16:39,14:16:39,8.26,--,30,24780,买盘,2017-06-30,2017-06-30 14:16:39
14:16:57,14:16:57,8.25,-0.01,23,18975,卖盘,2017-06-30,2017-06-30 14:16:57
14:17:00,14:17:00,8.25,--,22,18150,卖盘,2017-06-30,2017-06-30 14:17:00
14:17:15,14:17:15,8.25,--,6,4950,卖盘,2017-06-30,2017-06-30 14:17:15
14:17:24,14:17:24,8.26,0.01,35,28910,买盘,2017-06-30,2017-06-30 14:17:24
14:17:36,14:17:36,8.25,-0.01,30,24750,卖盘,2017-06-30,2017-06-30 14:17:36
14:17:57,14:17:57,8.25,--,13,10725,卖盘,2017-06-30,2017-06-30 14:17:57
14:18:00,14:18:00,8.26,0.01,25,20650,买盘,2017-06-30,2017-06-30 14:18:00
14:18:27,14:18:27,8.26,--,16,13216,买盘,2017-06-30,2017-06-30 14:18:27
14:18:33,14:18:33,8.26,--,10,8260,买盘,2017-06-30,2017-06-30 14:18:33
14:18:45,14:18:45,8.26,--,33,27258,买盘,2017-06-30,2017-06-30 14:18:45
14:18:48,14:18:48,8.26,--,5,4130,买盘,2017-06-30,2017-06-30 14:18:48
14:18:54,14:18:54,8.26,--,10,8260,买盘,2017-06-30,2017-06-30 14:18:54
14:19:00,14:19:00,8.25,-0.01,31,25575,卖盘,2017-06-30,2017-06-30 14:19:00
14:19:06,14:19:06,8.26,0.01,118,97468,买盘,2017-06-30,2017-06-30 14:19:06
14:19:24,14:19:24,8.26,--,10,8260,买盘,2017-06-30,2017-06-30 14:19:24
14:19:27,14:19:27,8.26,--,30,24780,买盘,2017-06-30,2017-06-30 14:19:27
14:19:36,14:19:36,8.26,--,3,2478,买盘,2017-06-30,2017-06-30 14:19:36
14:19:39,14:19:39,8.25,-0.01,65,53625,卖盘,2017-06-30,2017-06-30 14:19:39
14:20:00,14:20:00,8.25,--,22,18150,卖盘,2017-06-30,2017-06-30 14:20:00
14:20:15,14:20:15,8.25,--,17,14025,卖盘,2017-06-30,2017-06-30 14:20:15
14:20:45,14:20:45,8.25,--,5,4125,卖盘,2017-06-30,2017-06-30 14:20:45
14:20:48,14:20:48,8.25,--,100,82500,卖盘,2017-06-30,2017-06-30 14:20:48
14:20:54,14:20:54,8.25,--,32,26400,卖盘,2017-06-30,2017-06-30 14:20:54
14:21:00,14:21:00,8.25,--,138,113850,买盘,2017-06-30,2017-06-30 14:21:00
14:21:03,14:21:03,8.25,--,2,1650,卖盘,2017-06-30,2017-06-30 14:21:03
14:21:18,14:21:18,8.25,--,4,3300,买盘,2017-06-30,2017-06-30 14:21:18
14:21:21,14:21:21,8.25,--,4,3300,买盘,2017-06-30,2017-06-30 14:21:21
14:22:00,14:22:00,8.25,--,23,18975,卖盘,2017-06-30,2017-06-30 14:22:00
14:22:12,14:22:12,8.25,--,26,21450,卖盘,2017-06-30,2017-06-30 14:22:12
