idx_time,time,price,change,volume,amount,type,date,date_time
09:25:03,09:25:03,79.5,79.5,7479,59461468,买盘,2017-06-29,2017-06-29 09:25:03
09:30:00,09:30:00,79.9,0.4,395,3158686,买盘,2017-06-29,2017-06-29 09:30:00
09:30:03,09:30:03,79.85,-0.05,4344,34692349,中性盘,2017-06-29,2017-06-29 09:30:03
09:30:06,09:30:06,79.7,-0.15,730,5822882,卖盘,2017-06-29,2017-06-29 09:30:06
09:30:09,09:30:09,79.9,0.2,212,1695957,买盘,2017-06-29,2017-06-29 09:30:09
09:30:12,09:30:12,79.8,-0.1,363,2896740,卖盘,2017-06-29,2017-06-29 09:30:12
09:30:15,09:30:15,79.7,-0.1,194,1546180,卖盘,2017-06-29,2017-06-29 09:30:15
09:30:18,09:30:18,79.85,0.15,280,2235800,买盘,2017-06-29,2017-06-29 09:30:18
09:30:21,09:30:21,79.7,-0.15,150,1199485,卖盘,2017-06-29,2017-06-29 09:30:21
09:30:24,09:30:24,79.96,0.26,166,1331334,买盘,2017-06-29,2017-06-29 09:30:24
09:30:27,09:30:27,79.8,-0.16,208,1665426,卖盘,2017-06-29,2017-06-29 09:30:27
09:30:30,09:30:30,79.88,0.08,366,2923608,买盘,2017-06-29,2017-06-29 09:30:30
09:30:33,09:30:33,79.9,0.02,158,1270090,中性盘,2017-06-29,2017-06-29 09:30:33
09:30:36,09:30:36,80.3,0.4,213,1714967,买盘,2017-06-29,2017-06-29 09:30:36
09:30:39,09:30:39,80.0,-0.3,587,4699440,卖盘,2017-06-29,2017-06-29 09:30:39
09:30:42,09:30:42,80.0,--,232,1861600,买盘,2017-06-29,2017-06-29 09:30:42
09:30:45,09:30:45,80.25,0.25,99,794475,买盘,2017-06-29,2017-06-29 09:30:45
09:30:48,09:30:48,80.0,-0.25,453,3629600,卖盘,2017-06-29,2017-06-29 09:30:48
09:30:51,09:30:51,80.0,--,451,3608000,卖盘,2017-06-29,2017-06-29 09:30:51
09:30:54,09:30:54,80.0,--,194,1552000,买盘,2017-06-29,2017-06-29 09:30:54
09:30:57,09:30:57,79.99,-0.01,550,4401849,中性盘,2017-06-29,2017-06-29 09:30:57
09:31:00,09:31:00,79.6,-0.39,428,3407198,卖盘,2017-06-29,2017-06-29 09:31:00
09:31:03,09:31:03,79.8,0.2,177,1412460,买盘,2017-06-29,2017-06-29 09:31:03
09:31:06,09:31:06,79.54,-0.26,729,5798466,卖盘,2017-06-29,2017-06-29 09:31:06
09:31:09,09:31:09,79.57,0.03,231,1843636,中性盘,2017-06-29,2017-06-29 09:31:09
09:31:12,09:31:12,79.32,-0.25,1224,9710354,卖盘,2017-06-29,2017-06-29 09:31:12
09:31:15,09:31:15,79.57,0.25,299,2385508,买盘,2017-06-29,2017-06-29 09:31:15
09:31:18,09:31:18,79.3,-0.27,231,1832781,卖盘,2017-06-29,2017-06-29 09:31:18
09:31:21,09:31:21,79.4,0.1,194,1545918,中性盘,2017-06-29,2017-06-29 09:31:21
09:31:24,09:31:24,79.2,-0.2,121,958320,卖盘,2017-06-29,2017-06-29 09:31:24
09:31:27,09:31:27,79.0,-0.2,540,4266000,卖盘,2017-06-29,2017-06-29 09:31:27
09:31:30,09:31:30,79.0,--,124,985130,卖盘,2017-06-29,2017-06-29 09:31:30
09:31:33,09:31:33,78.9,-0.1,231,1827955,卖盘,2017-06-29,2017-06-29 09:31:33
09:31:36,09:31:36,79.0,0.1,167,1319300,买盘,2017-06-29,2017-06-29 09:31:36
09:31:39,09:31:39,78.8,-0.2,73,575240,卖盘,2017-06-29,2017-06-29 09:31:39
09:31:42,09:31:42,78.0,-0.8,472,3681600,卖盘,2017-06-29,2017-06-29 09:31:42
09:31:45,09:31:45,78.0,--,70,546000,买盘,2017-06-29,2017-06-29 09:31:45
09:31:48,09:31:48,77.99,-0.01,40,311960,买盘,2017-06-29,2017-06-29 09:31:48
09:31:51,09:31:51,77.77,-0.22,173,1352886,卖盘,2017-06-29,2017-06-29 09:31:51
09:31:54,09:31:54,77.88,0.11,73,568524,中性盘,2017-06-29,2017-06-29 09:31:54
09:31:57,09:31:57,77.77,-0.11,113,879112,卖盘,2017-06-29,2017-06-29 09:31:57
09:32:00,09:32:00,78.0,0.23,126,988650,买盘,2017-06-29,2017-06-29 09:32:00
09:32:03,09:32:03,77.86,-0.14,346,2693956,卖盘,2017-06-29,2017-06-29 09:32:03
09:32:06,09:32:06,77.95,0.09,171,1332945,买盘,2017-06-29,2017-06-29 09:32:06
09:32:09,09:32:09,77.88,-0.07,83,651855,卖盘,2017-06-29,2017-06-29 09:32:09
09:32:12,09:32:12,78.7,0.82,47,369890,买盘,2017-06-29,2017-06-29 09:32:12
09:32:15,09:32:15,78.7,--,86,676820,买盘,2017-06-29,2017-06-29 09:32:15
09:32:18,09:32:18,78.6,-0.1,81,636660,中性盘,2017-06-29,2017-06-29 09:32:18
09:32:21,09:32:21,78.28,-0.32,53,420363,中性盘,2017-06-29,2017-06-29 09:32:21
09:32:24,09:32:24,78.6,0.32,415,3261899,买盘,2017-06-29,2017-06-29 09:32:24
09:32:27,09:32:27,78.02,-0.58,142,1113345,卖盘,2017-06-29,2017-06-29 09:32:27
09:32:30,09:32:30,78.28,0.26,60,469680,中性盘,2017-06-29,2017-06-29 09:32:30
09:32:33,09:32:33,78.05,-0.23,100,780500,中性盘,2017-06-29,2017-06-29 09:32:33
09:32:36,09:32:36,78.28,0.23,73,571444,买盘,2017-06-29,2017-06-29 09:32:36
09:32:39,09:32:39,78.0,-0.28,187,1460940,卖盘,2017-06-29,2017-06-29 09:32:39
09:32:42,09:32:42,78.0,--,180,1404780,买盘,2017-06-29,2017-06-29 09:32:42
09:32:45,09:32:45,77.89,-0.11,448,3489472,卖盘,2017-06-29,2017-06-29 09:32:45
09:32:48,09:32:48,77.8,-0.09,105,816900,中性盘,2017-06-29,2017-06-29 09:32:48
09:32:51,09:32:51,77.77,-0.03,164,1275428,卖盘,2017-06-29,2017-06-29 09:32:51
09:32:54,09:32:54,78.0,0.23,594,4634760,买盘,2017-06-29,2017-06-29 09:32:54
09:32:57,09:32:57,77.68,-0.32,209,1625454,卖盘,2017-06-29,2017-06-29 09:32:57
09:33:00,09:33:00,77.85,0.17,88,688194,买盘,2017-06-29,2017-06-29 09:33:00
09:33:03,09:33:03,78.0,0.15,175,1367808,买盘,2017-06-29,2017-06-29 09:33:03
09:33:06,09:33:06,78.0,--,262,2048982,卖盘,2017-06-29,2017-06-29 09:33:06
09:33:09,09:33:09,78.0,--,63,492414,买盘,2017-06-29,2017-06-29 09:33:09
09:33:12,09:33:12,77.7,-0.3,282,2194403,卖盘,2017-06-29,2017-06-29 09:33:12
09:33:15,09:33:15,78.01,0.31,269,2104241,买盘,2017-06-29,2017-06-29 09:33:15
09:33:18,09:33:18,78.0,-0.01,122,952692,卖盘,2017-06-29,2017-06-29 09:33:18
09:33:21,09:33:21,77.88,-0.12,111,865402,中性盘,2017-06-29,2017-06-29 09:33:21
09:33:24,09:33:24,77.8,-0.08,81,630180,卖盘,2017-06-29,2017-06-29 09:33:24
09:33:27,09:33:27,77.88,0.08,102,794376,买盘,2017-06-29,2017-06-29 09:33:27
09:33:30,09:33:30,78.0,0.12,27,210600,买盘,2017-06-29,2017-06-29 09:33:30
09:33:33,09:33:33,77.86,-0.14,237,1845282,卖盘,2017-06-29,2017-06-29 09:33:33
09:33:36,09:33:36,77.79,-0.07,112,871248,中性盘,2017-06-29,2017-06-29 09:33:36
09:33:39,09:33:39,77.58,-0.21,133,1031814,卖盘,2017-06-29,2017-06-29 09:33:39
09:33:42,09:33:42,77.99,0.41,58,452341,买盘,2017-06-29,2017-06-29 09:33:42
09:33:45,09:33:45,77.88,-0.11,214,1666632,中性盘,2017-06-29,2017-06-29 09:33:45
09:33:48,09:33:48,77.69,-0.19,75,582675,卖盘,2017-06-29,2017-06-29 09:33:48
09:33:51,09:33:51,77.85,0.16,207,1616944,买盘,2017-06-29,2017-06-29 09:33:51
09:33:54,09:33:54,77.7,-0.15,54,427194,中性盘,2017-06-29,2017-06-29 09:33:54
09:33:57,09:33:57,77.6,-0.1,98,760480,卖盘,2017-06-29,2017-06-29 09:33:57
09:34:00,09:34:00,77.59,-0.01,121,941321,卖盘,2017-06-29,2017-06-29 09:34:00
09:34:03,09:34:03,77.77,0.18,21,168605,买盘,2017-06-29,2017-06-29 09:34:03
09:34:06,09:34:06,77.85,0.08,63,495904,买盘,2017-06-29,2017-06-29 09:34:06
09:34:09,09:34:09,77.7,-0.15,31,243978,卖盘,2017-06-29,2017-06-29 09:34:09
09:34:12,09:34:12,77.79,0.09,33,256707,买盘,2017-06-29,2017-06-29 09:34:12
09:34:15,09:34:15,77.79,--,45,355500,买盘,2017-06-29,2017-06-29 09:34:15
09:34:18,09:34:18,77.8,0.01,29,225620,买盘,2017-06-29,2017-06-29 09:34:18
09:34:21,09:34:21,77.72,-0.08,100,779531,卖盘,2017-06-29,2017-06-29 09:34:21
09:34:24,09:34:24,77.85,0.13,78,607230,买盘,2017-06-29,2017-06-29 09:34:24
09:34:27,09:34:27,77.86,0.01,30,235137,买盘,2017-06-29,2017-06-29 09:34:27
09:34:30,09:34:30,77.86,--,46,358156,卖盘,2017-06-29,2017-06-29 09:34:30
09:34:33,09:34:33,77.87,0.01,32,249184,中性盘,2017-06-29,2017-06-29 09:34:33
09:34:36,09:34:36,77.9,0.03,26,202540,中性盘,2017-06-29,2017-06-29 09:34:36
09:34:39,09:34:39,77.8,-0.1,163,1274364,卖盘,2017-06-29,2017-06-29 09:34:39
09:34:42,09:34:42,77.8,--,79,614620,买盘,2017-06-29,2017-06-29 09:34:42
09:34:45,09:34:45,77.95,0.15,239,1870644,买盘,2017-06-29,2017-06-29 09:34:45
09:34:48,09:34:48,77.95,--,49,385073,卖盘,2017-06-29,2017-06-29 09:34:48
09:34:51,09:34:51,77.95,--,50,389750,卖盘,2017-06-29,2017-06-29 09:34:51
09:34:54,09:34:54,78.0,0.05,146,1138800,买盘,2017-06-29,2017-06-29 09:34:54
09:34:57,09:34:57,78.0,--,55,429000,买盘,2017-06-29,2017-06-29 09:34:57
09:35:00,09:35:00,78.0,--,67,528060,买盘,2017-06-29,2017-06-29 09:35:00
09:35:03,09:35:03,77.99,-0.01,111,865689,中性盘,2017-06-29,2017-06-29 09:35:03
09:35:06,09:35:06,78.0,0.01,76,592800,买盘,2017-06-29,2017-06-29 09:35:06
09:35:09,09:35:09,78.0,--,186,1454856,买盘,2017-06-29,2017-06-29 09:35:09
09:35:12,09:35:12,78.0,--,101,793260,卖盘,2017-06-29,2017-06-29 09:35:12
09:35:15,09:35:15,78.01,0.01,92,720812,买盘,2017-06-29,2017-06-29 09:35:15
09:35:18,09:35:18,78.15,0.14,8,62520,中性盘,2017-06-29,2017-06-29 09:35:18
09:35:21,09:35:21,78.03,-0.12,34,265302,卖盘,2017-06-29,2017-06-29 09:35:21
09:35:24,09:35:24,78.5,0.47,23,180550,买盘,2017-06-29,2017-06-29 09:35:24
09:35:27,09:35:27,78.1,-0.4,115,903616,卖盘,2017-06-29,2017-06-29 09:35:27
09:35:30,09:35:30,78.15,0.05,8,62520,中性盘,2017-06-29,2017-06-29 09:35:30
09:35:33,09:35:33,78.4,0.25,187,1471568,买盘,2017-06-29,2017-06-29 09:35:33
09:35:36,09:35:36,78.0,-0.4,136,1063140,卖盘,2017-06-29,2017-06-29 09:35:36
09:35:39,09:35:39,78.4,0.4,266,2085440,买盘,2017-06-29,2017-06-29 09:35:39
09:35:42,09:35:42,77.85,-0.55,167,1300095,卖盘,2017-06-29,2017-06-29 09:35:42
09:35:45,09:35:45,78.11,0.26,277,2163647,中性盘,2017-06-29,2017-06-29 09:35:45
09:35:48,09:35:48,78.08,-0.03,54,427097,卖盘,2017-06-29,2017-06-29 09:35:48
09:35:51,09:35:51,78.0,-0.08,120,943488,卖盘,2017-06-29,2017-06-29 09:35:51
09:35:54,09:35:54,78.08,0.08,516,4034393,中性盘,2017-06-29,2017-06-29 09:35:54
09:35:57,09:35:57,78.08,--,24,192857,卖盘,2017-06-29,2017-06-29 09:35:57
09:36:00,09:36:00,78.0,-0.08,170,1330680,卖盘,2017-06-29,2017-06-29 09:36:00
09:36:03,09:36:03,78.0,--,47,366600,买盘,2017-06-29,2017-06-29 09:36:03
09:36:06,09:36:06,77.87,-0.13,55,428285,卖盘,2017-06-29,2017-06-29 09:36:06
09:36:09,09:36:09,78.0,0.13,45,351000,买盘,2017-06-29,2017-06-29 09:36:09
09:36:12,09:36:12,77.9,-0.1,13,101270,买盘,2017-06-29,2017-06-29 09:36:12
09:36:15,09:36:15,78.0,0.1,20,156000,买盘,2017-06-29,2017-06-29 09:36:15
09:36:18,09:36:18,77.8,-0.2,111,863580,卖盘,2017-06-29,2017-06-29 09:36:18
09:36:21,09:36:21,78.0,0.2,65,507000,买盘,2017-06-29,2017-06-29 09:36:21
09:36:24,09:36:24,78.0,--,436,3408444,买盘,2017-06-29,2017-06-29 09:36:24
09:36:27,09:36:27,78.0,--,90,707460,买盘,2017-06-29,2017-06-29 09:36:27
09:36:30,09:36:30,77.77,-0.23,175,1363308,卖盘,2017-06-29,2017-06-29 09:36:30
09:36:33,09:36:33,78.0,0.23,45,352014,买盘,2017-06-29,2017-06-29 09:36:33
09:36:36,09:36:36,77.98,-0.02,36,285172,卖盘,2017-06-29,2017-06-29 09:36:36
09:36:39,09:36:39,77.76,-0.22,71,552096,卖盘,2017-06-29,2017-06-29 09:36:39
09:36:42,09:36:42,77.8,0.04,73,567940,买盘,2017-06-29,2017-06-29 09:36:42
09:36:45,09:36:45,77.53,-0.27,117,907101,卖盘,2017-06-29,2017-06-29 09:36:45
09:36:48,09:36:48,77.0,-0.53,330,2543310,卖盘,2017-06-29,2017-06-29 09:36:48
09:36:51,09:36:51,76.68,-0.32,25,194767,卖盘,2017-06-29,2017-06-29 09:36:51
09:36:54,09:36:54,76.6,-0.08,30,229799,卖盘,2017-06-29,2017-06-29 09:36:54
09:36:57,09:36:57,76.38,-0.22,132,1012798,卖盘,2017-06-29,2017-06-29 09:36:57
09:37:00,09:37:00,76.33,-0.05,40,305320,卖盘,2017-06-29,2017-06-29 09:37:00
09:37:03,09:37:03,76.5,0.17,16,127755,买盘,2017-06-29,2017-06-29 09:37:03
09:37:06,09:37:06,76.2,-0.3,74,567156,卖盘,2017-06-29,2017-06-29 09:37:06
09:37:09,09:37:09,76.5,0.3,90,693855,买盘,2017-06-29,2017-06-29 09:37:09
09:37:12,09:37:12,76.5,--,64,489600,买盘,2017-06-29,2017-06-29 09:37:12
09:37:15,09:37:15,76.28,-0.22,67,511076,卖盘,2017-06-29,2017-06-29 09:37:15
09:37:18,09:37:18,76.4,0.12,66,504240,买盘,2017-06-29,2017-06-29 09:37:18
09:37:21,09:37:21,76.56,0.16,84,643104,买盘,2017-06-29,2017-06-29 09:37:21
09:37:24,09:37:24,76.5,-0.06,50,382500,卖盘,2017-06-29,2017-06-29 09:37:24
09:37:27,09:37:27,76.5,--,22,168300,卖盘,2017-06-29,2017-06-29 09:37:27
09:37:30,09:37:30,76.64,0.14,77,590128,买盘,2017-06-29,2017-06-29 09:37:30
09:37:33,09:37:33,76.6,-0.04,65,500197,中性盘,2017-06-29,2017-06-29 09:37:33
09:37:36,09:37:36,76.56,-0.04,19,145464,卖盘,2017-06-29,2017-06-29 09:37:36
09:37:39,09:37:39,76.57,0.01,65,497704,中性盘,2017-06-29,2017-06-29 09:37:39
09:37:42,09:37:42,76.7,0.13,50,388869,买盘,2017-06-29,2017-06-29 09:37:42
09:37:45,09:37:45,76.8,0.1,30,230400,买盘,2017-06-29,2017-06-29 09:37:45
09:37:48,09:37:48,76.7,-0.1,93,713310,卖盘,2017-06-29,2017-06-29 09:37:48
09:37:51,09:37:51,76.8,0.1,20,158976,中性盘,2017-06-29,2017-06-29 09:37:51
09:37:54,09:37:54,77.0,0.2,63,485100,买盘,2017-06-29,2017-06-29 09:37:54
09:37:57,09:37:57,76.9,-0.1,92,712863,中性盘,2017-06-29,2017-06-29 09:37:57
09:38:00,09:38:00,77.0,0.1,88,677600,买盘,2017-06-29,2017-06-29 09:38:00
09:38:03,09:38:03,77.0,--,96,739200,买盘,2017-06-29,2017-06-29 09:38:03
09:38:06,09:38:06,76.8,-0.2,67,514560,卖盘,2017-06-29,2017-06-29 09:38:06
09:38:09,09:38:09,77.0,0.2,335,2579500,买盘,2017-06-29,2017-06-29 09:38:09
09:38:12,09:38:12,77.0,--,74,575190,买盘,2017-06-29,2017-06-29 09:38:12
09:38:15,09:38:15,77.0,--,25,192500,卖盘,2017-06-29,2017-06-29 09:38:15
09:38:18,09:38:18,77.0,--,34,261800,卖盘,2017-06-29,2017-06-29 09:38:18
09:38:21,09:38:21,77.0,--,56,433510,卖盘,2017-06-29,2017-06-29 09:38:21
09:38:24,09:38:24,77.0,--,85,657580,买盘,2017-06-29,2017-06-29 09:38:24
09:38:27,09:38:27,77.0,--,70,541310,卖盘,2017-06-29,2017-06-29 09:38:27
09:38:30,09:38:30,77.0,--,36,277200,买盘,2017-06-29,2017-06-29 09:38:30
09:38:33,09:38:33,77.0,--,91,700700,买盘,2017-06-29,2017-06-29 09:38:33
09:38:36,09:38:36,77.0,--,38,292600,买盘,2017-06-29,2017-06-29 09:38:36
09:38:39,09:38:39,77.0,--,72,554400,买盘,2017-06-29,2017-06-29 09:38:39
09:38:42,09:38:42,76.99,-0.01,30,230969,中性盘,2017-06-29,2017-06-29 09:38:42
09:38:45,09:38:45,76.91,-0.08,85,653735,卖盘,2017-06-29,2017-06-29 09:38:45
09:38:48,09:38:48,77.0,0.09,77,592900,买盘,2017-06-29,2017-06-29 09:38:48
09:38:51,09:38:51,76.99,-0.01,28,215572,中性盘,2017-06-29,2017-06-29 09:38:51
09:38:54,09:38:54,76.84,-0.15,12,92208,中性盘,2017-06-29,2017-06-29 09:38:54
09:38:57,09:38:57,76.83,-0.01,98,752934,卖盘,2017-06-29,2017-06-29 09:38:57
09:39:00,09:39:00,76.97,0.14,13,100061,买盘,2017-06-29,2017-06-29 09:39:00
09:39:03,09:39:03,76.84,-0.13,56,430304,卖盘,2017-06-29,2017-06-29 09:39:03
09:39:06,09:39:06,76.84,--,30,233516,卖盘,2017-06-29,2017-06-29 09:39:06
09:39:09,09:39:09,76.85,0.01,43,330455,买盘,2017-06-29,2017-06-29 09:39:09
09:39:12,09:39:12,76.85,--,58,448803,卖盘,2017-06-29,2017-06-29 09:39:12
09:39:15,09:39:15,76.81,-0.04,165,1271359,卖盘,2017-06-29,2017-06-29 09:39:15
09:39:18,09:39:18,76.9,0.09,35,269150,中性盘,2017-06-29,2017-06-29 09:39:18
09:39:21,09:39:21,76.95,0.05,15,115425,中性盘,2017-06-29,2017-06-29 09:39:21
09:39:24,09:39:24,76.97,0.02,60,464898,卖盘,2017-06-29,2017-06-29 09:39:24
09:39:27,09:39:27,77.0,0.03,30,231000,买盘,2017-06-29,2017-06-29 09:39:27
09:39:30,09:39:30,76.99,-0.01,65,500434,中性盘,2017-06-29,2017-06-29 09:39:30
09:39:33,09:39:33,76.97,-0.02,226,1747065,卖盘,2017-06-29,2017-06-29 09:39:33
09:39:36,09:39:36,76.97,--,42,328046,卖盘,2017-06-29,2017-06-29 09:39:36
09:39:39,09:39:39,76.99,0.02,87,669813,买盘,2017-06-29,2017-06-29 09:39:39
09:39:42,09:39:42,77.0,0.01,59,454300,买盘,2017-06-29,2017-06-29 09:39:42
09:39:45,09:39:45,76.99,-0.01,70,538930,卖盘,2017-06-29,2017-06-29 09:39:45
09:39:48,09:39:48,77.0,0.01,30,231000,中性盘,2017-06-29,2017-06-29 09:39:48
09:39:51,09:39:51,77.0,--,51,392700,卖盘,2017-06-29,2017-06-29 09:39:51
09:39:54,09:39:54,77.2,0.2,31,244724,买盘,2017-06-29,2017-06-29 09:39:54
09:39:57,09:39:57,77.04,-0.16,44,338976,卖盘,2017-06-29,2017-06-29 09:39:57
09:40:00,09:40:00,77.25,0.21,48,376207,买盘,2017-06-29,2017-06-29 09:40:00
09:40:03,09:40:03,77.04,-0.21,48,369792,卖盘,2017-06-29,2017-06-29 09:40:03
09:40:06,09:40:06,77.0,-0.04,20,154000,卖盘,2017-06-29,2017-06-29 09:40:06
09:40:09,09:40:09,77.02,0.02,25,200097,中性盘,2017-06-29,2017-06-29 09:40:09
09:40:12,09:40:12,77.0,-0.02,18,143990,卖盘,2017-06-29,2017-06-29 09:40:12
09:40:15,09:40:15,77.18,0.18,40,311807,买盘,2017-06-29,2017-06-29 09:40:15
09:40:18,09:40:18,77.02,-0.16,55,429001,中性盘,2017-06-29,2017-06-29 09:40:18
09:40:21,09:40:21,77.0,-0.02,61,469700,买盘,2017-06-29,2017-06-29 09:40:21
09:40:24,09:40:24,76.99,-0.01,63,485036,卖盘,2017-06-29,2017-06-29 09:40:24
09:40:27,09:40:27,77.0,0.01,56,431200,买盘,2017-06-29,2017-06-29 09:40:27
09:40:30,09:40:30,77.0,--,36,277431,卖盘,2017-06-29,2017-06-29 09:40:30
09:40:33,09:40:33,77.15,0.15,28,216020,买盘,2017-06-29,2017-06-29 09:40:33
09:40:36,09:40:36,77.03,-0.12,3,23109,中性盘,2017-06-29,2017-06-29 09:40:36
09:40:39,09:40:39,77.01,-0.02,56,435876,卖盘,2017-06-29,2017-06-29 09:40:39
09:40:42,09:40:42,77.15,0.14,22,169730,买盘,2017-06-29,2017-06-29 09:40:42
09:40:45,09:40:45,77.04,-0.11,38,292752,卖盘,2017-06-29,2017-06-29 09:40:45
09:40:48,09:40:48,77.16,0.12,41,323917,买盘,2017-06-29,2017-06-29 09:40:48
09:40:51,09:40:51,77.15,-0.01,63,486045,中性盘,2017-06-29,2017-06-29 09:40:51
09:40:54,09:40:54,77.18,0.03,5,38590,买盘,2017-06-29,2017-06-29 09:40:54
09:40:57,09:40:57,77.15,-0.03,14,108010,卖盘,2017-06-29,2017-06-29 09:40:57
09:41:00,09:41:00,77.16,0.01,24,190585,中性盘,2017-06-29,2017-06-29 09:41:00
09:41:03,09:41:03,77.2,0.04,101,782808,买盘,2017-06-29,2017-06-29 09:41:03
09:41:06,09:41:06,77.19,-0.01,76,591275,卖盘,2017-06-29,2017-06-29 09:41:06
09:41:09,09:41:09,77.19,--,58,453105,买盘,2017-06-29,2017-06-29 09:41:09
09:41:12,09:41:12,77.15,-0.04,55,426639,卖盘,2017-06-29,2017-06-29 09:41:12
09:41:15,09:41:15,77.0,-0.15,77,598213,卖盘,2017-06-29,2017-06-29 09:41:15
09:41:18,09:41:18,77.0,--,7,53900,买盘,2017-06-29,2017-06-29 09:41:18
09:41:21,09:41:21,77.0,--,125,962500,买盘,2017-06-29,2017-06-29 09:41:21
09:41:24,09:41:24,76.98,-0.02,13,100074,买盘,2017-06-29,2017-06-29 09:41:24
09:41:27,09:41:27,76.83,-0.15,122,940399,卖盘,2017-06-29,2017-06-29 09:41:27
09:41:30,09:41:30,76.83,--,16,122928,买盘,2017-06-29,2017-06-29 09:41:30
09:41:33,09:41:33,76.8,-0.03,72,553267,卖盘,2017-06-29,2017-06-29 09:41:33
09:41:36,09:41:36,76.76,-0.04,38,295909,卖盘,2017-06-29,2017-06-29 09:41:36
09:41:39,09:41:39,76.8,0.04,120,926976,买盘,2017-06-29,2017-06-29 09:41:39
09:41:42,09:41:42,76.68,-0.12,8,61344,卖盘,2017-06-29,2017-06-29 09:41:42
09:41:45,09:41:45,76.68,--,16,122688,卖盘,2017-06-29,2017-06-29 09:41:45
09:41:48,09:41:48,76.76,0.08,30,230280,买盘,2017-06-29,2017-06-29 09:41:48
09:41:51,09:41:51,76.7,-0.06,31,243752,卖盘,2017-06-29,2017-06-29 09:41:51
09:41:54,09:41:54,76.8,0.1,110,844800,买盘,2017-06-29,2017-06-29 09:41:54
09:41:57,09:41:57,76.71,-0.09,73,559983,卖盘,2017-06-29,2017-06-29 09:41:57
09:42:00,09:42:00,76.82,0.11,40,314808,买盘,2017-06-29,2017-06-29 09:42:00
09:42:03,09:42:03,76.84,0.02,31,239433,买盘,2017-06-29,2017-06-29 09:42:03
09:42:06,09:42:06,76.82,-0.02,34,261187,卖盘,2017-06-29,2017-06-29 09:42:06
09:42:09,09:42:09,76.84,0.02,31,238972,买盘,2017-06-29,2017-06-29 09:42:09
09:42:12,09:42:12,76.84,--,76,586212,卖盘,2017-06-29,2017-06-29 09:42:12
09:42:15,09:42:15,76.9,0.06,62,481394,买盘,2017-06-29,2017-06-29 09:42:15
09:42:18,09:42:18,76.84,-0.06,49,384046,卖盘,2017-06-29,2017-06-29 09:42:18
09:42:21,09:42:21,76.9,0.06,22,169180,中性盘,2017-06-29,2017-06-29 09:42:21
09:42:24,09:42:24,76.9,--,47,361430,卖盘,2017-06-29,2017-06-29 09:42:24
09:42:27,09:42:27,76.9,--,37,291912,卖盘,2017-06-29,2017-06-29 09:42:27
09:42:30,09:42:30,77.0,0.1,18,143990,买盘,2017-06-29,2017-06-29 09:42:30
09:42:33,09:42:33,77.0,--,24,184800,卖盘,2017-06-29,2017-06-29 09:42:33
09:42:36,09:42:36,77.17,0.17,35,270095,买盘,2017-06-29,2017-06-29 09:42:36
09:42:39,09:42:39,77.17,--,10,82571,买盘,2017-06-29,2017-06-29 09:42:39
09:42:42,09:42:42,77.2,0.03,42,324240,买盘,2017-06-29,2017-06-29 09:42:42
09:42:45,09:42:45,77.18,-0.02,40,314122,中性盘,2017-06-29,2017-06-29 09:42:45
09:42:48,09:42:48,77.17,-0.01,48,373194,卖盘,2017-06-29,2017-06-29 09:42:48
09:42:51,09:42:51,77.29,0.12,43,337757,买盘,2017-06-29,2017-06-29 09:42:51
09:42:54,09:42:54,77.23,-0.06,105,810915,卖盘,2017-06-29,2017-06-29 09:42:54
09:42:57,09:42:57,77.3,0.07,40,310900,买盘,2017-06-29,2017-06-29 09:42:57
09:43:00,09:43:00,77.31,0.01,30,231930,中性盘,2017-06-29,2017-06-29 09:43:00
09:43:03,09:43:03,77.54,0.23,64,496256,买盘,2017-06-29,2017-06-29 09:43:03
09:43:06,09:43:06,77.56,0.02,17,131852,买盘,2017-06-29,2017-06-29 09:43:06
09:43:09,09:43:09,77.65,0.09,19,152970,买盘,2017-06-29,2017-06-29 09:43:09
09:43:12,09:43:12,77.8,0.15,23,178940,买盘,2017-06-29,2017-06-29 09:43:12
09:43:15,09:43:15,77.77,-0.03,12,93324,中性盘,2017-06-29,2017-06-29 09:43:15
09:43:18,09:43:18,77.85,0.08,157,1222245,中性盘,2017-06-29,2017-06-29 09:43:18
09:43:21,09:43:21,78.0,0.15,194,1513200,买盘,2017-06-29,2017-06-29 09:43:21
09:43:24,09:43:24,78.01,0.01,19,154459,买盘,2017-06-29,2017-06-29 09:43:24
09:43:27,09:43:27,78.0,-0.01,119,929760,卖盘,2017-06-29,2017-06-29 09:43:27
09:43:30,09:43:30,78.2,0.2,106,830327,买盘,2017-06-29,2017-06-29 09:43:30
09:43:33,09:43:33,78.2,--,17,138414,卖盘,2017-06-29,2017-06-29 09:43:33
09:43:36,09:43:36,78.27,0.07,74,579198,买盘,2017-06-29,2017-06-29 09:43:36
09:43:39,09:43:39,78.37,0.1,37,293103,买盘,2017-06-29,2017-06-29 09:43:39
09:43:42,09:43:42,78.39,0.02,23,180297,买盘,2017-06-29,2017-06-29 09:43:42
09:43:45,09:43:45,78.36,-0.03,35,279745,中性盘,2017-06-29,2017-06-29 09:43:45
09:43:48,09:43:48,78.31,-0.05,88,689128,中性盘,2017-06-29,2017-06-29 09:43:48
09:43:51,09:43:51,78.35,0.04,63,493604,买盘,2017-06-29,2017-06-29 09:43:51
09:43:54,09:43:54,78.25,-0.1,83,656517,卖盘,2017-06-29,2017-06-29 09:43:54
09:43:57,09:43:57,78.25,--,53,414725,买盘,2017-06-29,2017-06-29 09:43:57
09:44:00,09:44:00,78.35,0.1,106,833643,买盘,2017-06-29,2017-06-29 09:44:00
09:44:03,09:44:03,78.25,-0.1,52,406900,中性盘,2017-06-29,2017-06-29 09:44:03
09:44:06,09:44:06,78.25,--,54,428027,卖盘,2017-06-29,2017-06-29 09:44:06
09:44:09,09:44:09,78.33,0.08,49,386950,买盘,2017-06-29,2017-06-29 09:44:09
09:44:12,09:44:12,78.25,-0.08,54,422550,卖盘,2017-06-29,2017-06-29 09:44:12
09:44:15,09:44:15,78.33,0.08,105,827164,买盘,2017-06-29,2017-06-29 09:44:15
09:44:18,09:44:18,78.25,-0.08,87,683122,中性盘,2017-06-29,2017-06-29 09:44:18
09:44:21,09:44:21,78.25,--,41,320825,买盘,2017-06-29,2017-06-29 09:44:21
09:44:24,09:44:24,78.1,-0.15,13,101529,中性盘,2017-06-29,2017-06-29 09:44:24
09:44:27,09:44:27,78.0,-0.1,30,234000,卖盘,2017-06-29,2017-06-29 09:44:27
09:44:30,09:44:30,78.05,0.05,12,93660,中性盘,2017-06-29,2017-06-29 09:44:30
09:44:33,09:44:33,78.0,-0.05,13,101400,卖盘,2017-06-29,2017-06-29 09:44:33
09:44:36,09:44:36,77.89,-0.11,20,158895,卖盘,2017-06-29,2017-06-29 09:44:36
09:44:39,09:44:39,77.87,-0.02,9,70083,卖盘,2017-06-29,2017-06-29 09:44:39
09:44:42,09:44:42,78.0,0.13,22,178230,买盘,2017-06-29,2017-06-29 09:44:42
09:44:45,09:44:45,78.0,--,30,234000,卖盘,2017-06-29,2017-06-29 09:44:45
09:44:48,09:44:48,78.0,--,82,640770,卖盘,2017-06-29,2017-06-29 09:44:48
09:44:51,09:44:51,77.89,-0.11,7,54523,中性盘,2017-06-29,2017-06-29 09:44:51
09:44:54,09:44:54,78.0,0.11,21,163800,买盘,2017-06-29,2017-06-29 09:44:54
09:44:57,09:44:57,77.87,-0.13,32,249184,卖盘,2017-06-29,2017-06-29 09:44:57
09:45:00,09:45:00,77.87,--,8,67746,买盘,2017-06-29,2017-06-29 09:45:00
09:45:03,09:45:03,77.83,-0.04,5,41249,卖盘,2017-06-29,2017-06-29 09:45:03
09:45:06,09:45:06,77.77,-0.06,10,83213,卖盘,2017-06-29,2017-06-29 09:45:06
09:45:09,09:45:09,77.83,0.06,8,62264,买盘,2017-06-29,2017-06-29 09:45:09
09:45:12,09:45:12,77.83,--,6,46698,买盘,2017-06-29,2017-06-29 09:45:12
09:45:15,09:45:15,77.77,-0.06,24,193647,卖盘,2017-06-29,2017-06-29 09:45:15
09:45:18,09:45:18,77.87,0.1,5,39713,买盘,2017-06-29,2017-06-29 09:45:18
09:45:21,09:45:21,77.82,-0.05,24,192215,卖盘,2017-06-29,2017-06-29 09:45:21
09:45:24,09:45:24,77.81,-0.01,20,162622,卖盘,2017-06-29,2017-06-29 09:45:24
09:45:27,09:45:27,77.82,0.01,10,77820,买盘,2017-06-29,2017-06-29 09:45:27
09:45:30,09:45:30,77.81,-0.01,7,54467,卖盘,2017-06-29,2017-06-29 09:45:30
09:45:33,09:45:33,77.8,-0.01,5,41234,卖盘,2017-06-29,2017-06-29 09:45:33
09:45:36,09:45:36,77.81,0.01,52,412081,买盘,2017-06-29,2017-06-29 09:45:36
09:45:39,09:45:39,77.82,0.01,51,400461,买盘,2017-06-29,2017-06-29 09:45:39
09:45:42,09:45:42,77.82,--,7,54473,卖盘,2017-06-29,2017-06-29 09:45:42
09:45:45,09:45:45,77.82,--,19,155484,卖盘,2017-06-29,2017-06-29 09:45:45
09:45:48,09:45:48,77.85,0.03,39,303615,买盘,2017-06-29,2017-06-29 09:45:48
09:45:51,09:45:51,77.98,0.13,90,704783,买盘,2017-06-29,2017-06-29 09:45:51
09:45:54,09:45:54,77.89,-0.09,26,202514,卖盘,2017-06-29,2017-06-29 09:45:54
09:45:57,09:45:57,77.96,0.07,11,85756,中性盘,2017-06-29,2017-06-29 09:45:57
09:46:00,09:46:00,77.99,0.03,27,210573,买盘,2017-06-29,2017-06-29 09:46:00
09:46:03,09:46:03,78.0,0.01,103,803400,买盘,2017-06-29,2017-06-29 09:46:03
09:46:06,09:46:06,77.9,-0.1,62,482980,卖盘,2017-06-29,2017-06-29 09:46:06
09:46:09,09:46:09,77.9,--,317,2469430,卖盘,2017-06-29,2017-06-29 09:46:09
09:46:12,09:46:12,78.01,0.11,25,199159,买盘,2017-06-29,2017-06-29 09:46:12
09:46:15,09:46:15,78.2,0.19,36,281520,买盘,2017-06-29,2017-06-29 09:46:15
09:46:18,09:46:18,78.2,--,12,93840,卖盘,2017-06-29,2017-06-29 09:46:18
09:46:21,09:46:21,78.23,0.03,24,191819,买盘,2017-06-29,2017-06-29 09:46:21
09:46:24,09:46:24,78.2,-0.03,15,122774,卖盘,2017-06-29,2017-06-29 09:46:24
09:46:27,09:46:27,78.25,0.05,123,962475,买盘,2017-06-29,2017-06-29 09:46:27
09:46:30,09:46:30,78.25,--,37,297271,买盘,2017-06-29,2017-06-29 09:46:30
09:46:33,09:46:33,78.25,--,39,311356,买盘,2017-06-29,2017-06-29 09:46:33
09:46:36,09:46:36,78.25,--,59,469108,买盘,2017-06-29,2017-06-29 09:46:36
09:46:39,09:46:39,78.28,0.03,39,310771,买盘,2017-06-29,2017-06-29 09:46:39
09:46:42,09:46:42,78.26,-0.02,85,665210,卖盘,2017-06-29,2017-06-29 09:46:42
09:46:45,09:46:45,78.26,--,22,177650,卖盘,2017-06-29,2017-06-29 09:46:45
09:46:48,09:46:48,78.28,0.02,19,148732,买盘,2017-06-29,2017-06-29 09:46:48
09:46:51,09:46:51,78.3,0.02,33,258390,买盘,2017-06-29,2017-06-29 09:46:51
09:46:54,09:46:54,78.28,-0.02,32,250496,卖盘,2017-06-29,2017-06-29 09:46:54
09:46:57,09:46:57,78.3,0.02,51,404811,买盘,2017-06-29,2017-06-29 09:46:57
09:47:00,09:47:00,78.3,--,12,93960,卖盘,2017-06-29,2017-06-29 09:47:00
09:47:03,09:47:03,78.3,--,10,78300,卖盘,2017-06-29,2017-06-29 09:47:03
09:47:06,09:47:06,78.3,--,45,354699,卖盘,2017-06-29,2017-06-29 09:47:06
09:47:09,09:47:09,78.3,--,29,227070,买盘,2017-06-29,2017-06-29 09:47:09
09:47:12,09:47:12,78.0,-0.3,65,512070,卖盘,2017-06-29,2017-06-29 09:47:12
09:47:15,09:47:15,77.99,-0.01,5,38995,卖盘,2017-06-29,2017-06-29 09:47:15
09:47:18,09:47:18,78.0,0.01,27,210600,买盘,2017-06-29,2017-06-29 09:47:18
09:47:21,09:47:21,77.9,-0.1,134,1043860,卖盘,2017-06-29,2017-06-29 09:47:21
09:47:24,09:47:24,77.9,--,24,186960,买盘,2017-06-29,2017-06-29 09:47:24
09:47:27,09:47:27,77.9,--,26,202540,买盘,2017-06-29,2017-06-29 09:47:27
09:47:30,09:47:30,77.85,-0.05,28,225609,卖盘,2017-06-29,2017-06-29 09:47:30
09:47:33,09:47:33,77.9,0.05,55,428450,买盘,2017-06-29,2017-06-29 09:47:33
09:47:36,09:47:36,77.88,-0.02,12,101088,卖盘,2017-06-29,2017-06-29 09:47:36
09:47:39,09:47:39,77.9,0.02,3,23370,买盘,2017-06-29,2017-06-29 09:47:39
09:47:42,09:47:42,77.86,-0.04,3,23358,卖盘,2017-06-29,2017-06-29 09:47:42
09:47:45,09:47:45,77.9,0.04,46,365974,买盘,2017-06-29,2017-06-29 09:47:45
09:47:48,09:47:48,77.9,--,6,52193,卖盘,2017-06-29,2017-06-29 09:47:48
09:47:51,09:47:51,77.9,--,8,62320,卖盘,2017-06-29,2017-06-29 09:47:51
09:47:54,09:47:54,77.9,--,25,194750,卖盘,2017-06-29,2017-06-29 09:47:54
09:47:57,09:47:57,77.97,0.07,16,124752,买盘,2017-06-29,2017-06-29 09:47:57
09:48:00,09:48:00,78.0,0.03,71,553800,买盘,2017-06-29,2017-06-29 09:48:00
09:48:03,09:48:03,78.0,--,100,780000,买盘,2017-06-29,2017-06-29 09:48:03
09:48:06,09:48:06,78.0,--,23,179400,买盘,2017-06-29,2017-06-29 09:48:06
09:48:09,09:48:09,78.0,--,111,865800,买盘,2017-06-29,2017-06-29 09:48:09
09:48:12,09:48:12,78.0,--,64,499200,买盘,2017-06-29,2017-06-29 09:48:12
09:48:15,09:48:15,78.03,0.03,109,853726,买盘,2017-06-29,2017-06-29 09:48:15
09:48:18,09:48:18,78.0,-0.03,55,429000,卖盘,2017-06-29,2017-06-29 09:48:18
09:48:21,09:48:21,78.03,0.03,11,85833,中性盘,2017-06-29,2017-06-29 09:48:21
09:48:24,09:48:24,78.19,0.16,18,148404,买盘,2017-06-29,2017-06-29 09:48:24
09:48:27,09:48:27,78.29,0.1,46,363109,买盘,2017-06-29,2017-06-29 09:48:27
09:48:30,09:48:30,78.3,0.01,76,595080,买盘,2017-06-29,2017-06-29 09:48:30
09:48:33,09:48:33,78.3,--,9,70470,买盘,2017-06-29,2017-06-29 09:48:33
09:48:36,09:48:36,78.3,--,43,336690,买盘,2017-06-29,2017-06-29 09:48:36
09:48:39,09:48:39,78.29,-0.01,24,193376,买盘,2017-06-29,2017-06-29 09:48:39
09:48:42,09:48:42,78.3,0.01,43,336690,买盘,2017-06-29,2017-06-29 09:48:42
09:48:45,09:48:45,78.32,0.02,43,339438,买盘,2017-06-29,2017-06-29 09:48:45
09:48:48,09:48:48,78.27,-0.05,46,367555,卖盘,2017-06-29,2017-06-29 09:48:48
09:48:51,09:48:51,78.34,0.07,57,447556,买盘,2017-06-29,2017-06-29 09:48:51
09:48:54,09:48:54,78.32,-0.02,65,515893,卖盘,2017-06-29,2017-06-29 09:48:54
09:48:57,09:48:57,78.34,0.02,65,514693,中性盘,2017-06-29,2017-06-29 09:48:57
09:49:00,09:49:00,78.45,0.11,26,208127,买盘,2017-06-29,2017-06-29 09:49:00
09:49:03,09:49:03,78.41,-0.04,16,125456,卖盘,2017-06-29,2017-06-29 09:49:03
09:49:06,09:49:06,78.46,0.05,20,156920,买盘,2017-06-29,2017-06-29 09:49:06
09:49:09,09:49:09,78.3,-0.16,187,1470239,卖盘,2017-06-29,2017-06-29 09:49:09
09:49:12,09:49:12,78.3,--,40,313200,买盘,2017-06-29,2017-06-29 09:49:12
09:49:15,09:49:15,78.3,--,46,360180,买盘,2017-06-29,2017-06-29 09:49:15
09:49:18,09:49:18,78.41,0.11,73,572393,买盘,2017-06-29,2017-06-29 09:49:18
09:49:21,09:49:21,78.46,0.05,42,336828,买盘,2017-06-29,2017-06-29 09:49:21
09:49:24,09:49:24,78.41,-0.05,178,1401186,卖盘,2017-06-29,2017-06-29 09:49:24
09:49:27,09:49:27,78.3,-0.11,25,195750,中性盘,2017-06-29,2017-06-29 09:49:27
09:49:30,09:49:30,78.3,--,28,219240,买盘,2017-06-29,2017-06-29 09:49:30
09:49:33,09:49:33,78.28,-0.02,194,1518632,中性盘,2017-06-29,2017-06-29 09:49:33
09:49:36,09:49:36,78.2,-0.08,14,109480,卖盘,2017-06-29,2017-06-29 09:49:36
09:49:39,09:49:39,78.21,0.01,30,237523,中性盘,2017-06-29,2017-06-29 09:49:39
09:49:42,09:49:42,78.03,-0.18,9,70227,卖盘,2017-06-29,2017-06-29 09:49:42
09:49:48,09:49:48,78.12,0.09,5,44528,买盘,2017-06-29,2017-06-29 09:49:48
09:49:51,09:49:51,78.2,0.08,11,86020,买盘,2017-06-29,2017-06-29 09:49:51
09:49:54,09:49:54,78.12,-0.08,21,164052,中性盘,2017-06-29,2017-06-29 09:49:54
09:49:57,09:49:57,78.08,-0.04,34,273123,卖盘,2017-06-29,2017-06-29 09:49:57
09:50:00,09:50:00,78.21,0.13,22,177536,买盘,2017-06-29,2017-06-29 09:50:00
09:50:03,09:50:03,78.2,-0.01,10,81328,卖盘,2017-06-29,2017-06-29 09:50:03
09:50:06,09:50:06,78.2,--,41,320620,卖盘,2017-06-29,2017-06-29 09:50:06
09:50:09,09:50:09,78.2,--,23,186898,卖盘,2017-06-29,2017-06-29 09:50:09
09:50:12,09:50:12,78.1,-0.1,34,265540,卖盘,2017-06-29,2017-06-29 09:50:12
09:50:15,09:50:15,78.1,--,57,445169,买盘,2017-06-29,2017-06-29 09:50:15
09:50:18,09:50:18,78.08,-0.02,13,101504,卖盘,2017-06-29,2017-06-29 09:50:18
09:50:21,09:50:21,78.07,-0.01,7,60113,卖盘,2017-06-29,2017-06-29 09:50:21
09:50:24,09:50:24,78.09,0.02,33,263163,买盘,2017-06-29,2017-06-29 09:50:24
09:50:27,09:50:27,78.07,-0.02,11,85876,卖盘,2017-06-29,2017-06-29 09:50:27
09:50:30,09:50:30,78.09,0.02,9,70281,买盘,2017-06-29,2017-06-29 09:50:30
09:50:33,09:50:33,78.08,-0.01,26,203008,中性盘,2017-06-29,2017-06-29 09:50:33
09:50:36,09:50:36,78.1,0.02,117,913769,买盘,2017-06-29,2017-06-29 09:50:36
09:50:39,09:50:39,78.02,-0.08,22,179289,卖盘,2017-06-29,2017-06-29 09:50:39
09:50:42,09:50:42,78.0,-0.02,220,1723176,卖盘,2017-06-29,2017-06-29 09:50:42
09:50:45,09:50:45,78.0,--,10,78000,买盘,2017-06-29,2017-06-29 09:50:45
09:50:48,09:50:48,78.0,--,30,234000,买盘,2017-06-29,2017-06-29 09:50:48
09:50:51,09:50:51,78.0,--,18,140400,买盘,2017-06-29,2017-06-29 09:50:51
09:50:54,09:50:54,77.88,-0.12,4,31152,卖盘,2017-06-29,2017-06-29 09:50:54
09:50:57,09:50:57,77.85,-0.03,37,288045,卖盘,2017-06-29,2017-06-29 09:50:57
09:51:00,09:51:00,77.85,--,5,38925,买盘,2017-06-29,2017-06-29 09:51:00
09:51:03,09:51:03,77.86,0.01,17,132362,买盘,2017-06-29,2017-06-29 09:51:03
09:51:06,09:51:06,77.86,--,25,194650,买盘,2017-06-29,2017-06-29 09:51:06
09:51:09,09:51:09,77.81,-0.05,21,163401,中性盘,2017-06-29,2017-06-29 09:51:09
09:51:12,09:51:12,77.8,-0.01,65,513324,卖盘,2017-06-29,2017-06-29 09:51:12
09:51:15,09:51:15,77.79,-0.01,70,544530,卖盘,2017-06-29,2017-06-29 09:51:15
09:51:18,09:51:18,77.8,0.01,6,46680,中性盘,2017-06-29,2017-06-29 09:51:18
09:51:21,09:51:21,77.79,-0.01,3,28782,卖盘,2017-06-29,2017-06-29 09:51:21
09:51:24,09:51:24,77.79,--,21,163359,卖盘,2017-06-29,2017-06-29 09:51:24
09:51:27,09:51:27,77.77,-0.02,24,194269,卖盘,2017-06-29,2017-06-29 09:51:27
09:51:30,09:51:30,77.77,--,27,209979,卖盘,2017-06-29,2017-06-29 09:51:30
09:51:33,09:51:33,77.7,-0.07,7,54390,卖盘,2017-06-29,2017-06-29 09:51:33
09:51:36,09:51:36,77.69,-0.01,7,54383,卖盘,2017-06-29,2017-06-29 09:51:36
09:51:39,09:51:39,77.77,0.08,18,139986,买盘,2017-06-29,2017-06-29 09:51:39
09:51:42,09:51:42,77.78,0.01,33,256674,买盘,2017-06-29,2017-06-29 09:51:42
09:51:45,09:51:45,77.69,-0.09,15,116535,卖盘,2017-06-29,2017-06-29 09:51:45
09:51:48,09:51:48,77.7,0.01,29,232633,买盘,2017-06-29,2017-06-29 09:51:48
09:51:51,09:51:51,77.69,-0.01,9,69921,买盘,2017-06-29,2017-06-29 09:51:51
09:51:54,09:51:54,77.6,-0.09,15,116399,买盘,2017-06-29,2017-06-29 09:51:54
09:51:57,09:51:57,77.57,-0.03,20,155140,中性盘,2017-06-29,2017-06-29 09:51:57
09:52:00,09:52:00,77.53,-0.04,4,31012,卖盘,2017-06-29,2017-06-29 09:52:00
09:52:03,09:52:03,77.55,0.02,31,247849,买盘,2017-06-29,2017-06-29 09:52:03
09:52:06,09:52:06,77.57,0.02,33,263582,买盘,2017-06-29,2017-06-29 09:52:06
09:52:09,09:52:09,77.6,0.03,78,605280,买盘,2017-06-29,2017-06-29 09:52:09
09:52:12,09:52:12,77.68,0.08,37,287416,买盘,2017-06-29,2017-06-29 09:52:12
09:52:15,09:52:15,77.58,-0.1,13,106284,中性盘,2017-06-29,2017-06-29 09:52:15
09:52:18,09:52:18,77.59,0.01,16,124144,买盘,2017-06-29,2017-06-29 09:52:18
09:52:21,09:52:21,77.59,--,36,279324,买盘,2017-06-29,2017-06-29 09:52:21
09:52:24,09:52:24,77.79,0.2,75,588870,买盘,2017-06-29,2017-06-29 09:52:24
09:52:27,09:52:27,77.68,-0.11,89,691352,卖盘,2017-06-29,2017-06-29 09:52:27
09:52:30,09:52:30,77.8,0.12,23,178940,买盘,2017-06-29,2017-06-29 09:52:30
09:52:33,09:52:33,77.6,-0.2,32,248319,卖盘,2017-06-29,2017-06-29 09:52:33
09:52:36,09:52:36,77.72,0.12,35,272020,买盘,2017-06-29,2017-06-29 09:52:36
09:52:39,09:52:39,77.7,-0.02,13,108624,中性盘,2017-06-29,2017-06-29 09:52:39
09:52:42,09:52:42,77.7,--,3,23310,买盘,2017-06-29,2017-06-29 09:52:42
09:52:45,09:52:45,77.68,-0.02,128,994304,卖盘,2017-06-29,2017-06-29 09:52:45
09:52:48,09:52:48,77.61,-0.07,27,209547,卖盘,2017-06-29,2017-06-29 09:52:48
09:52:51,09:52:51,77.8,0.19,27,210060,买盘,2017-06-29,2017-06-29 09:52:51
09:52:54,09:52:54,77.7,-0.1,4,31080,中性盘,2017-06-29,2017-06-29 09:52:54
09:52:57,09:52:57,77.77,0.07,1,7777,中性盘,2017-06-29,2017-06-29 09:52:57
09:53:00,09:53:00,77.8,0.03,20,163224,买盘,2017-06-29,2017-06-29 09:53:00
09:53:03,09:53:03,77.89,0.09,10,83342,买盘,2017-06-29,2017-06-29 09:53:03
09:53:06,09:53:06,77.79,-0.1,5,44340,卖盘,2017-06-29,2017-06-29 09:53:06
09:53:09,09:53:09,77.8,0.01,10,77800,买盘,2017-06-29,2017-06-29 09:53:09
09:53:12,09:53:12,77.8,--,9,70020,买盘,2017-06-29,2017-06-29 09:53:12
09:53:15,09:53:15,77.88,0.08,9,70092,买盘,2017-06-29,2017-06-29 09:53:15
09:53:18,09:53:18,77.68,-0.2,69,535992,卖盘,2017-06-29,2017-06-29 09:53:18
09:53:21,09:53:21,77.68,--,1,7768,卖盘,2017-06-29,2017-06-29 09:53:21
09:53:24,09:53:24,77.7,0.02,20,155400,中性盘,2017-06-29,2017-06-29 09:53:24
09:53:27,09:53:27,77.68,-0.02,6,46608,卖盘,2017-06-29,2017-06-29 09:53:27
09:53:30,09:53:30,77.7,0.02,4,31080,买盘,2017-06-29,2017-06-29 09:53:30
09:53:33,09:53:33,77.68,-0.02,45,353910,卖盘,2017-06-29,2017-06-29 09:53:33
09:53:36,09:53:36,77.72,0.04,5,39948,买盘,2017-06-29,2017-06-29 09:53:36
09:53:39,09:53:39,77.68,-0.04,8,62144,卖盘,2017-06-29,2017-06-29 09:53:39
09:53:42,09:53:42,77.68,--,15,116520,买盘,2017-06-29,2017-06-29 09:53:42
09:53:45,09:53:45,77.61,-0.07,8,62088,卖盘,2017-06-29,2017-06-29 09:53:45
09:53:48,09:53:48,77.68,0.07,12,93216,买盘,2017-06-29,2017-06-29 09:53:48
09:53:51,09:53:51,77.6,-0.08,6,46560,卖盘,2017-06-29,2017-06-29 09:53:51
09:53:54,09:53:54,77.6,--,11,85360,卖盘,2017-06-29,2017-06-29 09:53:54
09:53:57,09:53:57,77.6,--,41,318625,卖盘,2017-06-29,2017-06-29 09:53:57
09:54:00,09:54:00,77.6,--,5,38800,买盘,2017-06-29,2017-06-29 09:54:00
09:54:03,09:54:03,77.6,--,34,263840,买盘,2017-06-29,2017-06-29 09:54:03
09:54:06,09:54:06,77.6,--,14,108639,买盘,2017-06-29,2017-06-29 09:54:06
09:54:09,09:54:09,77.57,-0.03,13,100840,卖盘,2017-06-29,2017-06-29 09:54:09
09:54:12,09:54:12,77.6,0.03,37,292552,买盘,2017-06-29,2017-06-29 09:54:12
09:54:15,09:54:15,77.53,-0.07,8,62024,卖盘,2017-06-29,2017-06-29 09:54:15
09:54:18,09:54:18,77.57,0.04,48,372335,中性盘,2017-06-29,2017-06-29 09:54:18
09:54:21,09:54:21,77.5,-0.07,172,1335635,卖盘,2017-06-29,2017-06-29 09:54:21
09:54:24,09:54:24,77.56,0.06,65,504140,买盘,2017-06-29,2017-06-29 09:54:24
09:54:27,09:54:27,77.4,-0.16,7,54180,卖盘,2017-06-29,2017-06-29 09:54:27
09:54:30,09:54:30,77.4,--,20,154800,卖盘,2017-06-29,2017-06-29 09:54:30
09:54:33,09:54:33,77.5,0.1,15,116250,卖盘,2017-06-29,2017-06-29 09:54:33
09:54:36,09:54:36,77.5,--,36,279000,卖盘,2017-06-29,2017-06-29 09:54:36
09:54:39,09:54:39,77.53,0.03,10,77530,买盘,2017-06-29,2017-06-29 09:54:39
09:54:42,09:54:42,77.5,-0.03,1,7750,买盘,2017-06-29,2017-06-29 09:54:42
09:54:45,09:54:45,77.46,-0.04,7,54221,买盘,2017-06-29,2017-06-29 09:54:45
09:54:48,09:54:48,77.4,-0.06,34,263160,卖盘,2017-06-29,2017-06-29 09:54:48
09:54:51,09:54:51,77.45,0.05,10,77450,买盘,2017-06-29,2017-06-29 09:54:51
09:54:54,09:54:54,77.41,-0.04,20,154820,卖盘,2017-06-29,2017-06-29 09:54:54
09:54:57,09:54:57,77.5,0.09,15,116250,买盘,2017-06-29,2017-06-29 09:54:57
09:55:00,09:55:00,77.41,-0.09,26,201266,卖盘,2017-06-29,2017-06-29 09:55:00
09:55:03,09:55:03,77.46,0.05,44,340824,中性盘,2017-06-29,2017-06-29 09:55:03
09:55:06,09:55:06,77.45,-0.01,42,325290,买盘,2017-06-29,2017-06-29 09:55:06
09:55:09,09:55:09,77.4,-0.05,36,278640,卖盘,2017-06-29,2017-06-29 09:55:09
09:55:12,09:55:12,77.46,0.06,7,54221,买盘,2017-06-29,2017-06-29 09:55:12
09:55:15,09:55:15,77.42,-0.04,15,121549,卖盘,2017-06-29,2017-06-29 09:55:15
09:55:18,09:55:18,77.45,0.03,8,61960,买盘,2017-06-29,2017-06-29 09:55:18
09:55:21,09:55:21,77.42,-0.03,54,421164,卖盘,2017-06-29,2017-06-29 09:55:21
09:55:24,09:55:24,77.5,0.08,41,320695,卖盘,2017-06-29,2017-06-29 09:55:24
09:55:27,09:55:27,77.55,0.05,10,82978,买盘,2017-06-29,2017-06-29 09:55:27
09:55:30,09:55:30,77.56,0.01,10,77560,买盘,2017-06-29,2017-06-29 09:55:30
09:55:33,09:55:33,77.5,-0.06,20,155000,卖盘,2017-06-29,2017-06-29 09:55:33
09:55:36,09:55:36,77.59,0.09,28,222683,买盘,2017-06-29,2017-06-29 09:55:36
09:55:39,09:55:39,77.55,-0.04,5,38775,卖盘,2017-06-29,2017-06-29 09:55:39
09:55:42,09:55:42,77.6,0.05,10,77600,买盘,2017-06-29,2017-06-29 09:55:42
09:55:45,09:55:45,77.6,--,20,160632,买盘,2017-06-29,2017-06-29 09:55:45
09:55:48,09:55:48,77.62,0.02,25,199328,中性盘,2017-06-29,2017-06-29 09:55:48
09:55:51,09:55:51,77.67,0.05,23,178641,买盘,2017-06-29,2017-06-29 09:55:51
09:55:54,09:55:54,77.67,--,6,49708,卖盘,2017-06-29,2017-06-29 09:55:54
09:55:57,09:55:57,77.6,-0.07,8,62079,卖盘,2017-06-29,2017-06-29 09:55:57
09:56:00,09:56:00,77.69,0.09,6,46614,卖盘,2017-06-29,2017-06-29 09:56:00
09:56:03,09:56:03,77.8,0.11,33,256740,买盘,2017-06-29,2017-06-29 09:56:03
09:56:06,09:56:06,77.7,-0.1,8,62160,中性盘,2017-06-29,2017-06-29 09:56:06
09:56:09,09:56:09,77.8,0.1,47,372973,买盘,2017-06-29,2017-06-29 09:56:09
09:56:12,09:56:12,77.88,0.08,7,54516,买盘,2017-06-29,2017-06-29 09:56:12
09:56:15,09:56:15,78.0,0.12,111,867984,买盘,2017-06-29,2017-06-29 09:56:15
09:56:18,09:56:18,78.0,--,10,78000,卖盘,2017-06-29,2017-06-29 09:56:18
09:56:21,09:56:21,78.02,0.02,3,23406,买盘,2017-06-29,2017-06-29 09:56:21
09:56:24,09:56:24,78.0,-0.02,12,93600,卖盘,2017-06-29,2017-06-29 09:56:24
09:56:27,09:56:27,78.09,0.09,15,117135,买盘,2017-06-29,2017-06-29 09:56:27
09:56:30,09:56:30,78.02,-0.07,7,54614,卖盘,2017-06-29,2017-06-29 09:56:30
09:56:33,09:56:33,78.15,0.13,69,546737,买盘,2017-06-29,2017-06-29 09:56:33
09:56:36,09:56:36,78.11,-0.04,12,101386,中性盘,2017-06-29,2017-06-29 09:56:36
09:56:39,09:56:39,78.15,0.04,10,83620,买盘,2017-06-29,2017-06-29 09:56:39
09:56:42,09:56:42,78.18,0.03,18,140724,买盘,2017-06-29,2017-06-29 09:56:42
09:56:45,09:56:45,78.18,--,12,93816,买盘,2017-06-29,2017-06-29 09:56:45
09:56:48,09:56:48,78.12,-0.06,42,328104,卖盘,2017-06-29,2017-06-29 09:56:48
09:56:51,09:56:51,78.2,0.08,3,23460,买盘,2017-06-29,2017-06-29 09:56:51
09:56:54,09:56:54,78.25,0.05,46,359950,买盘,2017-06-29,2017-06-29 09:56:54
09:56:57,09:56:57,78.25,--,17,138502,买盘,2017-06-29,2017-06-29 09:56:57
09:57:00,09:57:00,78.25,--,27,211275,卖盘,2017-06-29,2017-06-29 09:57:00
09:57:03,09:57:03,78.25,--,11,86075,卖盘,2017-06-29,2017-06-29 09:57:03
09:57:06,09:57:06,78.25,--,64,500800,卖盘,2017-06-29,2017-06-29 09:57:06
09:57:09,09:57:09,78.21,-0.04,6,46925,卖盘,2017-06-29,2017-06-29 09:57:09
09:57:12,09:57:12,78.21,--,79,623333,卖盘,2017-06-29,2017-06-29 09:57:12
09:57:15,09:57:15,78.2,-0.01,17,132940,卖盘,2017-06-29,2017-06-29 09:57:15
09:57:18,09:57:18,78.19,-0.01,25,200166,卖盘,2017-06-29,2017-06-29 09:57:18
09:57:21,09:57:21,78.2,0.01,11,89148,买盘,2017-06-29,2017-06-29 09:57:21
09:57:24,09:57:24,78.18,-0.02,22,171996,卖盘,2017-06-29,2017-06-29 09:57:24
09:57:27,09:57:27,78.18,--,29,226722,卖盘,2017-06-29,2017-06-29 09:57:27
09:57:30,09:57:30,78.18,--,41,325228,卖盘,2017-06-29,2017-06-29 09:57:30
09:57:33,09:57:33,78.2,0.02,26,203320,买盘,2017-06-29,2017-06-29 09:57:33
09:57:36,09:57:36,78.05,-0.15,62,489373,卖盘,2017-06-29,2017-06-29 09:57:36
09:57:39,09:57:39,78.1,0.05,23,179630,买盘,2017-06-29,2017-06-29 09:57:39
09:57:42,09:57:42,78.03,-0.07,6,46818,卖盘,2017-06-29,2017-06-29 09:57:42
09:57:45,09:57:45,78.0,-0.03,15,119496,卖盘,2017-06-29,2017-06-29 09:57:45
09:57:48,09:57:48,78.0,--,19,148200,卖盘,2017-06-29,2017-06-29 09:57:48
09:57:51,09:57:51,78.0,--,6,46800,卖盘,2017-06-29,2017-06-29 09:57:51
09:57:54,09:57:54,78.0,--,3,23400,中性盘,2017-06-29,2017-06-29 09:57:54
09:57:57,09:57:57,78.03,0.03,60,468180,买盘,2017-06-29,2017-06-29 09:57:57
09:58:00,09:58:00,77.88,-0.15,13,106695,卖盘,2017-06-29,2017-06-29 09:58:00
09:58:03,09:58:03,78.0,0.12,31,241800,买盘,2017-06-29,2017-06-29 09:58:03
09:58:06,09:58:06,78.0,--,11,85800,卖盘,2017-06-29,2017-06-29 09:58:06
09:58:09,09:58:09,78.0,--,8,62400,卖盘,2017-06-29,2017-06-29 09:58:09
09:58:12,09:58:12,78.05,0.05,41,320629,买盘,2017-06-29,2017-06-29 09:58:12
09:58:15,09:58:15,78.05,--,39,304395,卖盘,2017-06-29,2017-06-29 09:58:15
09:58:18,09:58:18,78.0,-0.05,32,249600,卖盘,2017-06-29,2017-06-29 09:58:18
09:58:21,09:58:21,78.05,0.05,6,46830,买盘,2017-06-29,2017-06-29 09:58:21
09:58:24,09:58:24,77.9,-0.15,17,139596,卖盘,2017-06-29,2017-06-29 09:58:24
09:58:27,09:58:27,77.9,--,16,124640,卖盘,2017-06-29,2017-06-29 09:58:27
09:58:30,09:58:30,78.0,0.1,11,85800,买盘,2017-06-29,2017-06-29 09:58:30
09:58:33,09:58:33,78.05,0.05,14,109270,买盘,2017-06-29,2017-06-29 09:58:33
09:58:39,09:58:39,78.04,-0.01,32,249728,中性盘,2017-06-29,2017-06-29 09:58:39
09:58:42,09:58:42,78.0,-0.04,8,62400,卖盘,2017-06-29,2017-06-29 09:58:42
09:58:45,09:58:45,78.0,--,12,93600,买盘,2017-06-29,2017-06-29 09:58:45
09:58:48,09:58:48,77.91,-0.09,27,210357,卖盘,2017-06-29,2017-06-29 09:58:48
09:58:51,09:58:51,77.98,0.07,6,46788,卖盘,2017-06-29,2017-06-29 09:58:51
09:58:54,09:58:54,78.0,0.02,5,39000,买盘,2017-06-29,2017-06-29 09:58:54
09:58:57,09:58:57,78.0,--,33,262548,买盘,2017-06-29,2017-06-29 09:58:57
09:59:00,09:59:00,78.0,--,50,390000,买盘,2017-06-29,2017-06-29 09:59:00
09:59:03,09:59:03,78.0,--,41,319800,买盘,2017-06-29,2017-06-29 09:59:03
09:59:06,09:59:06,77.99,-0.01,4,31195,卖盘,2017-06-29,2017-06-29 09:59:06
09:59:09,09:59:09,77.96,-0.03,11,91213,卖盘,2017-06-29,2017-06-29 09:59:09
09:59:12,09:59:12,78.02,0.06,7,54614,买盘,2017-06-29,2017-06-29 09:59:12
09:59:15,09:59:15,78.0,-0.02,5,39000,卖盘,2017-06-29,2017-06-29 09:59:15
09:59:18,09:59:18,78.0,--,4,31200,卖盘,2017-06-29,2017-06-29 09:59:18
09:59:21,09:59:21,78.0,--,8,67860,卖盘,2017-06-29,2017-06-29 09:59:21
09:59:24,09:59:24,77.99,-0.01,11,88128,卖盘,2017-06-29,2017-06-29 09:59:24
09:59:30,09:59:30,77.99,--,13,101387,买盘,2017-06-29,2017-06-29 09:59:30
09:59:33,09:59:33,77.96,-0.03,17,132532,卖盘,2017-06-29,2017-06-29 09:59:33
09:59:36,09:59:36,77.85,-0.11,14,111325,卖盘,2017-06-29,2017-06-29 09:59:36
09:59:39,09:59:39,78.0,0.15,8,62400,买盘,2017-06-29,2017-06-29 09:59:39
09:59:42,09:59:42,77.81,-0.19,7,54467,卖盘,2017-06-29,2017-06-29 09:59:42
09:59:45,09:59:45,77.81,--,3,23343,卖盘,2017-06-29,2017-06-29 09:59:45
09:59:48,09:59:48,77.88,0.07,2,15576,买盘,2017-06-29,2017-06-29 09:59:48
09:59:51,09:59:51,77.78,-0.1,40,316097,卖盘,2017-06-29,2017-06-29 09:59:51
09:59:54,09:59:54,77.78,--,3,23334,买盘,2017-06-29,2017-06-29 09:59:54
09:59:57,09:59:57,77.75,-0.03,1,7775,卖盘,2017-06-29,2017-06-29 09:59:57
10:00:00,10:00:00,77.75,--,3,23325,买盘,2017-06-29,2017-06-29 10:00:00
10:00:03,10:00:03,77.77,0.02,21,163317,买盘,2017-06-29,2017-06-29 10:00:03
10:00:06,10:00:06,77.62,-0.15,49,385771,卖盘,2017-06-29,2017-06-29 10:00:06
10:00:12,10:00:12,77.63,0.01,2,20960,中性盘,2017-06-29,2017-06-29 10:00:12
10:00:15,10:00:15,77.63,--,4,31052,卖盘,2017-06-29,2017-06-29 10:00:15
10:00:18,10:00:18,77.7,0.07,38,297280,买盘,2017-06-29,2017-06-29 10:00:18
10:00:21,10:00:21,77.7,--,8,62160,买盘,2017-06-29,2017-06-29 10:00:21
10:00:24,10:00:24,77.65,-0.05,38,302369,卖盘,2017-06-29,2017-06-29 10:00:24
10:00:27,10:00:27,77.65,--,17,132005,卖盘,2017-06-29,2017-06-29 10:00:27
10:00:30,10:00:30,77.68,0.03,15,116520,中性盘,2017-06-29,2017-06-29 10:00:30
10:00:33,10:00:33,77.66,-0.02,5,38830,中性盘,2017-06-29,2017-06-29 10:00:33
10:00:36,10:00:36,77.64,-0.02,9,69876,卖盘,2017-06-29,2017-06-29 10:00:36
10:00:39,10:00:39,77.65,0.01,6,46590,中性盘,2017-06-29,2017-06-29 10:00:39
10:00:42,10:00:42,77.66,0.01,23,178618,卖盘,2017-06-29,2017-06-29 10:00:42
10:00:45,10:00:45,77.65,-0.01,14,109331,中性盘,2017-06-29,2017-06-29 10:00:45
10:00:48,10:00:48,77.7,0.05,6,46620,买盘,2017-06-29,2017-06-29 10:00:48
10:00:51,10:00:51,77.69,-0.01,7,57490,卖盘,2017-06-29,2017-06-29 10:00:51
10:00:54,10:00:54,77.7,0.01,5,38850,买盘,2017-06-29,2017-06-29 10:00:54
10:00:57,10:00:57,77.7,--,6,46620,卖盘,2017-06-29,2017-06-29 10:00:57
10:01:00,10:01:00,77.7,--,6,47397,卖盘,2017-06-29,2017-06-29 10:01:00
10:01:03,10:01:03,77.75,0.05,12,93300,买盘,2017-06-29,2017-06-29 10:01:03
10:01:06,10:01:06,77.75,--,7,54425,卖盘,2017-06-29,2017-06-29 10:01:06
10:01:09,10:01:09,77.77,0.02,7,54439,买盘,2017-06-29,2017-06-29 10:01:09
10:01:12,10:01:12,77.75,-0.02,1,7775,卖盘,2017-06-29,2017-06-29 10:01:12
10:01:15,10:01:15,77.77,0.02,16,124432,买盘,2017-06-29,2017-06-29 10:01:15
10:01:18,10:01:18,77.76,-0.01,17,132192,卖盘,2017-06-29,2017-06-29 10:01:18
10:01:21,10:01:21,77.77,0.01,33,256641,中性盘,2017-06-29,2017-06-29 10:01:21
10:01:24,10:01:24,77.78,0.01,23,178894,买盘,2017-06-29,2017-06-29 10:01:24
10:01:27,10:01:27,77.77,-0.01,5,38885,中性盘,2017-06-29,2017-06-29 10:01:27
10:01:30,10:01:30,77.75,-0.02,2,20992,卖盘,2017-06-29,2017-06-29 10:01:30
10:01:33,10:01:33,77.77,0.02,14,112455,买盘,2017-06-29,2017-06-29 10:01:33
10:01:36,10:01:36,77.75,-0.02,8,67642,卖盘,2017-06-29,2017-06-29 10:01:36
10:01:42,10:01:42,77.8,0.05,7,54460,买盘,2017-06-29,2017-06-29 10:01:42
10:01:45,10:01:45,77.8,--,17,137706,买盘,2017-06-29,2017-06-29 10:01:45
10:01:48,10:01:48,77.8,--,6,46680,卖盘,2017-06-29,2017-06-29 10:01:48
10:01:51,10:01:51,77.8,--,12,93360,卖盘,2017-06-29,2017-06-29 10:01:51
10:01:54,10:01:54,77.8,--,7,59906,卖盘,2017-06-29,2017-06-29 10:01:54
10:01:57,10:01:57,77.81,0.01,5,38905,中性盘,2017-06-29,2017-06-29 10:01:57
10:02:00,10:02:00,77.88,0.07,7,54516,买盘,2017-06-29,2017-06-29 10:02:00
10:02:03,10:02:03,77.81,-0.07,2,21008,卖盘,2017-06-29,2017-06-29 10:02:03
10:02:06,10:02:06,77.88,0.07,1,7788,买盘,2017-06-29,2017-06-29 10:02:06
10:02:09,10:02:09,77.81,-0.07,20,155620,卖盘,2017-06-29,2017-06-29 10:02:09
10:02:15,10:02:15,77.92,0.11,11,85712,买盘,2017-06-29,2017-06-29 10:02:15
10:02:18,10:02:18,77.9,-0.02,8,62320,卖盘,2017-06-29,2017-06-29 10:02:18
10:02:21,10:02:21,77.88,-0.02,7,59967,卖盘,2017-06-29,2017-06-29 10:02:21
10:02:24,10:02:24,77.88,--,19,147972,卖盘,2017-06-29,2017-06-29 10:02:24
10:02:27,10:02:27,77.88,--,5,38940,卖盘,2017-06-29,2017-06-29 10:02:27
10:02:30,10:02:30,77.92,0.04,5,38960,中性盘,2017-06-29,2017-06-29 10:02:30
10:02:33,10:02:33,77.9,-0.02,7,54530,卖盘,2017-06-29,2017-06-29 10:02:33
10:02:36,10:02:36,77.94,0.04,16,124704,买盘,2017-06-29,2017-06-29 10:02:36
10:02:39,10:02:39,77.94,--,3,23382,买盘,2017-06-29,2017-06-29 10:02:39
10:02:42,10:02:42,77.94,--,6,46764,买盘,2017-06-29,2017-06-29 10:02:42
10:02:45,10:02:45,77.96,0.02,54,420983,买盘,2017-06-29,2017-06-29 10:02:45
10:02:48,10:02:48,77.93,-0.03,15,116895,卖盘,2017-06-29,2017-06-29 10:02:48
10:02:51,10:02:51,78.0,0.07,403,3149640,买盘,2017-06-29,2017-06-29 10:02:51
10:02:54,10:02:54,78.0,--,10,78000,卖盘,2017-06-29,2017-06-29 10:02:54
10:02:57,10:02:57,78.01,0.01,3,23403,买盘,2017-06-29,2017-06-29 10:02:57
10:03:00,10:03:00,78.01,--,18,140418,买盘,2017-06-29,2017-06-29 10:03:00
10:03:03,10:03:03,78.05,0.04,40,312200,买盘,2017-06-29,2017-06-29 10:03:03
10:03:06,10:03:06,78.09,0.04,32,250512,买盘,2017-06-29,2017-06-29 10:03:06
10:03:09,10:03:09,78.11,0.02,42,331186,买盘,2017-06-29,2017-06-29 10:03:09
10:03:12,10:03:12,78.18,0.07,31,242358,买盘,2017-06-29,2017-06-29 10:03:12
10:03:15,10:03:15,78.2,0.02,187,1467814,买盘,2017-06-29,2017-06-29 10:03:15
10:03:18,10:03:18,78.2,--,46,365194,卖盘,2017-06-29,2017-06-29 10:03:18
10:03:21,10:03:21,78.25,0.05,142,1111150,买盘,2017-06-29,2017-06-29 10:03:21
10:03:24,10:03:24,78.27,0.02,15,122883,买盘,2017-06-29,2017-06-29 10:03:24
10:03:27,10:03:27,78.29,0.02,40,313160,买盘,2017-06-29,2017-06-29 10:03:27
10:03:30,10:03:30,78.3,0.01,86,673849,买盘,2017-06-29,2017-06-29 10:03:30
10:03:33,10:03:33,78.38,0.08,77,609012,买盘,2017-06-29,2017-06-29 10:03:33
10:03:36,10:03:36,78.5,0.12,566,4443100,买盘,2017-06-29,2017-06-29 10:03:36
10:03:39,10:03:39,79.0,0.5,10,79000,买盘,2017-06-29,2017-06-29 10:03:39
10:03:42,10:03:42,79.0,--,20,158000,买盘,2017-06-29,2017-06-29 10:03:42
10:03:45,10:03:45,79.0,--,87,687300,买盘,2017-06-29,2017-06-29 10:03:45
10:03:48,10:03:48,79.28,0.28,40,321004,买盘,2017-06-29,2017-06-29 10:03:48
10:03:51,10:03:51,79.08,-0.2,70,553560,卖盘,2017-06-29,2017-06-29 10:03:51
10:03:54,10:03:54,79.5,0.42,17,142941,买盘,2017-06-29,2017-06-29 10:03:54
10:03:57,10:03:57,79.5,--,69,548550,买盘,2017-06-29,2017-06-29 10:03:57
10:04:00,10:04:00,79.8,0.3,81,651966,买盘,2017-06-29,2017-06-29 10:04:00
10:04:03,10:04:03,79.49,-0.31,101,805233,卖盘,2017-06-29,2017-06-29 10:04:03
10:04:06,10:04:06,79.5,0.01,37,294150,买盘,2017-06-29,2017-06-29 10:04:06
10:04:09,10:04:09,79.52,0.02,31,252078,买盘,2017-06-29,2017-06-29 10:04:09
10:04:12,10:04:12,79.8,0.28,54,430920,买盘,2017-06-29,2017-06-29 10:04:12
10:04:15,10:04:15,79.7,-0.1,136,1083920,买盘,2017-06-29,2017-06-29 10:04:15
10:04:18,10:04:18,79.7,--,33,263010,买盘,2017-06-29,2017-06-29 10:04:18
10:04:21,10:04:21,79.7,--,19,151430,买盘,2017-06-29,2017-06-29 10:04:21
10:04:24,10:04:24,79.76,0.06,378,3014928,买盘,2017-06-29,2017-06-29 10:04:24
10:04:27,10:04:27,79.77,0.01,34,271218,中性盘,2017-06-29,2017-06-29 10:04:27
10:04:30,10:04:30,79.53,-0.24,53,421509,卖盘,2017-06-29,2017-06-29 10:04:30
10:04:33,10:04:33,79.76,0.23,24,191424,买盘,2017-06-29,2017-06-29 10:04:33
10:04:36,10:04:36,79.73,-0.03,47,374731,中性盘,2017-06-29,2017-06-29 10:04:36
10:04:39,10:04:39,79.67,-0.06,39,310713,买盘,2017-06-29,2017-06-29 10:04:39
10:04:42,10:04:42,79.79,0.12,153,1220787,买盘,2017-06-29,2017-06-29 10:04:42
10:04:45,10:04:45,79.7,-0.09,30,244679,中性盘,2017-06-29,2017-06-29 10:04:45
10:04:48,10:04:48,79.74,0.04,75,598050,买盘,2017-06-29,2017-06-29 10:04:48
10:04:51,10:04:51,79.7,-0.04,188,1498360,卖盘,2017-06-29,2017-06-29 10:04:51
10:04:54,10:04:54,79.67,-0.03,60,478020,卖盘,2017-06-29,2017-06-29 10:04:54
10:04:57,10:04:57,79.65,-0.02,25,199125,买盘,2017-06-29,2017-06-29 10:04:57
10:05:00,10:05:00,79.56,-0.09,36,286416,卖盘,2017-06-29,2017-06-29 10:05:00
10:05:03,10:05:03,79.6,0.04,55,445600,中性盘,2017-06-29,2017-06-29 10:05:03
10:05:06,10:05:06,79.56,-0.04,27,214812,卖盘,2017-06-29,2017-06-29 10:05:06
10:05:09,10:05:09,79.51,-0.05,85,681082,卖盘,2017-06-29,2017-06-29 10:05:09
10:05:12,10:05:12,79.56,0.05,49,397640,中性盘,2017-06-29,2017-06-29 10:05:12
10:05:15,10:05:15,79.51,-0.05,19,151069,卖盘,2017-06-29,2017-06-29 10:05:15
10:05:18,10:05:18,79.6,0.09,77,615785,买盘,2017-06-29,2017-06-29 10:05:18
10:05:21,10:05:21,79.52,-0.08,44,349888,卖盘,2017-06-29,2017-06-29 10:05:21
10:05:24,10:05:24,79.63,0.11,48,387798,买盘,2017-06-29,2017-06-29 10:05:24
10:05:27,10:05:27,79.52,-0.11,12,95424,中性盘,2017-06-29,2017-06-29 10:05:27
10:05:30,10:05:30,79.51,-0.01,39,310089,卖盘,2017-06-29,2017-06-29 10:05:30
10:05:33,10:05:33,79.51,--,75,596325,卖盘,2017-06-29,2017-06-29 10:05:33
10:05:36,10:05:36,79.52,0.01,79,633615,卖盘,2017-06-29,2017-06-29 10:05:36
10:05:39,10:05:39,79.5,-0.02,137,1089150,卖盘,2017-06-29,2017-06-29 10:05:39
10:05:42,10:05:42,79.51,0.01,87,699210,中性盘,2017-06-29,2017-06-29 10:05:42
10:05:45,10:05:45,79.5,-0.01,22,175218,中性盘,2017-06-29,2017-06-29 10:05:45
10:05:48,10:05:48,79.2,-0.3,14,110880,卖盘,2017-06-29,2017-06-29 10:05:48
10:05:51,10:05:51,79.5,0.3,10,79500,买盘,2017-06-29,2017-06-29 10:05:51
10:05:54,10:05:54,79.34,-0.16,3,23802,买盘,2017-06-29,2017-06-29 10:05:54
10:05:57,10:05:57,79.22,-0.12,3,23766,卖盘,2017-06-29,2017-06-29 10:05:57
10:06:00,10:06:00,79.25,0.03,14,118716,中性盘,2017-06-29,2017-06-29 10:06:00
10:06:03,10:06:03,79.25,--,9,71325,卖盘,2017-06-29,2017-06-29 10:06:03
10:06:06,10:06:06,79.4,0.15,20,164358,买盘,2017-06-29,2017-06-29 10:06:06
10:06:09,10:06:09,79.3,-0.1,15,118950,卖盘,2017-06-29,2017-06-29 10:06:09
10:06:12,10:06:12,79.48,0.18,160,1271680,买盘,2017-06-29,2017-06-29 10:06:12
10:06:15,10:06:15,79.51,0.03,24,197184,买盘,2017-06-29,2017-06-29 10:06:15
10:06:18,10:06:18,79.73,0.22,258,2062615,买盘,2017-06-29,2017-06-29 10:06:18
10:06:21,10:06:21,79.75,0.02,38,303050,买盘,2017-06-29,2017-06-29 10:06:21
10:06:24,10:06:24,79.8,0.05,77,620046,买盘,2017-06-29,2017-06-29 10:06:24
10:06:27,10:06:27,79.8,--,99,793212,买盘,2017-06-29,2017-06-29 10:06:27
10:06:30,10:06:30,79.91,0.11,65,527246,买盘,2017-06-29,2017-06-29 10:06:30
10:06:33,10:06:33,79.98,0.07,147,1181864,买盘,2017-06-29,2017-06-29 10:06:33
10:06:36,10:06:36,79.99,0.01,109,871891,买盘,2017-06-29,2017-06-29 10:06:36
10:06:39,10:06:39,79.99,--,183,1463817,买盘,2017-06-29,2017-06-29 10:06:39
10:06:42,10:06:42,80.0,0.01,167,1336000,买盘,2017-06-29,2017-06-29 10:06:42
10:06:45,10:06:45,80.05,0.05,265,2129169,买盘,2017-06-29,2017-06-29 10:06:45
10:06:48,10:06:48,80.25,0.2,131,1056892,买盘,2017-06-29,2017-06-29 10:06:48
10:06:51,10:06:51,80.05,-0.2,45,368069,卖盘,2017-06-29,2017-06-29 10:06:51
10:06:54,10:06:54,80.3,0.25,142,1140260,买盘,2017-06-29,2017-06-29 10:06:54
10:06:57,10:06:57,80.43,0.13,35,281505,买盘,2017-06-29,2017-06-29 10:06:57
10:07:00,10:07:00,80.4,-0.03,54,434160,卖盘,2017-06-29,2017-06-29 10:07:00
10:07:03,10:07:03,80.4,--,105,844200,买盘,2017-06-29,2017-06-29 10:07:03
10:07:06,10:07:06,80.3,-0.1,263,2111890,卖盘,2017-06-29,2017-06-29 10:07:06
10:07:09,10:07:09,80.08,-0.22,247,1977976,卖盘,2017-06-29,2017-06-29 10:07:09
10:07:12,10:07:12,79.91,-0.17,229,1835852,卖盘,2017-06-29,2017-06-29 10:07:12
10:07:15,10:07:15,80.0,0.09,93,744000,买盘,2017-06-29,2017-06-29 10:07:15
10:07:18,10:07:18,79.91,-0.09,66,527406,卖盘,2017-06-29,2017-06-29 10:07:18
10:07:21,10:07:21,80.0,0.09,62,496000,买盘,2017-06-29,2017-06-29 10:07:21
10:07:24,10:07:24,80.0,--,8,64000,买盘,2017-06-29,2017-06-29 10:07:24
10:07:27,10:07:27,79.99,-0.01,91,727909,中性盘,2017-06-29,2017-06-29 10:07:27
10:07:30,10:07:30,79.99,--,45,365554,买盘,2017-06-29,2017-06-29 10:07:30
10:07:33,10:07:33,79.91,-0.08,34,271694,卖盘,2017-06-29,2017-06-29 10:07:33
10:07:36,10:07:36,79.99,0.08,78,624561,买盘,2017-06-29,2017-06-29 10:07:36
10:07:39,10:07:39,79.99,--,19,151981,卖盘,2017-06-29,2017-06-29 10:07:39
10:07:42,10:07:42,79.82,-0.17,247,1973310,卖盘,2017-06-29,2017-06-29 10:07:42
10:07:45,10:07:45,79.9,0.08,40,319600,中性盘,2017-06-29,2017-06-29 10:07:45
10:07:48,10:07:48,79.91,0.01,16,127856,买盘,2017-06-29,2017-06-29 10:07:48
10:07:51,10:07:51,79.95,0.04,8,63960,买盘,2017-06-29,2017-06-29 10:07:51
10:07:54,10:07:54,79.92,-0.03,14,111888,中性盘,2017-06-29,2017-06-29 10:07:54
10:07:57,10:07:57,79.92,--,25,199800,卖盘,2017-06-29,2017-06-29 10:07:57
10:08:00,10:08:00,79.96,0.04,35,279860,中性盘,2017-06-29,2017-06-29 10:08:00
10:08:03,10:08:03,79.9,-0.06,73,588863,卖盘,2017-06-29,2017-06-29 10:08:03
10:08:06,10:08:06,79.88,-0.02,20,159760,卖盘,2017-06-29,2017-06-29 10:08:06
10:08:09,10:08:09,79.9,0.02,15,119850,买盘,2017-06-29,2017-06-29 10:08:09
10:08:12,10:08:12,79.91,0.01,70,559370,买盘,2017-06-29,2017-06-29 10:08:12
10:08:15,10:08:15,79.82,-0.09,20,159640,卖盘,2017-06-29,2017-06-29 10:08:15
10:08:18,10:08:18,79.9,0.08,54,431460,卖盘,2017-06-29,2017-06-29 10:08:18
10:08:21,10:08:21,79.9,--,6,47940,买盘,2017-06-29,2017-06-29 10:08:21
10:08:24,10:08:24,79.9,--,26,213333,买盘,2017-06-29,2017-06-29 10:08:24
10:08:27,10:08:27,79.83,-0.07,39,318841,卖盘,2017-06-29,2017-06-29 10:08:27
10:08:30,10:08:30,79.94,0.11,30,239820,买盘,2017-06-29,2017-06-29 10:08:30
10:08:33,10:08:33,79.92,-0.02,125,999000,卖盘,2017-06-29,2017-06-29 10:08:33
10:08:36,10:08:36,79.94,0.02,102,815388,中性盘,2017-06-29,2017-06-29 10:08:36
10:08:39,10:08:39,80.0,0.06,50,400000,买盘,2017-06-29,2017-06-29 10:08:39
10:08:42,10:08:42,79.98,-0.02,58,463884,买盘,2017-06-29,2017-06-29 10:08:42
10:08:45,10:08:45,79.98,--,68,543864,买盘,2017-06-29,2017-06-29 10:08:45
10:08:48,10:08:48,80.0,0.02,68,544000,买盘,2017-06-29,2017-06-29 10:08:48
10:08:51,10:08:51,80.0,--,50,400000,买盘,2017-06-29,2017-06-29 10:08:51
10:08:54,10:08:54,80.05,0.05,86,692112,买盘,2017-06-29,2017-06-29 10:08:54
10:08:57,10:08:57,79.99,-0.06,73,588246,卖盘,2017-06-29,2017-06-29 10:08:57
10:09:00,10:09:00,79.99,--,21,167979,买盘,2017-06-29,2017-06-29 10:09:00
10:09:03,10:09:03,79.88,-0.11,162,1294056,卖盘,2017-06-29,2017-06-29 10:09:03
10:09:06,10:09:06,79.88,--,76,614277,买盘,2017-06-29,2017-06-29 10:09:06
10:09:09,10:09:09,79.5,-0.38,198,1574577,卖盘,2017-06-29,2017-06-29 10:09:09
10:09:12,10:09:12,79.8,0.3,41,327180,买盘,2017-06-29,2017-06-29 10:09:12
10:09:15,10:09:15,79.3,-0.5,4,31720,卖盘,2017-06-29,2017-06-29 10:09:15
10:09:18,10:09:18,79.5,0.2,2,15900,买盘,2017-06-29,2017-06-29 10:09:18
10:09:21,10:09:21,79.5,--,17,135150,买盘,2017-06-29,2017-06-29 10:09:21
10:09:24,10:09:24,79.3,-0.2,185,1467050,卖盘,2017-06-29,2017-06-29 10:09:24
10:09:27,10:09:27,79.28,-0.02,9,71352,卖盘,2017-06-29,2017-06-29 10:09:27
10:09:30,10:09:30,79.5,0.22,16,127200,买盘,2017-06-29,2017-06-29 10:09:30
10:09:33,10:09:33,79.3,-0.2,10,79300,卖盘,2017-06-29,2017-06-29 10:09:33
10:09:36,10:09:36,79.01,-0.29,32,260574,卖盘,2017-06-29,2017-06-29 10:09:36
10:09:42,10:09:42,79.28,0.27,13,103064,中性盘,2017-06-29,2017-06-29 10:09:42
10:09:45,10:09:45,79.3,0.02,15,126721,中性盘,2017-06-29,2017-06-29 10:09:45
10:09:48,10:09:48,79.25,-0.05,4,31700,中性盘,2017-06-29,2017-06-29 10:09:48
10:09:51,10:09:51,79.28,0.03,4,31712,中性盘,2017-06-29,2017-06-29 10:09:51
10:09:54,10:09:54,79.1,-0.18,3,23730,卖盘,2017-06-29,2017-06-29 10:09:54
10:09:57,10:09:57,79.22,0.12,9,71298,买盘,2017-06-29,2017-06-29 10:09:57
10:10:00,10:10:00,79.08,-0.14,11,86988,卖盘,2017-06-29,2017-06-29 10:10:00
10:10:03,10:10:03,79.12,0.04,12,100482,买盘,2017-06-29,2017-06-29 10:10:03
10:10:06,10:10:06,79.1,-0.02,19,152979,卖盘,2017-06-29,2017-06-29 10:10:06
10:10:09,10:10:09,79.1,--,11,92230,卖盘,2017-06-29,2017-06-29 10:10:09
10:10:12,10:10:12,79.1,--,31,245209,买盘,2017-06-29,2017-06-29 10:10:12
10:10:15,10:10:15,79.1,--,8,65969,买盘,2017-06-29,2017-06-29 10:10:15
10:10:18,10:10:18,79.1,--,28,227016,卖盘,2017-06-29,2017-06-29 10:10:18
10:10:21,10:10:21,79.23,0.13,8,63384,买盘,2017-06-29,2017-06-29 10:10:21
10:10:24,10:10:24,79.11,-0.12,34,268974,卖盘,2017-06-29,2017-06-29 10:10:24
10:10:27,10:10:27,79.1,-0.01,27,221163,卖盘,2017-06-29,2017-06-29 10:10:27
10:10:30,10:10:30,79.2,0.1,17,134640,中性盘,2017-06-29,2017-06-29 10:10:30
10:10:33,10:10:33,79.2,--,5,39600,卖盘,2017-06-29,2017-06-29 10:10:33
10:10:36,10:10:36,79.2,--,6,47520,买盘,2017-06-29,2017-06-29 10:10:36
10:10:39,10:10:39,79.2,--,39,308880,中性盘,2017-06-29,2017-06-29 10:10:39
10:10:42,10:10:42,79.25,0.05,5,39625,买盘,2017-06-29,2017-06-29 10:10:42
10:10:45,10:10:45,79.23,-0.02,20,166224,卖盘,2017-06-29,2017-06-29 10:10:45
10:10:48,10:10:48,79.21,-0.02,47,372286,卖盘,2017-06-29,2017-06-29 10:10:48
10:10:51,10:10:51,79.24,0.03,14,110936,买盘,2017-06-29,2017-06-29 10:10:51
10:10:54,10:10:54,79.25,0.01,46,364550,买盘,2017-06-29,2017-06-29 10:10:54
10:10:57,10:10:57,79.28,0.03,19,150632,买盘,2017-06-29,2017-06-29 10:10:57
10:11:00,10:11:00,79.25,-0.03,33,264695,卖盘,2017-06-29,2017-06-29 10:11:00
10:11:03,10:11:03,79.33,0.08,63,506125,买盘,2017-06-29,2017-06-29 10:11:03
10:11:06,10:11:06,79.33,--,2,15866,卖盘,2017-06-29,2017-06-29 10:11:06
10:11:09,10:11:09,79.3,-0.03,3,23790,卖盘,2017-06-29,2017-06-29 10:11:09
10:11:12,10:11:12,79.3,--,10,79300,卖盘,2017-06-29,2017-06-29 10:11:12
10:11:15,10:11:15,79.3,--,42,334646,卖盘,2017-06-29,2017-06-29 10:11:15
10:11:18,10:11:18,79.3,--,4,31720,买盘,2017-06-29,2017-06-29 10:11:18
10:11:21,10:11:21,79.28,-0.02,101,800728,卖盘,2017-06-29,2017-06-29 10:11:21
10:11:24,10:11:24,79.3,0.02,18,149084,买盘,2017-06-29,2017-06-29 10:11:24
10:11:27,10:11:27,79.29,-0.01,262,2081045,卖盘,2017-06-29,2017-06-29 10:11:27
10:11:30,10:11:30,79.29,--,62,491598,买盘,2017-06-29,2017-06-29 10:11:30
10:11:33,10:11:33,79.03,-0.26,151,1193353,卖盘,2017-06-29,2017-06-29 10:11:33
10:11:36,10:11:36,79.29,0.26,23,189661,买盘,2017-06-29,2017-06-29 10:11:36
10:11:39,10:11:39,79.0,-0.29,108,853516,卖盘,2017-06-29,2017-06-29 10:11:39
10:11:42,10:11:42,79.0,--,2,15800,买盘,2017-06-29,2017-06-29 10:11:42
10:11:45,10:11:45,79.0,--,5,39500,买盘,2017-06-29,2017-06-29 10:11:45
10:11:48,10:11:48,79.02,0.02,48,386881,买盘,2017-06-29,2017-06-29 10:11:48
10:11:51,10:11:51,78.99,-0.03,7,55608,卖盘,2017-06-29,2017-06-29 10:11:51
10:11:54,10:11:54,79.0,0.01,2,23384,买盘,2017-06-29,2017-06-29 10:11:54
10:11:57,10:11:57,79.2,0.2,23,182160,买盘,2017-06-29,2017-06-29 10:11:57
10:12:00,10:12:00,79.0,-0.2,20,163530,卖盘,2017-06-29,2017-06-29 10:12:00
10:12:03,10:12:03,79.0,--,10,79000,卖盘,2017-06-29,2017-06-29 10:12:03
10:12:06,10:12:06,79.0,--,40,321530,卖盘,2017-06-29,2017-06-29 10:12:06
10:12:09,10:12:09,79.25,0.25,7,55475,买盘,2017-06-29,2017-06-29 10:12:09
10:12:12,10:12:12,79.02,-0.23,10,79020,卖盘,2017-06-29,2017-06-29 10:12:12
10:12:15,10:12:15,79.19,0.17,2,15838,中性盘,2017-06-29,2017-06-29 10:12:15
10:12:18,10:12:18,79.24,0.05,23,185421,买盘,2017-06-29,2017-06-29 10:12:18
10:12:21,10:12:21,79.1,-0.14,32,258656,卖盘,2017-06-29,2017-06-29 10:12:21
10:12:24,10:12:24,79.25,0.15,13,103025,买盘,2017-06-29,2017-06-29 10:12:24
10:12:27,10:12:27,79.1,-0.15,2,15819,卖盘,2017-06-29,2017-06-29 10:12:27
10:12:30,10:12:30,79.1,--,10,84637,卖盘,2017-06-29,2017-06-29 10:12:30
10:12:33,10:12:33,79.24,0.14,10,79240,买盘,2017-06-29,2017-06-29 10:12:33
10:12:36,10:12:36,79.24,--,4,31695,卖盘,2017-06-29,2017-06-29 10:12:36
10:12:42,10:12:42,79.2,-0.04,6,47520,卖盘,2017-06-29,2017-06-29 10:12:42
10:12:45,10:12:45,79.31,0.11,95,754238,买盘,2017-06-29,2017-06-29 10:12:45
10:12:48,10:12:48,79.31,--,21,173688,买盘,2017-06-29,2017-06-29 10:12:48
10:12:51,10:12:51,79.25,-0.06,10,79250,卖盘,2017-06-29,2017-06-29 10:12:51
10:12:54,10:12:54,79.3,0.05,13,103090,中性盘,2017-06-29,2017-06-29 10:12:54
10:12:57,10:12:57,79.26,-0.04,31,251729,卖盘,2017-06-29,2017-06-29 10:12:57
10:13:00,10:13:00,79.3,0.04,17,134810,买盘,2017-06-29,2017-06-29 10:13:00
10:13:03,10:13:03,79.31,0.01,24,190344,买盘,2017-06-29,2017-06-29 10:13:03
10:13:06,10:13:06,79.3,-0.01,63,499590,卖盘,2017-06-29,2017-06-29 10:13:06
10:13:09,10:13:09,79.3,--,5,39650,卖盘,2017-06-29,2017-06-29 10:13:09
10:13:12,10:13:12,79.3,--,9,71370,买盘,2017-06-29,2017-06-29 10:13:12
10:13:15,10:13:15,79.3,--,6,47580,买盘,2017-06-29,2017-06-29 10:13:15
10:13:18,10:13:18,79.26,-0.04,11,87186,中性盘,2017-06-29,2017-06-29 10:13:18
10:13:21,10:13:21,79.2,-0.06,14,110880,买盘,2017-06-29,2017-06-29 10:13:21
10:13:24,10:13:24,79.2,--,7,55440,买盘,2017-06-29,2017-06-29 10:13:24
10:13:27,10:13:27,79.25,0.05,11,87175,买盘,2017-06-29,2017-06-29 10:13:27
10:13:30,10:13:30,79.19,-0.06,3,23757,中性盘,2017-06-29,2017-06-29 10:13:30
10:13:33,10:13:33,79.25,0.06,40,317000,买盘,2017-06-29,2017-06-29 10:13:33
10:13:36,10:13:36,79.2,-0.05,3,29304,卖盘,2017-06-29,2017-06-29 10:13:36
10:13:39,10:13:39,79.2,--,4,31680,卖盘,2017-06-29,2017-06-29 10:13:39
10:13:42,10:13:42,79.2,--,5,39600,买盘,2017-06-29,2017-06-29 10:13:42
10:13:45,10:13:45,79.0,-0.2,151,1194322,卖盘,2017-06-29,2017-06-29 10:13:45
10:13:48,10:13:48,79.2,0.2,22,180734,买盘,2017-06-29,2017-06-29 10:13:48
10:13:51,10:13:51,79.2,--,13,102960,买盘,2017-06-29,2017-06-29 10:13:51
10:13:54,10:13:54,79.0,-0.2,7,56722,卖盘,2017-06-29,2017-06-29 10:13:54
10:13:57,10:13:57,78.99,-0.01,9,71091,卖盘,2017-06-29,2017-06-29 10:13:57
10:14:00,10:14:00,79.0,0.01,15,124978,买盘,2017-06-29,2017-06-29 10:14:00
10:14:03,10:14:03,79.11,0.11,1,7911,买盘,2017-06-29,2017-06-29 10:14:03
10:14:06,10:14:06,78.99,-0.12,24,190997,卖盘,2017-06-29,2017-06-29 10:14:06
10:14:09,10:14:09,78.99,--,14,110586,买盘,2017-06-29,2017-06-29 10:14:09
10:14:12,10:14:12,79.0,0.01,17,138408,买盘,2017-06-29,2017-06-29 10:14:12
10:14:21,10:14:21,79.0,--,11,94642,卖盘,2017-06-29,2017-06-29 10:14:21
10:14:24,10:14:24,79.01,0.01,13,102713,中性盘,2017-06-29,2017-06-29 10:14:24
10:14:27,10:14:27,79.02,0.01,26,205452,中性盘,2017-06-29,2017-06-29 10:14:27
10:14:30,10:14:30,79.1,0.08,32,258656,买盘,2017-06-29,2017-06-29 10:14:30
10:14:33,10:14:33,79.1,--,45,355950,买盘,2017-06-29,2017-06-29 10:14:33
10:14:36,10:14:36,79.02,-0.08,13,105096,卖盘,2017-06-29,2017-06-29 10:14:36
10:14:39,10:14:39,79.02,--,10,79020,买盘,2017-06-29,2017-06-29 10:14:39
10:14:42,10:14:42,79.02,--,4,31608,买盘,2017-06-29,2017-06-29 10:14:42
10:14:45,10:14:45,79.1,0.08,32,258656,买盘,2017-06-29,2017-06-29 10:14:45
10:14:48,10:14:48,79.02,-0.08,17,139865,卖盘,2017-06-29,2017-06-29 10:14:48
10:14:51,10:14:51,79.11,0.09,27,213597,买盘,2017-06-29,2017-06-29 10:14:51
10:14:54,10:14:54,79.05,-0.06,24,189720,卖盘,2017-06-29,2017-06-29 10:14:54
10:14:57,10:14:57,79.19,0.14,25,197975,买盘,2017-06-29,2017-06-29 10:14:57
10:15:00,10:15:00,79.17,-0.02,12,95004,中性盘,2017-06-29,2017-06-29 10:15:00
10:15:03,10:15:03,79.12,-0.05,24,189888,中性盘,2017-06-29,2017-06-29 10:15:03
10:15:06,10:15:06,79.2,0.08,3,29304,买盘,2017-06-29,2017-06-29 10:15:06
10:15:09,10:15:09,79.02,-0.18,89,703278,卖盘,2017-06-29,2017-06-29 10:15:09
10:15:12,10:15:12,79.2,0.18,25,205603,买盘,2017-06-29,2017-06-29 10:15:12
10:15:15,10:15:15,79.25,0.05,15,119192,买盘,2017-06-29,2017-06-29 10:15:15
10:15:18,10:15:18,79.19,-0.06,6,47514,买盘,2017-06-29,2017-06-29 10:15:18
10:15:21,10:15:21,79.29,0.1,87,694897,买盘,2017-06-29,2017-06-29 10:15:21
10:15:24,10:15:24,79.19,-0.1,13,105797,卖盘,2017-06-29,2017-06-29 10:15:24
10:15:27,10:15:27,79.1,-0.09,11,94761,卖盘,2017-06-29,2017-06-29 10:15:27
10:15:30,10:15:30,79.18,0.08,7,55426,买盘,2017-06-29,2017-06-29 10:15:30
10:15:33,10:15:33,79.2,0.02,4,36748,买盘,2017-06-29,2017-06-29 10:15:33
10:15:36,10:15:36,79.18,-0.02,3,23754,卖盘,2017-06-29,2017-06-29 10:15:36
10:15:39,10:15:39,79.1,-0.08,39,311495,卖盘,2017-06-29,2017-06-29 10:15:39
10:15:42,10:15:42,79.1,--,8,70636,买盘,2017-06-29,2017-06-29 10:15:42
10:15:45,10:15:45,79.24,0.14,14,110936,买盘,2017-06-29,2017-06-29 10:15:45
10:15:48,10:15:48,79.18,-0.06,17,134606,卖盘,2017-06-29,2017-06-29 10:15:48
10:15:51,10:15:51,79.13,-0.05,5,39565,卖盘,2017-06-29,2017-06-29 10:15:51
10:15:54,10:15:54,79.18,0.05,2,15836,中性盘,2017-06-29,2017-06-29 10:15:54
10:15:57,10:15:57,79.18,--,6,47508,买盘,2017-06-29,2017-06-29 10:15:57
10:16:03,10:16:03,79.18,--,7,55426,买盘,2017-06-29,2017-06-29 10:16:03
10:16:06,10:16:06,79.1,-0.08,25,198303,卖盘,2017-06-29,2017-06-29 10:16:06
10:16:09,10:16:09,79.1,--,4,31639,买盘,2017-06-29,2017-06-29 10:16:09
10:16:12,10:16:12,79.1,--,8,63279,买盘,2017-06-29,2017-06-29 10:16:12
10:16:15,10:16:15,79.0,-0.1,104,828710,卖盘,2017-06-29,2017-06-29 10:16:15
10:16:18,10:16:18,79.07,0.07,11,86976,中性盘,2017-06-29,2017-06-29 10:16:18
10:16:21,10:16:21,78.99,-0.08,137,1085322,卖盘,2017-06-29,2017-06-29 10:16:21
10:16:24,10:16:24,78.99,--,32,252767,买盘,2017-06-29,2017-06-29 10:16:24
10:16:27,10:16:27,78.99,--,161,1271739,买盘,2017-06-29,2017-06-29 10:16:27
10:16:33,10:16:33,78.95,-0.04,3,23685,中性盘,2017-06-29,2017-06-29 10:16:33
10:16:36,10:16:36,78.9,-0.05,149,1175610,买盘,2017-06-29,2017-06-29 10:16:36
10:16:39,10:16:39,78.0,-0.9,6,46800,卖盘,2017-06-29,2017-06-29 10:16:39
10:16:42,10:16:42,78.55,0.55,1,7855,买盘,2017-06-29,2017-06-29 10:16:42
10:16:45,10:16:45,78.55,--,6,47130,买盘,2017-06-29,2017-06-29 10:16:45
10:16:48,10:16:48,78.73,0.18,12,94476,买盘,2017-06-29,2017-06-29 10:16:48
10:16:51,10:16:51,78.55,-0.18,6,47130,买盘,2017-06-29,2017-06-29 10:16:51
10:16:54,10:16:54,78.55,--,1,7855,卖盘,2017-06-29,2017-06-29 10:16:54
10:16:57,10:16:57,78.55,--,6,47130,卖盘,2017-06-29,2017-06-29 10:16:57
10:17:00,10:17:00,78.7,0.15,17,133790,买盘,2017-06-29,2017-06-29 10:17:00
10:17:03,10:17:03,78.55,-0.15,8,62840,卖盘,2017-06-29,2017-06-29 10:17:03
10:17:06,10:17:06,78.1,-0.45,19,148390,卖盘,2017-06-29,2017-06-29 10:17:06
10:17:09,10:17:09,78.13,0.03,6,46878,中性盘,2017-06-29,2017-06-29 10:17:09
10:17:12,10:17:12,78.02,-0.11,233,1817866,卖盘,2017-06-29,2017-06-29 10:17:12
10:17:15,10:17:15,78.55,0.53,18,141390,买盘,2017-06-29,2017-06-29 10:17:15
10:17:21,10:17:21,78.2,-0.35,6,46920,中性盘,2017-06-29,2017-06-29 10:17:21
10:17:24,10:17:24,78.2,--,1,7820,买盘,2017-06-29,2017-06-29 10:17:24
10:17:27,10:17:27,78.5,0.3,5,39250,买盘,2017-06-29,2017-06-29 10:17:27
10:17:30,10:17:30,78.22,-0.28,2,15644,中性盘,2017-06-29,2017-06-29 10:17:30
10:17:36,10:17:36,78.2,-0.02,112,875840,卖盘,2017-06-29,2017-06-29 10:17:36
10:17:39,10:17:39,78.3,0.1,13,101790,买盘,2017-06-29,2017-06-29 10:17:39
10:17:42,10:17:42,78.3,--,10,78300,买盘,2017-06-29,2017-06-29 10:17:42
10:17:45,10:17:45,78.2,-0.1,12,99314,卖盘,2017-06-29,2017-06-29 10:17:45
10:17:48,10:17:48,78.2,--,9,72726,卖盘,2017-06-29,2017-06-29 10:17:48
10:17:51,10:17:51,78.18,-0.02,17,132906,卖盘,2017-06-29,2017-06-29 10:17:51
10:17:54,10:17:54,78.19,0.01,23,179837,买盘,2017-06-29,2017-06-29 10:17:54
10:17:57,10:17:57,78.2,0.01,6,46920,买盘,2017-06-29,2017-06-29 10:17:57
10:18:00,10:18:00,78.25,0.05,162,1267650,中性盘,2017-06-29,2017-06-29 10:18:00
10:18:03,10:18:03,78.2,-0.05,6,46920,买盘,2017-06-29,2017-06-29 10:18:03
10:18:06,10:18:06,78.3,0.1,17,138591,买盘,2017-06-29,2017-06-29 10:18:06
10:18:09,10:18:09,78.3,--,160,1252800,买盘,2017-06-29,2017-06-29 10:18:09
10:18:12,10:18:12,78.3,--,23,180090,买盘,2017-06-29,2017-06-29 10:18:12
10:18:15,10:18:15,78.3,--,1,7830,买盘,2017-06-29,2017-06-29 10:18:15
10:18:18,10:18:18,78.21,-0.09,53,414512,卖盘,2017-06-29,2017-06-29 10:18:18
10:18:21,10:18:21,78.2,-0.01,5,39100,中性盘,2017-06-29,2017-06-29 10:18:21
10:18:24,10:18:24,78.3,0.1,15,117450,买盘,2017-06-29,2017-06-29 10:18:24
10:18:27,10:18:27,78.21,-0.09,71,556073,卖盘,2017-06-29,2017-06-29 10:18:27
10:18:30,10:18:30,78.21,--,5,39105,买盘,2017-06-29,2017-06-29 10:18:30
10:18:33,10:18:33,78.0,-0.21,48,375960,卖盘,2017-06-29,2017-06-29 10:18:33
10:18:36,10:18:36,78.21,0.21,5,45361,买盘,2017-06-29,2017-06-29 10:18:36
10:18:39,10:18:39,78.2,-0.01,52,406640,买盘,2017-06-29,2017-06-29 10:18:39
10:18:45,10:18:45,78.2,--,11,93683,买盘,2017-06-29,2017-06-29 10:18:45
10:18:48,10:18:48,78.2,--,10,83674,买盘,2017-06-29,2017-06-29 10:18:48
10:18:51,10:18:51,78.38,0.18,26,203788,买盘,2017-06-29,2017-06-29 10:18:51
10:18:54,10:18:54,78.38,--,1,7838,卖盘,2017-06-29,2017-06-29 10:18:54
10:18:57,10:18:57,78.38,--,4,31352,卖盘,2017-06-29,2017-06-29 10:18:57
10:19:03,10:19:03,78.38,--,12,94056,买盘,2017-06-29,2017-06-29 10:19:03
10:19:06,10:19:06,78.38,--,6,47028,买盘,2017-06-29,2017-06-29 10:19:06
10:19:09,10:19:09,78.38,--,15,117570,买盘,2017-06-29,2017-06-29 10:19:09
10:19:12,10:19:12,78.25,-0.13,3,23475,卖盘,2017-06-29,2017-06-29 10:19:12
10:19:15,10:19:15,78.4,0.15,65,509600,买盘,2017-06-29,2017-06-29 10:19:15
10:19:18,10:19:18,78.4,--,2,15680,卖盘,2017-06-29,2017-06-29 10:19:18
10:19:21,10:19:21,78.21,-0.19,43,336303,卖盘,2017-06-29,2017-06-29 10:19:21
10:19:24,10:19:24,78.25,0.04,15,117375,卖盘,2017-06-29,2017-06-29 10:19:24
10:19:27,10:19:27,78.2,-0.05,13,101660,卖盘,2017-06-29,2017-06-29 10:19:27
10:19:30,10:19:30,78.25,0.05,5,39125,买盘,2017-06-29,2017-06-29 10:19:30
10:19:33,10:19:33,78.04,-0.21,61,480726,卖盘,2017-06-29,2017-06-29 10:19:33
10:19:36,10:19:36,78.12,0.08,2,15624,中性盘,2017-06-29,2017-06-29 10:19:36
10:19:39,10:19:39,78.19,0.07,9,70371,买盘,2017-06-29,2017-06-29 10:19:39
10:19:42,10:19:42,78.0,-0.19,185,1450176,卖盘,2017-06-29,2017-06-29 10:19:42
10:19:45,10:19:45,78.0,--,8,62400,买盘,2017-06-29,2017-06-29 10:19:45
10:19:48,10:19:48,77.98,-0.02,107,834386,卖盘,2017-06-29,2017-06-29 10:19:48
10:19:51,10:19:51,77.98,--,1,7798,卖盘,2017-06-29,2017-06-29 10:19:51
10:19:54,10:19:54,78.05,0.07,28,224003,买盘,2017-06-29,2017-06-29 10:19:54
10:19:57,10:19:57,78.0,-0.05,5,39000,卖盘,2017-06-29,2017-06-29 10:19:57
10:20:00,10:20:00,78.0,--,23,184860,卖盘,2017-06-29,2017-06-29 10:20:00
10:20:03,10:20:03,78.05,0.05,31,242423,买盘,2017-06-29,2017-06-29 10:20:03
10:20:06,10:20:06,78.2,0.15,3,23460,中性盘,2017-06-29,2017-06-29 10:20:06
10:20:09,10:20:09,78.1,-0.1,37,291000,卖盘,2017-06-29,2017-06-29 10:20:09
10:20:12,10:20:12,78.1,--,3,23430,卖盘,2017-06-29,2017-06-29 10:20:12
10:20:15,10:20:15,78.15,0.05,2,15630,中性盘,2017-06-29,2017-06-29 10:20:15
10:20:18,10:20:18,78.2,0.05,15,120428,买盘,2017-06-29,2017-06-29 10:20:18
10:20:21,10:20:21,78.2,--,3,28934,卖盘,2017-06-29,2017-06-29 10:20:21
10:20:27,10:20:27,78.2,--,6,46920,卖盘,2017-06-29,2017-06-29 10:20:27
10:20:30,10:20:30,78.2,--,9,70380,卖盘,2017-06-29,2017-06-29 10:20:30
10:20:33,10:20:33,78.3,0.1,11,86130,买盘,2017-06-29,2017-06-29 10:20:33
10:20:36,10:20:36,78.25,-0.05,7,60252,卖盘,2017-06-29,2017-06-29 10:20:36
10:20:39,10:20:39,78.29,0.04,1,7829,买盘,2017-06-29,2017-06-29 10:20:39
10:20:42,10:20:42,78.3,0.01,310,2432781,买盘,2017-06-29,2017-06-29 10:20:42
10:20:45,10:20:45,78.31,0.01,8,62648,卖盘,2017-06-29,2017-06-29 10:20:45
10:20:48,10:20:48,78.31,--,6,46986,卖盘,2017-06-29,2017-06-29 10:20:48
10:20:51,10:20:51,78.38,0.07,5,39817,买盘,2017-06-29,2017-06-29 10:20:51
10:20:54,10:20:54,78.4,0.02,28,219520,买盘,2017-06-29,2017-06-29 10:20:54
10:20:57,10:20:57,78.4,--,2,23363,买盘,2017-06-29,2017-06-29 10:20:57
10:21:00,10:21:00,78.44,0.04,3,23532,买盘,2017-06-29,2017-06-29 10:21:00
10:21:03,10:21:03,78.45,0.01,1,7845,买盘,2017-06-29,2017-06-29 10:21:03
10:21:06,10:21:06,78.45,--,32,254021,买盘,2017-06-29,2017-06-29 10:21:06
10:21:09,10:21:09,78.46,0.01,24,188303,买盘,2017-06-29,2017-06-29 10:21:09
10:21:12,10:21:12,78.46,--,58,455067,买盘,2017-06-29,2017-06-29 10:21:12
10:21:15,10:21:15,78.5,0.04,81,641345,买盘,2017-06-29,2017-06-29 10:21:15
10:21:18,10:21:18,78.5,--,14,109900,卖盘,2017-06-29,2017-06-29 10:21:18
10:21:21,10:21:21,78.5,--,189,1483650,卖盘,2017-06-29,2017-06-29 10:21:21
10:21:24,10:21:24,78.72,0.22,13,102336,买盘,2017-06-29,2017-06-29 10:21:24
10:21:27,10:21:27,78.72,--,8,62976,买盘,2017-06-29,2017-06-29 10:21:27
10:21:33,10:21:33,78.78,0.06,61,480558,买盘,2017-06-29,2017-06-29 10:21:33
10:21:36,10:21:36,78.8,0.02,4,37036,卖盘,2017-06-29,2017-06-29 10:21:36
10:21:39,10:21:39,78.8,--,68,538204,卖盘,2017-06-29,2017-06-29 10:21:39
10:21:45,10:21:45,78.8,--,2,15760,买盘,2017-06-29,2017-06-29 10:21:45
10:21:48,10:21:48,78.7,-0.1,11,86570,卖盘,2017-06-29,2017-06-29 10:21:48
10:21:51,10:21:51,78.55,-0.15,14,109970,卖盘,2017-06-29,2017-06-29 10:21:51
10:21:54,10:21:54,78.55,--,2,15710,买盘,2017-06-29,2017-06-29 10:21:54
10:21:57,10:21:57,78.5,-0.05,17,133450,卖盘,2017-06-29,2017-06-29 10:21:57
10:22:00,10:22:00,78.5,--,6,47100,买盘,2017-06-29,2017-06-29 10:22:00
10:22:03,10:22:03,78.5,--,13,102050,买盘,2017-06-29,2017-06-29 10:22:03
10:22:06,10:22:06,78.5,--,2,15700,买盘,2017-06-29,2017-06-29 10:22:06
10:22:09,10:22:09,78.45,-0.05,5,39225,卖盘,2017-06-29,2017-06-29 10:22:09
10:22:12,10:22:12,78.5,0.05,8,62800,买盘,2017-06-29,2017-06-29 10:22:12
10:22:18,10:22:18,78.45,-0.05,6,47070,买盘,2017-06-29,2017-06-29 10:22:18
10:22:21,10:22:21,78.45,--,10,78450,买盘,2017-06-29,2017-06-29 10:22:21
10:22:24,10:22:24,78.4,-0.05,9,70560,买盘,2017-06-29,2017-06-29 10:22:24
10:22:27,10:22:27,78.44,0.04,1,13334,买盘,2017-06-29,2017-06-29 10:22:27
10:22:30,10:22:30,78.39,-0.05,4,33707,卖盘,2017-06-29,2017-06-29 10:22:30
10:22:33,10:22:33,78.37,-0.02,15,123040,卖盘,2017-06-29,2017-06-29 10:22:33
10:22:36,10:22:36,78.4,0.03,11,93923,买盘,2017-06-29,2017-06-29 10:22:36
10:22:39,10:22:39,78.38,-0.02,11,91704,买盘,2017-06-29,2017-06-29 10:22:39
10:22:42,10:22:42,78.37,-0.01,36,287147,卖盘,2017-06-29,2017-06-29 10:22:42
10:22:45,10:22:45,78.37,--,3,23511,买盘,2017-06-29,2017-06-29 10:22:45
10:22:48,10:22:48,78.37,--,15,117555,买盘,2017-06-29,2017-06-29 10:22:48
10:22:54,10:22:54,78.21,-0.16,22,172765,卖盘,2017-06-29,2017-06-29 10:22:54
10:22:57,10:22:57,78.36,0.15,3,23508,买盘,2017-06-29,2017-06-29 10:22:57
10:23:00,10:23:00,78.4,0.04,126,988310,买盘,2017-06-29,2017-06-29 10:23:00
10:23:03,10:23:03,78.3,-0.1,2,21141,卖盘,2017-06-29,2017-06-29 10:23:03
10:23:06,10:23:06,78.36,0.06,4,31344,卖盘,2017-06-29,2017-06-29 10:23:06
10:23:09,10:23:09,78.4,0.04,7,54880,买盘,2017-06-29,2017-06-29 10:23:09
10:23:12,10:23:12,78.4,--,7,54880,卖盘,2017-06-29,2017-06-29 10:23:12
10:23:15,10:23:15,78.4,--,5,39200,卖盘,2017-06-29,2017-06-29 10:23:15
10:23:18,10:23:18,78.43,0.03,1,7843,买盘,2017-06-29,2017-06-29 10:23:18
10:23:21,10:23:21,78.42,-0.01,1,7842,买盘,2017-06-29,2017-06-29 10:23:21
10:23:24,10:23:24,78.4,-0.02,11,86240,卖盘,2017-06-29,2017-06-29 10:23:24
10:23:27,10:23:27,78.43,0.03,16,125488,买盘,2017-06-29,2017-06-29 10:23:27
10:23:30,10:23:30,78.43,--,162,1270566,买盘,2017-06-29,2017-06-29 10:23:30
10:23:33,10:23:33,78.3,-0.13,3,23490,中性盘,2017-06-29,2017-06-29 10:23:33
10:23:36,10:23:36,78.43,0.13,17,133331,买盘,2017-06-29,2017-06-29 10:23:36
10:23:39,10:23:39,78.42,-0.01,15,118335,中性盘,2017-06-29,2017-06-29 10:23:39
10:23:42,10:23:42,78.42,--,1,7842,买盘,2017-06-29,2017-06-29 10:23:42
10:23:45,10:23:45,78.4,-0.02,1,7840,中性盘,2017-06-29,2017-06-29 10:23:45
10:23:51,10:23:51,78.4,--,8,62720,买盘,2017-06-29,2017-06-29 10:23:51
10:23:54,10:23:54,78.35,-0.05,5,39175,卖盘,2017-06-29,2017-06-29 10:23:54
10:23:57,10:23:57,78.35,--,10,78350,卖盘,2017-06-29,2017-06-29 10:23:57
10:24:03,10:24:03,78.27,-0.08,1,7827,买盘,2017-06-29,2017-06-29 10:24:03
10:24:09,10:24:09,78.34,0.07,27,211518,中性盘,2017-06-29,2017-06-29 10:24:09
10:24:12,10:24:12,78.27,-0.07,3,23481,卖盘,2017-06-29,2017-06-29 10:24:12
10:24:15,10:24:15,78.34,0.07,6,47004,买盘,2017-06-29,2017-06-29 10:24:15
10:24:18,10:24:18,78.28,-0.06,5,39140,卖盘,2017-06-29,2017-06-29 10:24:18
10:24:21,10:24:21,78.28,--,5,39140,中性盘,2017-06-29,2017-06-29 10:24:21
10:24:24,10:24:24,78.27,-0.01,14,109578,卖盘,2017-06-29,2017-06-29 10:24:24
10:24:27,10:24:27,78.27,--,19,148713,卖盘,2017-06-29,2017-06-29 10:24:27
10:24:30,10:24:30,78.27,--,21,164367,买盘,2017-06-29,2017-06-29 10:24:30
10:24:33,10:24:33,78.4,0.13,80,627200,买盘,2017-06-29,2017-06-29 10:24:33
10:24:36,10:24:36,78.28,-0.12,1,7828,卖盘,2017-06-29,2017-06-29 10:24:36
10:24:39,10:24:39,78.38,0.1,18,141084,中性盘,2017-06-29,2017-06-29 10:24:39
10:24:42,10:24:42,78.4,0.02,18,146608,买盘,2017-06-29,2017-06-29 10:24:42
10:24:45,10:24:45,78.33,-0.07,17,140837,卖盘,2017-06-29,2017-06-29 10:24:45
10:24:48,10:24:48,78.28,-0.05,5,39140,卖盘,2017-06-29,2017-06-29 10:24:48
10:24:51,10:24:51,78.27,-0.01,97,759219,卖盘,2017-06-29,2017-06-29 10:24:51
10:24:54,10:24:54,78.2,-0.07,2,15640,买盘,2017-06-29,2017-06-29 10:24:54
10:25:00,10:25:00,78.16,-0.04,5,39080,卖盘,2017-06-29,2017-06-29 10:25:00
10:25:03,10:25:03,78.19,0.03,23,179837,买盘,2017-06-29,2017-06-29 10:25:03
10:25:06,10:25:06,78.16,-0.03,4,36735,中性盘,2017-06-29,2017-06-29 10:25:06
10:25:09,10:25:09,78.16,--,20,156320,买盘,2017-06-29,2017-06-29 10:25:09
10:25:12,10:25:12,78.15,-0.01,19,148485,卖盘,2017-06-29,2017-06-29 10:25:12
10:25:15,10:25:15,78.15,--,3,23445,卖盘,2017-06-29,2017-06-29 10:25:15
10:25:18,10:25:18,78.15,--,5,39075,卖盘,2017-06-29,2017-06-29 10:25:18
10:25:21,10:25:21,78.15,--,2,21100,卖盘,2017-06-29,2017-06-29 10:25:21
10:25:24,10:25:24,78.2,0.05,1,7820,买盘,2017-06-29,2017-06-29 10:25:24
10:25:27,10:25:27,78.15,-0.05,26,208660,卖盘,2017-06-29,2017-06-29 10:25:27
10:25:30,10:25:30,78.2,0.05,6,46920,买盘,2017-06-29,2017-06-29 10:25:30
10:25:33,10:25:33,78.27,0.07,4,31308,买盘,2017-06-29,2017-06-29 10:25:33
10:25:36,10:25:36,78.3,0.03,5,44631,买盘,2017-06-29,2017-06-29 10:25:36
10:25:39,10:25:39,78.2,-0.1,15,117300,卖盘,2017-06-29,2017-06-29 10:25:39
10:25:45,10:25:45,78.2,--,3,23460,买盘,2017-06-29,2017-06-29 10:25:45
10:25:48,10:25:48,78.2,--,5,44574,买盘,2017-06-29,2017-06-29 10:25:48
10:25:51,10:25:51,78.2,--,19,148580,卖盘,2017-06-29,2017-06-29 10:25:51
10:25:54,10:25:54,78.2,--,8,62560,卖盘,2017-06-29,2017-06-29 10:25:54
10:25:57,10:25:57,78.19,-0.01,10,78190,卖盘,2017-06-29,2017-06-29 10:25:57
10:26:00,10:26:00,78.28,0.09,20,156560,中性盘,2017-06-29,2017-06-29 10:26:00
10:26:03,10:26:03,78.28,--,4,36791,卖盘,2017-06-29,2017-06-29 10:26:03
10:26:09,10:26:09,78.2,-0.08,55,430100,卖盘,2017-06-29,2017-06-29 10:26:09
10:26:12,10:26:12,78.19,-0.01,7,60206,卖盘,2017-06-29,2017-06-29 10:26:12
10:26:15,10:26:15,78.2,0.01,1,7820,买盘,2017-06-29,2017-06-29 10:26:15
10:26:18,10:26:18,78.29,0.09,5,46817,买盘,2017-06-29,2017-06-29 10:26:18
10:26:27,10:26:27,78.28,-0.01,1,7828,卖盘,2017-06-29,2017-06-29 10:26:27
10:26:30,10:26:30,78.19,-0.09,62,492440,卖盘,2017-06-29,2017-06-29 10:26:30
10:26:33,10:26:33,78.21,0.02,2,21116,卖盘,2017-06-29,2017-06-29 10:26:33
10:26:39,10:26:39,78.34,0.13,10,78340,买盘,2017-06-29,2017-06-29 10:26:39
10:26:42,10:26:42,78.34,--,5,39170,买盘,2017-06-29,2017-06-29 10:26:42
10:26:45,10:26:45,78.34,--,5,39170,卖盘,2017-06-29,2017-06-29 10:26:45
10:26:48,10:26:48,78.34,--,10,78340,卖盘,2017-06-29,2017-06-29 10:26:48
10:26:51,10:26:51,78.29,-0.05,7,54803,卖盘,2017-06-29,2017-06-29 10:26:51
10:26:54,10:26:54,78.3,0.01,2,15660,中性盘,2017-06-29,2017-06-29 10:26:54
10:26:57,10:26:57,78.34,0.04,30,235020,买盘,2017-06-29,2017-06-29 10:26:57
10:27:00,10:27:00,78.22,-0.12,11,91517,卖盘,2017-06-29,2017-06-29 10:27:00
10:27:03,10:27:03,78.3,0.08,12,93960,买盘,2017-06-29,2017-06-29 10:27:03
10:27:06,10:27:06,78.29,-0.01,2,15658,买盘,2017-06-29,2017-06-29 10:27:06
10:27:09,10:27:09,78.29,--,4,34447,买盘,2017-06-29,2017-06-29 10:27:09
10:27:12,10:27:12,78.3,0.01,2,15660,买盘,2017-06-29,2017-06-29 10:27:12
10:27:15,10:27:15,78.23,-0.07,59,461557,卖盘,2017-06-29,2017-06-29 10:27:15
10:27:18,10:27:18,78.23,--,11,86053,买盘,2017-06-29,2017-06-29 10:27:18
10:27:21,10:27:21,78.23,--,437,3418651,买盘,2017-06-29,2017-06-29 10:27:21
10:27:24,10:27:24,78.25,0.02,9,70425,中性盘,2017-06-29,2017-06-29 10:27:24
10:27:27,10:27:27,78.22,-0.03,20,156440,买盘,2017-06-29,2017-06-29 10:27:27
10:27:30,10:27:30,78.2,-0.02,1,7820,中性盘,2017-06-29,2017-06-29 10:27:30
10:27:33,10:27:33,78.31,0.11,143,1119833,买盘,2017-06-29,2017-06-29 10:27:33
10:27:36,10:27:36,78.29,-0.02,5,39145,中性盘,2017-06-29,2017-06-29 10:27:36
10:27:39,10:27:39,78.29,--,11,91599,卖盘,2017-06-29,2017-06-29 10:27:39
10:27:42,10:27:42,78.22,-0.07,10,80566,卖盘,2017-06-29,2017-06-29 10:27:42
10:27:51,10:27:51,78.2,-0.02,7,60214,中性盘,2017-06-29,2017-06-29 10:27:51
10:27:54,10:27:54,78.04,-0.16,13,101452,卖盘,2017-06-29,2017-06-29 10:27:54
10:27:57,10:27:57,78.2,0.16,34,272527,买盘,2017-06-29,2017-06-29 10:27:57
10:28:00,10:28:00,78.2,--,10,78200,买盘,2017-06-29,2017-06-29 10:28:00
10:28:03,10:28:03,78.2,--,1,7820,买盘,2017-06-29,2017-06-29 10:28:03
10:28:06,10:28:06,78.1,-0.1,4,31239,买盘,2017-06-29,2017-06-29 10:28:06
10:28:12,10:28:12,78.04,-0.06,5,39020,卖盘,2017-06-29,2017-06-29 10:28:12
10:28:15,10:28:15,78.1,0.06,57,445169,买盘,2017-06-29,2017-06-29 10:28:15
10:28:18,10:28:18,78.0,-0.1,3,23400,卖盘,2017-06-29,2017-06-29 10:28:18
10:28:21,10:28:21,78.01,0.01,14,114674,中性盘,2017-06-29,2017-06-29 10:28:21
10:28:24,10:28:24,78.02,0.01,8,62416,买盘,2017-06-29,2017-06-29 10:28:24
10:28:27,10:28:27,78.0,-0.02,10,83460,卖盘,2017-06-29,2017-06-29 10:28:27
10:28:30,10:28:30,78.0,--,9,73086,卖盘,2017-06-29,2017-06-29 10:28:30
10:28:33,10:28:33,78.0,--,10,78000,买盘,2017-06-29,2017-06-29 10:28:33
10:28:36,10:28:36,78.0,--,3,23400,买盘,2017-06-29,2017-06-29 10:28:36
10:28:39,10:28:39,78.0,--,19,148200,买盘,2017-06-29,2017-06-29 10:28:39
10:28:42,10:28:42,78.0,--,18,140400,买盘,2017-06-29,2017-06-29 10:28:42
10:28:45,10:28:45,78.0,--,7,54600,买盘,2017-06-29,2017-06-29 10:28:45
10:28:48,10:28:48,78.0,--,6,46800,买盘,2017-06-29,2017-06-29 10:28:48
10:28:51,10:28:51,78.0,--,5,39000,买盘,2017-06-29,2017-06-29 10:28:51
10:28:54,10:28:54,78.0,--,6,46800,买盘,2017-06-29,2017-06-29 10:28:54
10:28:57,10:28:57,78.0,--,3,28314,买盘,2017-06-29,2017-06-29 10:28:57
10:29:00,10:29:00,78.0,--,6,51012,卖盘,2017-06-29,2017-06-29 10:29:00
10:29:03,10:29:03,77.94,-0.06,6,50894,卖盘,2017-06-29,2017-06-29 10:29:03
10:29:06,10:29:06,77.93,-0.01,47,366271,卖盘,2017-06-29,2017-06-29 10:29:06
10:29:12,10:29:12,78.0,0.07,1,7800,买盘,2017-06-29,2017-06-29 10:29:12
10:29:15,10:29:15,78.0,--,1,7800,买盘,2017-06-29,2017-06-29 10:29:15
10:29:18,10:29:18,78.0,--,19,148200,买盘,2017-06-29,2017-06-29 10:29:18
10:29:21,10:29:21,77.93,-0.07,6,46758,卖盘,2017-06-29,2017-06-29 10:29:21
10:29:24,10:29:24,77.93,--,5,38965,卖盘,2017-06-29,2017-06-29 10:29:24
10:29:27,10:29:27,78.01,0.08,10,78010,买盘,2017-06-29,2017-06-29 10:29:27
10:29:30,10:29:30,77.95,-0.06,5,38975,卖盘,2017-06-29,2017-06-29 10:29:30
10:29:33,10:29:33,78.0,0.05,8,62400,买盘,2017-06-29,2017-06-29 10:29:33
10:29:36,10:29:36,78.0,--,7,54600,卖盘,2017-06-29,2017-06-29 10:29:36
10:29:39,10:29:39,78.0,--,19,148200,买盘,2017-06-29,2017-06-29 10:29:39
10:29:42,10:29:42,78.0,--,6,46800,中性盘,2017-06-29,2017-06-29 10:29:42
10:29:45,10:29:45,78.0,--,2,15600,卖盘,2017-06-29,2017-06-29 10:29:45
10:29:48,10:29:48,78.0,--,13,108186,卖盘,2017-06-29,2017-06-29 10:29:48
10:29:51,10:29:51,78.04,0.04,6,46824,买盘,2017-06-29,2017-06-29 10:29:51
10:29:54,10:29:54,78.0,-0.04,23,179400,卖盘,2017-06-29,2017-06-29 10:29:54
10:29:57,10:29:57,78.0,--,3,24414,卖盘,2017-06-29,2017-06-29 10:29:57
10:30:00,10:30:00,78.0,--,15,117000,买盘,2017-06-29,2017-06-29 10:30:00
10:30:06,10:30:06,78.0,--,1,7800,买盘,2017-06-29,2017-06-29 10:30:06
10:30:09,10:30:09,78.0,--,15,117000,买盘,2017-06-29,2017-06-29 10:30:09
10:30:12,10:30:12,77.96,-0.04,9,76946,卖盘,2017-06-29,2017-06-29 10:30:12
10:30:18,10:30:18,78.01,0.05,5,39005,买盘,2017-06-29,2017-06-29 10:30:18
10:30:21,10:30:21,78.01,--,58,452458,卖盘,2017-06-29,2017-06-29 10:30:21
10:30:24,10:30:24,78.01,--,14,109214,卖盘,2017-06-29,2017-06-29 10:30:24
10:30:27,10:30:27,78.01,--,10,78010,卖盘,2017-06-29,2017-06-29 10:30:27
10:30:33,10:30:33,78.18,0.17,1,7818,中性盘,2017-06-29,2017-06-29 10:30:33
10:30:36,10:30:36,78.04,-0.14,12,93648,中性盘,2017-06-29,2017-06-29 10:30:36
10:30:42,10:30:42,78.03,-0.01,2,21068,卖盘,2017-06-29,2017-06-29 10:30:42
10:30:45,10:30:45,78.03,--,9,70227,卖盘,2017-06-29,2017-06-29 10:30:45
10:30:48,10:30:48,78.05,0.02,5,39025,买盘,2017-06-29,2017-06-29 10:30:48
10:30:51,10:30:51,78.05,--,1,7805,买盘,2017-06-29,2017-06-29 10:30:51
10:31:00,10:31:00,78.1,0.05,4,31239,买盘,2017-06-29,2017-06-29 10:31:00
10:31:03,10:31:03,78.1,--,3,28896,买盘,2017-06-29,2017-06-29 10:31:03
10:31:09,10:31:09,78.1,--,5,42174,卖盘,2017-06-29,2017-06-29 10:31:09
10:31:12,10:31:12,78.05,-0.05,26,207300,卖盘,2017-06-29,2017-06-29 10:31:12
10:31:15,10:31:15,78.05,--,2,21073,卖盘,2017-06-29,2017-06-29 10:31:15
10:31:18,10:31:18,78.18,0.13,14,112579,买盘,2017-06-29,2017-06-29 10:31:18
10:31:21,10:31:21,78.06,-0.12,8,62448,卖盘,2017-06-29,2017-06-29 10:31:21
10:31:24,10:31:24,78.19,0.13,11,86009,买盘,2017-06-29,2017-06-29 10:31:24
10:31:27,10:31:27,78.19,--,6,46914,卖盘,2017-06-29,2017-06-29 10:31:27
10:31:30,10:31:30,78.2,0.01,6,46920,买盘,2017-06-29,2017-06-29 10:31:30
10:31:33,10:31:33,78.18,-0.02,3,23454,买盘,2017-06-29,2017-06-29 10:31:33
10:31:36,10:31:36,78.2,0.02,15,117300,买盘,2017-06-29,2017-06-29 10:31:36
10:31:39,10:31:39,78.17,-0.03,7,54719,卖盘,2017-06-29,2017-06-29 10:31:39
10:31:42,10:31:42,78.2,0.03,25,200974,买盘,2017-06-29,2017-06-29 10:31:42
10:31:45,10:31:45,78.2,--,6,46920,卖盘,2017-06-29,2017-06-29 10:31:45
10:31:48,10:31:48,78.2,--,5,39100,卖盘,2017-06-29,2017-06-29 10:31:48
10:31:51,10:31:51,78.2,--,78,612306,卖盘,2017-06-29,2017-06-29 10:31:51
10:31:54,10:31:54,78.19,-0.01,10,83663,卖盘,2017-06-29,2017-06-29 10:31:54
10:31:57,10:31:57,78.19,--,1,7819,买盘,2017-06-29,2017-06-29 10:31:57
10:32:00,10:32:00,78.19,--,12,93828,买盘,2017-06-29,2017-06-29 10:32:00
10:32:03,10:32:03,78.19,--,9,73420,买盘,2017-06-29,2017-06-29 10:32:03
10:32:12,10:32:12,78.19,--,7,54733,卖盘,2017-06-29,2017-06-29 10:32:12
10:32:15,10:32:15,78.2,0.01,14,109480,买盘,2017-06-29,2017-06-29 10:32:15
10:32:21,10:32:21,78.19,-0.01,5,39095,卖盘,2017-06-29,2017-06-29 10:32:21
10:32:24,10:32:24,78.19,--,4,31276,卖盘,2017-06-29,2017-06-29 10:32:24
10:32:27,10:32:27,78.12,-0.07,2,17967,卖盘,2017-06-29,2017-06-29 10:32:27
10:32:30,10:32:30,78.2,0.08,13,101660,买盘,2017-06-29,2017-06-29 10:32:30
10:32:36,10:32:36,78.2,--,21,165002,买盘,2017-06-29,2017-06-29 10:32:36
10:32:39,10:32:39,78.2,--,21,171258,卖盘,2017-06-29,2017-06-29 10:32:39
10:32:42,10:32:42,78.11,-0.09,13,107010,卖盘,2017-06-29,2017-06-29 10:32:42
10:32:48,10:32:48,78.13,0.02,5,39065,中性盘,2017-06-29,2017-06-29 10:32:48
10:32:51,10:32:51,78.23,0.1,3,23469,买盘,2017-06-29,2017-06-29 10:32:51
10:32:57,10:32:57,78.14,-0.09,2,21097,卖盘,2017-06-29,2017-06-29 10:32:57
10:33:00,10:33:00,78.14,--,12,93768,卖盘,2017-06-29,2017-06-29 10:33:00
10:33:03,10:33:03,78.05,-0.09,60,468300,卖盘,2017-06-29,2017-06-29 10:33:03
10:33:06,10:33:06,78.05,--,20,156100,卖盘,2017-06-29,2017-06-29 10:33:06
10:33:09,10:33:09,78.22,0.17,39,305058,买盘,2017-06-29,2017-06-29 10:33:09
10:33:12,10:33:12,78.16,-0.06,1,7816,卖盘,2017-06-29,2017-06-29 10:33:12
10:33:15,10:33:15,78.2,0.04,2,15640,买盘,2017-06-29,2017-06-29 10:33:15
10:33:18,10:33:18,78.2,--,2,15640,买盘,2017-06-29,2017-06-29 10:33:18
10:33:21,10:33:21,78.21,0.01,3,23462,买盘,2017-06-29,2017-06-29 10:33:21
10:33:24,10:33:24,78.16,-0.05,4,36735,卖盘,2017-06-29,2017-06-29 10:33:24
10:33:27,10:33:27,78.16,--,0,2344,卖盘,2017-06-29,2017-06-29 10:33:27
10:33:30,10:33:30,78.15,-0.01,1,7815,买盘,2017-06-29,2017-06-29 10:33:30
10:33:33,10:33:33,78.15,--,5,39075,买盘,2017-06-29,2017-06-29 10:33:33
10:33:36,10:33:36,78.07,-0.08,2,15613,卖盘,2017-06-29,2017-06-29 10:33:36
10:33:39,10:33:39,78.2,0.13,22,172040,买盘,2017-06-29,2017-06-29 10:33:39
10:33:42,10:33:42,78.08,-0.12,1,7808,卖盘,2017-06-29,2017-06-29 10:33:42
10:33:45,10:33:45,78.08,--,6,46848,卖盘,2017-06-29,2017-06-29 10:33:45
10:33:51,10:33:51,78.12,0.04,2,15624,中性盘,2017-06-29,2017-06-29 10:33:51
10:33:54,10:33:54,78.06,-0.06,8,65492,卖盘,2017-06-29,2017-06-29 10:33:54
10:34:00,10:34:00,78.07,0.01,5,39035,卖盘,2017-06-29,2017-06-29 10:34:00
10:34:03,10:34:03,78.07,--,1,7806,卖盘,2017-06-29,2017-06-29 10:34:03
10:34:06,10:34:06,78.03,-0.04,119,928557,卖盘,2017-06-29,2017-06-29 10:34:06
10:34:12,10:34:12,78.0,-0.03,55,429000,卖盘,2017-06-29,2017-06-29 10:34:12
10:34:15,10:34:15,78.07,0.07,1,7806,买盘,2017-06-29,2017-06-29 10:34:15
10:34:18,10:34:18,78.01,-0.06,1,7801,卖盘,2017-06-29,2017-06-29 10:34:18
10:34:21,10:34:21,78.0,-0.01,43,337974,卖盘,2017-06-29,2017-06-29 10:34:21
10:34:24,10:34:24,78.0,--,9,74724,卖盘,2017-06-29,2017-06-29 10:34:24
10:34:27,10:34:27,78.0,--,3,23400,买盘,2017-06-29,2017-06-29 10:34:27
10:34:30,10:34:30,78.0,--,1,7800,买盘,2017-06-29,2017-06-29 10:34:30
10:34:33,10:34:33,78.0,--,2,15600,买盘,2017-06-29,2017-06-29 10:34:33
10:34:36,10:34:36,78.0,--,3,23400,买盘,2017-06-29,2017-06-29 10:34:36
10:34:39,10:34:39,78.0,--,9,73476,买盘,2017-06-29,2017-06-29 10:34:39
10:34:42,10:34:42,78.0,--,4,36738,卖盘,2017-06-29,2017-06-29 10:34:42
10:34:45,10:34:45,78.0,--,2,15600,买盘,2017-06-29,2017-06-29 10:34:45
10:34:51,10:34:51,78.0,--,22,171600,买盘,2017-06-29,2017-06-29 10:34:51
10:34:57,10:34:57,77.93,-0.07,24,187032,卖盘,2017-06-29,2017-06-29 10:34:57
10:35:00,10:35:00,77.95,0.02,1,7795,买盘,2017-06-29,2017-06-29 10:35:00
10:35:03,10:35:03,77.93,-0.02,2,15586,卖盘,2017-06-29,2017-06-29 10:35:03
10:35:06,10:35:06,77.9,-0.03,58,454157,卖盘,2017-06-29,2017-06-29 10:35:06
10:35:09,10:35:09,77.9,--,4,31160,买盘,2017-06-29,2017-06-29 10:35:09
10:35:12,10:35:12,77.9,--,14,116694,买盘,2017-06-29,2017-06-29 10:35:12
10:35:15,10:35:15,77.88,-0.02,13,101244,卖盘,2017-06-29,2017-06-29 10:35:15
10:35:18,10:35:18,77.9,0.02,7,54685,买盘,2017-06-29,2017-06-29 10:35:18
10:35:21,10:35:21,77.83,-0.07,5,38915,卖盘,2017-06-29,2017-06-29 10:35:21
10:35:24,10:35:24,77.88,0.05,1,7788,买盘,2017-06-29,2017-06-29 10:35:24
10:35:27,10:35:27,77.7,-0.18,83,645220,卖盘,2017-06-29,2017-06-29 10:35:27
10:35:30,10:35:30,77.7,--,12,93240,买盘,2017-06-29,2017-06-29 10:35:30
10:35:33,10:35:33,77.68,-0.02,35,271880,中性盘,2017-06-29,2017-06-29 10:35:33
10:35:36,10:35:36,77.68,--,6,46608,卖盘,2017-06-29,2017-06-29 10:35:36
10:35:39,10:35:39,77.64,-0.04,13,100932,卖盘,2017-06-29,2017-06-29 10:35:39
10:35:42,10:35:42,77.58,-0.06,48,372384,卖盘,2017-06-29,2017-06-29 10:35:42
10:35:45,10:35:45,77.6,0.02,11,85360,买盘,2017-06-29,2017-06-29 10:35:45
10:35:48,10:35:48,77.55,-0.05,34,263670,卖盘,2017-06-29,2017-06-29 10:35:48
10:35:51,10:35:51,77.6,0.05,30,232799,买盘,2017-06-29,2017-06-29 10:35:51
10:35:54,10:35:54,77.55,-0.05,6,46530,中性盘,2017-06-29,2017-06-29 10:35:54
10:35:57,10:35:57,77.53,-0.02,15,116295,卖盘,2017-06-29,2017-06-29 10:35:57
10:36:00,10:36:00,77.55,0.02,8,63591,买盘,2017-06-29,2017-06-29 10:36:00
10:36:03,10:36:03,77.52,-0.03,29,231009,卖盘,2017-06-29,2017-06-29 10:36:03
10:36:06,10:36:06,77.55,0.03,126,981783,买盘,2017-06-29,2017-06-29 10:36:06
10:36:09,10:36:09,77.5,-0.05,74,576600,卖盘,2017-06-29,2017-06-29 10:36:09
10:36:12,10:36:12,77.5,--,61,472750,买盘,2017-06-29,2017-06-29 10:36:12
10:36:15,10:36:15,77.55,0.05,15,123692,买盘,2017-06-29,2017-06-29 10:36:15
10:36:18,10:36:18,77.53,-0.02,21,162813,中性盘,2017-06-29,2017-06-29 10:36:18
10:36:21,10:36:21,77.5,-0.03,14,108887,卖盘,2017-06-29,2017-06-29 10:36:21
10:36:24,10:36:24,77.5,--,12,93000,买盘,2017-06-29,2017-06-29 10:36:24
10:36:27,10:36:27,77.55,0.05,27,216752,买盘,2017-06-29,2017-06-29 10:36:27
10:36:30,10:36:30,77.5,-0.05,15,116250,卖盘,2017-06-29,2017-06-29 10:36:30
10:36:33,10:36:33,77.55,0.05,116,899580,买盘,2017-06-29,2017-06-29 10:36:33
10:36:36,10:36:36,77.6,0.05,16,124159,买盘,2017-06-29,2017-06-29 10:36:36
10:36:39,10:36:39,77.6,--,2,15519,买盘,2017-06-29,2017-06-29 10:36:39
10:36:42,10:36:42,77.55,-0.05,29,224895,卖盘,2017-06-29,2017-06-29 10:36:42
10:36:45,10:36:45,77.56,0.01,3,23268,中性盘,2017-06-29,2017-06-29 10:36:45
10:36:48,10:36:48,77.6,0.04,8,67512,卖盘,2017-06-29,2017-06-29 10:36:48
10:36:51,10:36:51,77.6,--,6,46560,卖盘,2017-06-29,2017-06-29 10:36:51
10:36:54,10:36:54,77.68,0.08,12,93216,买盘,2017-06-29,2017-06-29 10:36:54
10:36:57,10:36:57,77.68,--,20,155360,卖盘,2017-06-29,2017-06-29 10:36:57
10:37:00,10:37:00,77.78,0.1,9,70002,买盘,2017-06-29,2017-06-29 10:37:00
10:37:03,10:37:03,77.7,-0.08,54,419580,中性盘,2017-06-29,2017-06-29 10:37:03
10:37:06,10:37:06,77.7,--,26,202020,买盘,2017-06-29,2017-06-29 10:37:06
10:37:09,10:37:09,77.77,0.07,5,38885,买盘,2017-06-29,2017-06-29 10:37:09
10:37:12,10:37:12,77.7,-0.07,2,20979,卖盘,2017-06-29,2017-06-29 10:37:12
10:37:15,10:37:15,77.7,--,13,101010,卖盘,2017-06-29,2017-06-29 10:37:15
10:37:18,10:37:18,77.77,0.07,12,93324,买盘,2017-06-29,2017-06-29 10:37:18
10:37:21,10:37:21,77.63,-0.14,80,621040,卖盘,2017-06-29,2017-06-29 10:37:21
10:37:24,10:37:24,77.77,0.14,7,54439,中性盘,2017-06-29,2017-06-29 10:37:24
10:37:27,10:37:27,77.77,--,5,38885,卖盘,2017-06-29,2017-06-29 10:37:27
10:37:30,10:37:30,77.77,--,1,7777,中性盘,2017-06-29,2017-06-29 10:37:30
10:37:36,10:37:36,77.63,-0.14,15,117221,卖盘,2017-06-29,2017-06-29 10:37:36
10:37:39,10:37:39,77.75,0.12,3,23325,买盘,2017-06-29,2017-06-29 10:37:39
10:37:42,10:37:42,77.71,-0.04,38,295298,卖盘,2017-06-29,2017-06-29 10:37:42
10:37:45,10:37:45,77.67,-0.04,2,15534,卖盘,2017-06-29,2017-06-29 10:37:45
10:37:48,10:37:48,77.7,0.03,8,62160,买盘,2017-06-29,2017-06-29 10:37:48
10:37:51,10:37:51,77.7,--,20,155400,买盘,2017-06-29,2017-06-29 10:37:51
10:37:54,10:37:54,77.7,--,54,419580,买盘,2017-06-29,2017-06-29 10:37:54
10:37:57,10:37:57,77.67,-0.03,54,419418,卖盘,2017-06-29,2017-06-29 10:37:57
10:38:00,10:38:00,77.67,--,70,543690,买盘,2017-06-29,2017-06-29 10:38:00
10:38:03,10:38:03,77.67,--,2,15534,买盘,2017-06-29,2017-06-29 10:38:03
10:38:06,10:38:06,77.63,-0.04,37,288783,卖盘,2017-06-29,2017-06-29 10:38:06
10:38:09,10:38:09,77.63,--,7,54341,买盘,2017-06-29,2017-06-29 10:38:09
10:38:12,10:38:12,77.7,0.07,88,689976,买盘,2017-06-29,2017-06-29 10:38:12
10:38:15,10:38:15,77.7,--,10,83139,卖盘,2017-06-29,2017-06-29 10:38:15
10:38:18,10:38:18,77.7,--,5,38850,卖盘,2017-06-29,2017-06-29 10:38:18
10:38:21,10:38:21,77.71,0.01,52,404091,买盘,2017-06-29,2017-06-29 10:38:21
10:38:24,10:38:24,77.7,-0.01,10,77700,中性盘,2017-06-29,2017-06-29 10:38:24
10:38:30,10:38:30,77.68,-0.02,6,46608,中性盘,2017-06-29,2017-06-29 10:38:30
10:38:33,10:38:33,77.68,--,2,15536,买盘,2017-06-29,2017-06-29 10:38:33
10:38:36,10:38:36,77.71,0.03,80,621680,买盘,2017-06-29,2017-06-29 10:38:36
10:38:39,10:38:39,77.71,--,5,38855,买盘,2017-06-29,2017-06-29 10:38:39
10:38:45,10:38:45,77.62,-0.09,39,305745,卖盘,2017-06-29,2017-06-29 10:38:45
10:38:51,10:38:51,77.69,0.07,3,23307,买盘,2017-06-29,2017-06-29 10:38:51
10:38:54,10:38:54,77.7,0.01,6,46620,买盘,2017-06-29,2017-06-29 10:38:54
10:38:57,10:38:57,77.7,--,17,137529,买盘,2017-06-29,2017-06-29 10:38:57
10:39:00,10:39:00,77.7,--,22,173271,卖盘,2017-06-29,2017-06-29 10:39:00
10:39:03,10:39:03,77.7,--,2,15540,买盘,2017-06-29,2017-06-29 10:39:03
10:39:06,10:39:06,77.5,-0.2,248,1925177,卖盘,2017-06-29,2017-06-29 10:39:06
10:39:09,10:39:09,77.5,--,11,85250,买盘,2017-06-29,2017-06-29 10:39:09
10:39:12,10:39:12,77.5,--,5,38750,买盘,2017-06-29,2017-06-29 10:39:12
10:39:15,10:39:15,77.49,-0.01,4,30995,卖盘,2017-06-29,2017-06-29 10:39:15
10:39:18,10:39:18,77.5,0.01,139,1081822,买盘,2017-06-29,2017-06-29 10:39:18
10:39:21,10:39:21,77.5,--,12,93000,卖盘,2017-06-29,2017-06-29 10:39:21
10:39:24,10:39:24,77.6,0.1,25,199431,买盘,2017-06-29,2017-06-29 10:39:24
10:39:27,10:39:27,77.5,-0.1,9,69750,卖盘,2017-06-29,2017-06-29 10:39:27
10:39:30,10:39:30,77.51,0.01,16,124016,中性盘,2017-06-29,2017-06-29 10:39:30
10:39:36,10:39:36,77.51,--,8,62008,卖盘,2017-06-29,2017-06-29 10:39:36
10:39:39,10:39:39,77.6,0.09,11,85360,买盘,2017-06-29,2017-06-29 10:39:39
10:39:42,10:39:42,77.6,--,56,434559,卖盘,2017-06-29,2017-06-29 10:39:42
10:39:45,10:39:45,77.52,-0.08,1,7752,卖盘,2017-06-29,2017-06-29 10:39:45
10:39:48,10:39:48,77.6,0.08,18,139680,买盘,2017-06-29,2017-06-29 10:39:48
10:39:51,10:39:51,77.59,-0.01,4,31036,买盘,2017-06-29,2017-06-29 10:39:51
10:39:54,10:39:54,77.59,--,9,69831,买盘,2017-06-29,2017-06-29 10:39:54
10:39:57,10:39:57,77.59,--,30,232770,中性盘,2017-06-29,2017-06-29 10:39:57
10:40:00,10:40:00,77.6,0.01,18,145112,买盘,2017-06-29,2017-06-29 10:40:00
10:40:03,10:40:03,77.55,-0.05,34,265996,卖盘,2017-06-29,2017-06-29 10:40:03
10:40:06,10:40:06,77.55,--,12,93060,买盘,2017-06-29,2017-06-29 10:40:06
10:40:09,10:40:09,77.58,0.03,18,142747,买盘,2017-06-29,2017-06-29 10:40:09
10:40:15,10:40:15,77.55,-0.03,11,85305,卖盘,2017-06-29,2017-06-29 10:40:15
10:40:18,10:40:18,77.58,0.03,23,178434,买盘,2017-06-29,2017-06-29 10:40:18
10:40:21,10:40:21,77.55,-0.03,3,28693,卖盘,2017-06-29,2017-06-29 10:40:21
10:40:24,10:40:24,77.55,--,129,1007374,卖盘,2017-06-29,2017-06-29 10:40:24
10:40:27,10:40:27,77.55,--,22,170610,买盘,2017-06-29,2017-06-29 10:40:27
10:40:30,10:40:30,77.55,--,1,7755,买盘,2017-06-29,2017-06-29 10:40:30
10:40:33,10:40:33,77.53,-0.02,10,77530,卖盘,2017-06-29,2017-06-29 10:40:33
10:40:36,10:40:36,77.55,0.02,14,108570,买盘,2017-06-29,2017-06-29 10:40:36
10:40:39,10:40:39,77.58,0.03,35,271530,买盘,2017-06-29,2017-06-29 10:40:39
10:40:42,10:40:42,77.6,0.02,95,737976,买盘,2017-06-29,2017-06-29 10:40:42
10:40:45,10:40:45,77.55,-0.05,10,84529,卖盘,2017-06-29,2017-06-29 10:40:45
10:40:48,10:40:48,77.57,0.02,3,23270,买盘,2017-06-29,2017-06-29 10:40:48
10:40:51,10:40:51,77.61,0.04,10,78386,买盘,2017-06-29,2017-06-29 10:40:51
10:40:54,10:40:54,77.58,-0.03,13,107836,卖盘,2017-06-29,2017-06-29 10:40:54
10:40:57,10:40:57,77.61,0.03,6,46566,买盘,2017-06-29,2017-06-29 10:40:57
10:41:03,10:41:03,77.6,-0.01,6,46560,卖盘,2017-06-29,2017-06-29 10:41:03
10:41:06,10:41:06,77.6,--,4,31039,卖盘,2017-06-29,2017-06-29 10:41:06
10:41:09,10:41:09,77.6,--,15,116399,卖盘,2017-06-29,2017-06-29 10:41:09
10:41:12,10:41:12,77.68,0.08,17,132056,买盘,2017-06-29,2017-06-29 10:41:12
10:41:18,10:41:18,77.58,-0.1,7,54306,卖盘,2017-06-29,2017-06-29 10:41:18
10:41:21,10:41:21,77.6,0.02,4,36472,买盘,2017-06-29,2017-06-29 10:41:21
10:41:24,10:41:24,77.69,0.09,27,209763,买盘,2017-06-29,2017-06-29 10:41:24
10:41:30,10:41:30,77.6,-0.09,7,59751,卖盘,2017-06-29,2017-06-29 10:41:30
10:41:33,10:41:33,77.69,0.09,22,170918,买盘,2017-06-29,2017-06-29 10:41:33
10:41:36,10:41:36,77.68,-0.01,7,54376,买盘,2017-06-29,2017-06-29 10:41:36
10:41:39,10:41:39,77.7,0.02,113,882672,买盘,2017-06-29,2017-06-29 10:41:39
10:41:45,10:41:45,77.6,-0.1,1,7759,中性盘,2017-06-29,2017-06-29 10:41:45
10:41:48,10:41:48,77.6,--,5,38800,中性盘,2017-06-29,2017-06-29 10:41:48
10:41:51,10:41:51,77.7,0.1,59,458430,买盘,2017-06-29,2017-06-29 10:41:51
10:41:57,10:41:57,77.6,-0.1,6,46560,中性盘,2017-06-29,2017-06-29 10:41:57
10:42:03,10:42:03,77.66,0.06,6,46596,买盘,2017-06-29,2017-06-29 10:42:03
10:42:06,10:42:06,77.6,-0.06,47,364720,卖盘,2017-06-29,2017-06-29 10:42:06
10:42:09,10:42:09,77.6,--,5,38800,卖盘,2017-06-29,2017-06-29 10:42:09
10:42:12,10:42:12,77.65,0.05,2,15530,买盘,2017-06-29,2017-06-29 10:42:12
10:42:15,10:42:15,77.68,0.03,5,38840,买盘,2017-06-29,2017-06-29 10:42:15
10:42:18,10:42:18,77.6,-0.08,40,310400,卖盘,2017-06-29,2017-06-29 10:42:18
10:42:21,10:42:21,77.6,--,5,38800,卖盘,2017-06-29,2017-06-29 10:42:21
10:42:24,10:42:24,77.6,--,88,682880,卖盘,2017-06-29,2017-06-29 10:42:24
10:42:27,10:42:27,77.6,--,8,62079,卖盘,2017-06-29,2017-06-29 10:42:27
10:42:33,10:42:33,77.63,0.03,3,23289,卖盘,2017-06-29,2017-06-29 10:42:33
10:42:39,10:42:39,77.6,-0.03,3,23280,卖盘,2017-06-29,2017-06-29 10:42:39
