idx_time,time,price,change,volume,amount,type,date,date_time
09:25:03,09:25:03,43.05,43.05,3631,15633090,买盘,2017-07-19,2017-07-19 09:25:03
09:30:00,09:30:00,43.1,0.05,158,680980,买盘,2017-07-19,2017-07-19 09:30:00
09:30:03,09:30:03,43.2,0.1,3525,15228000,买盘,2017-07-19,2017-07-19 09:30:03
09:30:06,09:30:06,43.1,-0.1,680,2930800,卖盘,2017-07-19,2017-07-19 09:30:06
09:30:09,09:30:09,43.1,--,374,1611940,卖盘,2017-07-19,2017-07-19 09:30:09
09:30:12,09:30:12,43.12,0.02,68,293216,买盘,2017-07-19,2017-07-19 09:30:12
09:30:15,09:30:15,43.1,-0.02,42,181020,卖盘,2017-07-19,2017-07-19 09:30:15
09:30:18,09:30:18,43.2,0.1,193,833760,买盘,2017-07-19,2017-07-19 09:30:18
09:30:21,09:30:21,43.2,--,105,453600,买盘,2017-07-19,2017-07-19 09:30:21
09:30:24,09:30:24,43.12,-0.08,199,858088,卖盘,2017-07-19,2017-07-19 09:30:24
09:30:27,09:30:27,43.07,-0.05,360,1550520,卖盘,2017-07-19,2017-07-19 09:30:27
09:30:30,09:30:30,43.1,0.03,347,1495570,卖盘,2017-07-19,2017-07-19 09:30:30
09:30:33,09:30:33,43.1,--,129,559567,卖盘,2017-07-19,2017-07-19 09:30:33
09:30:36,09:30:36,43.1,--,135,581850,卖盘,2017-07-19,2017-07-19 09:30:36
09:30:39,09:30:39,43.14,0.04,69,297666,买盘,2017-07-19,2017-07-19 09:30:39
09:30:42,09:30:42,43.14,--,151,651414,卖盘,2017-07-19,2017-07-19 09:30:42
09:30:45,09:30:45,43.1,-0.04,143,616330,卖盘,2017-07-19,2017-07-19 09:30:45
09:30:48,09:30:48,43.1,--,133,573230,卖盘,2017-07-19,2017-07-19 09:30:48
09:30:51,09:30:51,43.1,--,209,900790,卖盘,2017-07-19,2017-07-19 09:30:51
09:30:54,09:30:54,43.09,-0.01,119,512771,卖盘,2017-07-19,2017-07-19 09:30:54
09:30:57,09:30:57,43.11,0.02,243,1047573,买盘,2017-07-19,2017-07-19 09:30:57
09:31:00,09:31:00,43.12,0.01,238,1026255,中性盘,2017-07-19,2017-07-19 09:31:00
09:31:03,09:31:03,43.12,--,208,896896,卖盘,2017-07-19,2017-07-19 09:31:03
09:31:06,09:31:06,43.12,--,71,306152,卖盘,2017-07-19,2017-07-19 09:31:06
09:31:09,09:31:09,43.12,--,187,806344,卖盘,2017-07-19,2017-07-19 09:31:09
09:31:12,09:31:12,43.1,-0.02,102,439620,卖盘,2017-07-19,2017-07-19 09:31:12
09:31:15,09:31:15,43.07,-0.03,182,783874,卖盘,2017-07-19,2017-07-19 09:31:15
09:31:18,09:31:18,43.1,0.03,215,926650,买盘,2017-07-19,2017-07-19 09:31:18
09:31:21,09:31:21,42.99,-0.11,918,3949147,卖盘,2017-07-19,2017-07-19 09:31:21
09:31:24,09:31:24,42.88,-0.11,227,973376,卖盘,2017-07-19,2017-07-19 09:31:24
09:31:27,09:31:27,42.8,-0.08,37,158360,卖盘,2017-07-19,2017-07-19 09:31:27
09:31:30,09:31:30,42.72,-0.08,118,504096,卖盘,2017-07-19,2017-07-19 09:31:30
09:31:33,09:31:33,42.47,-0.25,323,1371781,卖盘,2017-07-19,2017-07-19 09:31:33
09:31:36,09:31:36,42.41,-0.06,175,742174,卖盘,2017-07-19,2017-07-19 09:31:36
09:31:39,09:31:39,42.28,-0.13,389,1644692,卖盘,2017-07-19,2017-07-19 09:31:39
09:31:42,09:31:42,42.38,0.1,91,385658,买盘,2017-07-19,2017-07-19 09:31:42
09:31:45,09:31:45,42.25,-0.13,130,549250,中性盘,2017-07-19,2017-07-19 09:31:45
09:31:48,09:31:48,42.0,-0.25,399,1675800,卖盘,2017-07-19,2017-07-19 09:31:48
09:31:51,09:31:51,42.0,--,138,579600,买盘,2017-07-19,2017-07-19 09:31:51
09:31:54,09:31:54,41.98,-0.02,131,549938,中性盘,2017-07-19,2017-07-19 09:31:54
09:31:57,09:31:57,41.88,-0.1,744,3115872,卖盘,2017-07-19,2017-07-19 09:31:57
09:32:00,09:32:00,41.88,--,299,1252212,卖盘,2017-07-19,2017-07-19 09:32:00
09:32:03,09:32:03,41.86,-0.02,219,916734,卖盘,2017-07-19,2017-07-19 09:32:03
09:32:06,09:32:06,41.85,-0.01,255,1067175,卖盘,2017-07-19,2017-07-19 09:32:06
09:32:09,09:32:09,41.8,-0.05,240,1003199,卖盘,2017-07-19,2017-07-19 09:32:09
09:32:12,09:32:12,41.78,-0.02,185,772930,卖盘,2017-07-19,2017-07-19 09:32:12
09:32:15,09:32:15,41.66,-0.12,120,499919,卖盘,2017-07-19,2017-07-19 09:32:15
09:32:18,09:32:18,41.66,--,55,229129,卖盘,2017-07-19,2017-07-19 09:32:18
09:32:21,09:32:21,41.6,-0.06,96,399360,卖盘,2017-07-19,2017-07-19 09:32:21
09:32:24,09:32:24,41.6,--,77,320320,卖盘,2017-07-19,2017-07-19 09:32:24
09:32:27,09:32:27,41.59,-0.01,119,494921,卖盘,2017-07-19,2017-07-19 09:32:27
09:32:30,09:32:30,41.59,--,129,536511,买盘,2017-07-19,2017-07-19 09:32:30
09:32:33,09:32:33,41.36,-0.23,176,727936,卖盘,2017-07-19,2017-07-19 09:32:33
09:32:36,09:32:36,41.5,0.14,138,572700,买盘,2017-07-19,2017-07-19 09:32:36
09:32:39,09:32:39,41.36,-0.14,77,318472,卖盘,2017-07-19,2017-07-19 09:32:39
09:32:42,09:32:42,41.3,-0.06,104,429519,卖盘,2017-07-19,2017-07-19 09:32:42
09:32:45,09:32:45,41.27,-0.03,148,610796,卖盘,2017-07-19,2017-07-19 09:32:45
09:32:48,09:32:48,41.17,-0.1,68,279956,卖盘,2017-07-19,2017-07-19 09:32:48
09:32:51,09:32:51,41.2,0.03,199,819880,买盘,2017-07-19,2017-07-19 09:32:51
09:32:54,09:32:54,41.14,-0.06,312,1283568,卖盘,2017-07-19,2017-07-19 09:32:54
09:32:57,09:32:57,41.02,-0.12,215,881930,卖盘,2017-07-19,2017-07-19 09:32:57
09:33:00,09:33:00,41.02,--,254,1041908,卖盘,2017-07-19,2017-07-19 09:33:00
09:33:03,09:33:03,41.04,0.02,176,722304,买盘,2017-07-19,2017-07-19 09:33:03
09:33:06,09:33:06,41.17,0.13,322,1327650,买盘,2017-07-19,2017-07-19 09:33:06
09:33:09,09:33:09,41.17,--,248,1021016,买盘,2017-07-19,2017-07-19 09:33:09
09:33:12,09:33:12,41.2,0.03,325,1339000,买盘,2017-07-19,2017-07-19 09:33:12
09:33:15,09:33:15,41.27,0.07,186,767622,买盘,2017-07-19,2017-07-19 09:33:15
09:33:18,09:33:18,41.28,0.01,302,1246656,买盘,2017-07-19,2017-07-19 09:33:18
09:33:21,09:33:21,41.28,--,268,1106304,买盘,2017-07-19,2017-07-19 09:33:21
09:33:24,09:33:24,41.3,0.02,133,549290,买盘,2017-07-19,2017-07-19 09:33:24
09:33:27,09:33:27,41.27,-0.03,481,1985087,卖盘,2017-07-19,2017-07-19 09:33:27
09:33:30,09:33:30,41.32,0.05,127,524764,买盘,2017-07-19,2017-07-19 09:33:30
09:33:33,09:33:33,41.47,0.15,52,215644,买盘,2017-07-19,2017-07-19 09:33:33
09:33:36,09:33:36,41.53,0.06,42,174426,买盘,2017-07-19,2017-07-19 09:33:36
09:33:39,09:33:39,41.59,0.06,63,262017,买盘,2017-07-19,2017-07-19 09:33:39
09:33:42,09:33:42,41.59,--,30,124770,买盘,2017-07-19,2017-07-19 09:33:42
09:33:45,09:33:45,41.71,0.12,204,850884,买盘,2017-07-19,2017-07-19 09:33:45
09:33:48,09:33:48,41.66,-0.05,21,87486,中性盘,2017-07-19,2017-07-19 09:33:48
09:33:51,09:33:51,41.71,0.05,31,129301,买盘,2017-07-19,2017-07-19 09:33:51
09:33:54,09:33:54,41.66,-0.05,343,1428937,卖盘,2017-07-19,2017-07-19 09:33:54
09:33:57,09:33:57,41.66,--,131,545746,买盘,2017-07-19,2017-07-19 09:33:57
09:34:00,09:34:00,41.66,--,87,362441,买盘,2017-07-19,2017-07-19 09:34:00
09:34:03,09:34:03,41.57,-0.09,105,436485,卖盘,2017-07-19,2017-07-19 09:34:03
09:34:06,09:34:06,41.55,-0.02,74,307470,卖盘,2017-07-19,2017-07-19 09:34:06
09:34:09,09:34:09,41.55,--,78,324090,卖盘,2017-07-19,2017-07-19 09:34:09
09:34:12,09:34:12,41.53,-0.02,166,689398,买盘,2017-07-19,2017-07-19 09:34:12
09:34:15,09:34:15,41.3,-0.23,275,1135750,卖盘,2017-07-19,2017-07-19 09:34:15
09:34:18,09:34:18,41.27,-0.03,204,841908,卖盘,2017-07-19,2017-07-19 09:34:18
09:34:21,09:34:21,41.22,-0.05,49,201978,买盘,2017-07-19,2017-07-19 09:34:21
09:34:24,09:34:24,41.16,-0.06,306,1259496,卖盘,2017-07-19,2017-07-19 09:34:24
09:34:27,09:34:27,41.1,-0.06,68,279480,卖盘,2017-07-19,2017-07-19 09:34:27
09:34:30,09:34:30,41.09,-0.01,146,599914,卖盘,2017-07-19,2017-07-19 09:34:30
09:34:33,09:34:33,41.08,-0.01,60,246480,中性盘,2017-07-19,2017-07-19 09:34:33
09:34:36,09:34:36,41.01,-0.07,179,734079,卖盘,2017-07-19,2017-07-19 09:34:36
09:34:39,09:34:39,41.0,-0.01,138,565800,卖盘,2017-07-19,2017-07-19 09:34:39
09:34:42,09:34:42,40.99,-0.01,181,744050,卖盘,2017-07-19,2017-07-19 09:34:42
09:34:45,09:34:45,41.0,0.01,75,307500,买盘,2017-07-19,2017-07-19 09:34:45
09:34:48,09:34:48,40.96,-0.04,57,233472,中性盘,2017-07-19,2017-07-19 09:34:48
09:34:51,09:34:51,40.89,-0.07,54,220806,卖盘,2017-07-19,2017-07-19 09:34:51
09:34:54,09:34:54,40.87,-0.02,143,584441,卖盘,2017-07-19,2017-07-19 09:34:54
09:34:57,09:34:57,40.8,-0.07,76,310080,卖盘,2017-07-19,2017-07-19 09:34:57
09:35:00,09:35:00,40.8,--,112,456959,卖盘,2017-07-19,2017-07-19 09:35:00
09:35:03,09:35:03,40.76,-0.04,195,794820,卖盘,2017-07-19,2017-07-19 09:35:03
09:35:06,09:35:06,40.7,-0.06,68,276760,中性盘,2017-07-19,2017-07-19 09:35:06
09:35:09,09:35:09,40.55,-0.15,154,624470,卖盘,2017-07-19,2017-07-19 09:35:09
09:35:12,09:35:12,40.6,0.05,225,913500,买盘,2017-07-19,2017-07-19 09:35:12
09:35:15,09:35:15,40.69,0.09,285,1159665,买盘,2017-07-19,2017-07-19 09:35:15
09:35:18,09:35:18,40.61,-0.08,887,3602107,中性盘,2017-07-19,2017-07-19 09:35:18
09:35:21,09:35:21,40.69,0.08,346,1407874,中性盘,2017-07-19,2017-07-19 09:35:21
09:35:24,09:35:24,40.7,0.01,186,757020,卖盘,2017-07-19,2017-07-19 09:35:24
09:35:27,09:35:27,40.71,0.01,177,720567,中性盘,2017-07-19,2017-07-19 09:35:27
09:35:30,09:35:30,40.8,0.09,335,1366800,买盘,2017-07-19,2017-07-19 09:35:30
09:35:33,09:35:33,40.77,-0.03,168,684936,卖盘,2017-07-19,2017-07-19 09:35:33
09:35:36,09:35:36,41.01,0.24,661,2712729,买盘,2017-07-19,2017-07-19 09:35:36
09:35:39,09:35:39,40.85,-0.16,31,126635,卖盘,2017-07-19,2017-07-19 09:35:39
09:35:42,09:35:42,41.03,0.18,76,311828,买盘,2017-07-19,2017-07-19 09:35:42
09:35:45,09:35:45,41.01,-0.02,280,1148280,中性盘,2017-07-19,2017-07-19 09:35:45
09:35:48,09:35:48,40.9,-0.11,82,335380,中性盘,2017-07-19,2017-07-19 09:35:48
09:35:51,09:35:51,41.03,0.13,162,664686,买盘,2017-07-19,2017-07-19 09:35:51
09:35:54,09:35:54,41.2,0.17,62,255440,买盘,2017-07-19,2017-07-19 09:35:54
09:35:57,09:35:57,41.1,-0.1,45,184950,卖盘,2017-07-19,2017-07-19 09:35:57
09:36:00,09:36:00,41.2,0.1,126,519120,买盘,2017-07-19,2017-07-19 09:36:00
09:36:03,09:36:03,41.18,-0.02,79,325322,中性盘,2017-07-19,2017-07-19 09:36:03
09:36:06,09:36:06,41.3,0.12,29,119769,买盘,2017-07-19,2017-07-19 09:36:06
09:36:09,09:36:09,41.2,-0.1,128,527360,卖盘,2017-07-19,2017-07-19 09:36:09
09:36:12,09:36:12,41.2,--,52,214240,卖盘,2017-07-19,2017-07-19 09:36:12
09:36:15,09:36:15,41.2,--,137,564440,卖盘,2017-07-19,2017-07-19 09:36:15
09:36:18,09:36:18,41.2,--,148,609760,买盘,2017-07-19,2017-07-19 09:36:18
09:36:21,09:36:21,41.2,--,71,292520,卖盘,2017-07-19,2017-07-19 09:36:21
09:36:24,09:36:24,41.15,-0.05,268,1102820,卖盘,2017-07-19,2017-07-19 09:36:24
09:36:27,09:36:27,41.15,--,72,296280,买盘,2017-07-19,2017-07-19 09:36:27
09:36:30,09:36:30,41.15,--,54,222210,买盘,2017-07-19,2017-07-19 09:36:30
09:36:33,09:36:33,41.1,-0.05,16,65760,中性盘,2017-07-19,2017-07-19 09:36:33
09:36:36,09:36:36,41.1,--,42,172620,买盘,2017-07-19,2017-07-19 09:36:36
09:36:39,09:36:39,41.1,--,98,402780,买盘,2017-07-19,2017-07-19 09:36:39
09:36:42,09:36:42,41.1,--,79,324690,卖盘,2017-07-19,2017-07-19 09:36:42
09:36:45,09:36:45,41.1,--,77,316470,卖盘,2017-07-19,2017-07-19 09:36:45
09:36:48,09:36:48,41.14,0.04,127,522478,买盘,2017-07-19,2017-07-19 09:36:48
09:36:51,09:36:51,41.1,-0.04,131,538410,卖盘,2017-07-19,2017-07-19 09:36:51
09:36:54,09:36:54,41.0,-0.1,222,910200,卖盘,2017-07-19,2017-07-19 09:36:54
09:36:57,09:36:57,40.9,-0.1,25,102250,卖盘,2017-07-19,2017-07-19 09:36:57
09:37:00,09:37:00,41.0,0.1,63,258300,买盘,2017-07-19,2017-07-19 09:37:00
09:37:03,09:37:03,40.9,-0.1,31,126790,卖盘,2017-07-19,2017-07-19 09:37:03
09:37:06,09:37:06,40.9,--,108,441720,卖盘,2017-07-19,2017-07-19 09:37:06
09:37:09,09:37:09,40.9,--,65,265850,买盘,2017-07-19,2017-07-19 09:37:09
09:37:12,09:37:12,40.9,--,128,523520,买盘,2017-07-19,2017-07-19 09:37:12
09:37:15,09:37:15,40.91,0.01,69,282279,买盘,2017-07-19,2017-07-19 09:37:15
09:37:18,09:37:18,40.9,-0.01,41,167690,卖盘,2017-07-19,2017-07-19 09:37:18
09:37:21,09:37:21,40.89,-0.01,251,1026339,卖盘,2017-07-19,2017-07-19 09:37:21
09:37:24,09:37:24,40.9,0.01,117,478530,买盘,2017-07-19,2017-07-19 09:37:24
09:37:27,09:37:27,40.85,-0.05,114,465690,卖盘,2017-07-19,2017-07-19 09:37:27
09:37:30,09:37:30,40.85,--,60,245100,卖盘,2017-07-19,2017-07-19 09:37:30
09:37:33,09:37:33,40.86,0.01,113,461718,中性盘,2017-07-19,2017-07-19 09:37:33
09:37:36,09:37:36,40.84,-0.02,74,302216,中性盘,2017-07-19,2017-07-19 09:37:36
09:37:39,09:37:39,40.82,-0.02,51,208182,卖盘,2017-07-19,2017-07-19 09:37:39
09:37:42,09:37:42,40.82,--,132,538824,中性盘,2017-07-19,2017-07-19 09:37:42
09:37:45,09:37:45,40.8,-0.02,49,199920,卖盘,2017-07-19,2017-07-19 09:37:45
09:37:48,09:37:48,40.8,--,127,518159,买盘,2017-07-19,2017-07-19 09:37:48
09:37:51,09:37:51,40.77,-0.03,25,101925,卖盘,2017-07-19,2017-07-19 09:37:51
09:37:54,09:37:54,40.76,-0.01,116,472816,卖盘,2017-07-19,2017-07-19 09:37:54
09:37:57,09:37:57,40.76,--,40,163040,卖盘,2017-07-19,2017-07-19 09:37:57
09:38:00,09:38:00,40.76,--,150,611400,买盘,2017-07-19,2017-07-19 09:38:00
09:38:03,09:38:03,40.75,-0.01,118,480850,卖盘,2017-07-19,2017-07-19 09:38:03
09:38:06,09:38:06,40.73,-0.02,125,509124,中性盘,2017-07-19,2017-07-19 09:38:06
09:38:09,09:38:09,40.72,-0.01,79,321688,中性盘,2017-07-19,2017-07-19 09:38:09
09:38:12,09:38:12,40.73,0.01,37,150701,买盘,2017-07-19,2017-07-19 09:38:12
09:38:15,09:38:15,40.72,-0.01,80,325760,卖盘,2017-07-19,2017-07-19 09:38:15
09:38:18,09:38:18,40.72,--,228,928416,买盘,2017-07-19,2017-07-19 09:38:18
09:38:21,09:38:21,40.72,--,248,1009856,卖盘,2017-07-19,2017-07-19 09:38:21
09:38:24,09:38:24,40.73,0.01,235,957154,中性盘,2017-07-19,2017-07-19 09:38:24
09:38:27,09:38:27,40.78,0.05,84,342552,买盘,2017-07-19,2017-07-19 09:38:27
09:38:30,09:38:30,40.76,-0.02,111,452436,卖盘,2017-07-19,2017-07-19 09:38:30
09:38:33,09:38:33,40.78,0.02,118,481204,买盘,2017-07-19,2017-07-19 09:38:33
09:38:36,09:38:36,40.77,-0.01,146,595242,卖盘,2017-07-19,2017-07-19 09:38:36
09:38:39,09:38:39,40.81,0.04,64,261184,买盘,2017-07-19,2017-07-19 09:38:39
09:38:42,09:38:42,40.81,--,64,261184,卖盘,2017-07-19,2017-07-19 09:38:42
09:38:45,09:38:45,40.88,0.07,59,241192,买盘,2017-07-19,2017-07-19 09:38:45
09:38:48,09:38:48,40.84,-0.04,341,1392644,中性盘,2017-07-19,2017-07-19 09:38:48
09:38:51,09:38:51,40.91,0.07,34,139094,卖盘,2017-07-19,2017-07-19 09:38:51
09:38:54,09:38:54,40.91,--,23,94092,卖盘,2017-07-19,2017-07-19 09:38:54
09:38:57,09:38:57,41.0,0.09,16,65600,买盘,2017-07-19,2017-07-19 09:38:57
09:39:00,09:39:00,41.0,--,97,397700,买盘,2017-07-19,2017-07-19 09:39:00
09:39:03,09:39:03,41.01,0.01,67,274767,买盘,2017-07-19,2017-07-19 09:39:03
09:39:06,09:39:06,41.01,--,19,77919,中性盘,2017-07-19,2017-07-19 09:39:06
09:39:09,09:39:09,41.0,-0.01,39,159900,卖盘,2017-07-19,2017-07-19 09:39:09
09:39:12,09:39:12,41.06,0.06,64,262784,买盘,2017-07-19,2017-07-19 09:39:12
09:39:15,09:39:15,41.01,-0.05,69,282969,卖盘,2017-07-19,2017-07-19 09:39:15
09:39:18,09:39:18,41.01,--,92,377292,卖盘,2017-07-19,2017-07-19 09:39:18
09:39:21,09:39:21,41.01,--,26,106626,买盘,2017-07-19,2017-07-19 09:39:21
09:39:24,09:39:24,41.0,-0.01,49,200900,卖盘,2017-07-19,2017-07-19 09:39:24
09:39:27,09:39:27,41.06,0.06,36,147816,买盘,2017-07-19,2017-07-19 09:39:27
09:39:30,09:39:30,41.04,-0.02,59,242136,卖盘,2017-07-19,2017-07-19 09:39:30
09:39:33,09:39:33,41.1,0.06,58,238380,买盘,2017-07-19,2017-07-19 09:39:33
09:39:36,09:39:36,41.1,--,51,209610,买盘,2017-07-19,2017-07-19 09:39:36
09:39:39,09:39:39,41.07,-0.03,29,119103,卖盘,2017-07-19,2017-07-19 09:39:39
09:39:42,09:39:42,41.1,0.03,22,90420,买盘,2017-07-19,2017-07-19 09:39:42
09:39:45,09:39:45,41.1,--,50,205500,卖盘,2017-07-19,2017-07-19 09:39:45
09:39:48,09:39:48,41.1,--,31,127410,卖盘,2017-07-19,2017-07-19 09:39:48
09:39:51,09:39:51,41.1,--,47,193170,卖盘,2017-07-19,2017-07-19 09:39:51
09:39:54,09:39:54,41.11,0.01,60,246660,中性盘,2017-07-19,2017-07-19 09:39:54
09:39:57,09:39:57,41.1,-0.01,50,205500,卖盘,2017-07-19,2017-07-19 09:39:57
09:40:00,09:40:00,41.15,0.05,85,349775,买盘,2017-07-19,2017-07-19 09:40:00
09:40:03,09:40:03,41.15,--,24,98760,买盘,2017-07-19,2017-07-19 09:40:03
09:40:06,09:40:06,41.15,--,45,185175,买盘,2017-07-19,2017-07-19 09:40:06
09:40:09,09:40:09,41.15,--,20,82300,买盘,2017-07-19,2017-07-19 09:40:09
09:40:12,09:40:12,41.15,--,80,329200,买盘,2017-07-19,2017-07-19 09:40:12
09:40:15,09:40:15,41.1,-0.05,36,147960,卖盘,2017-07-19,2017-07-19 09:40:15
09:40:18,09:40:18,41.15,0.05,7,28805,买盘,2017-07-19,2017-07-19 09:40:18
09:40:21,09:40:21,41.14,-0.01,111,456654,买盘,2017-07-19,2017-07-19 09:40:21
09:40:24,09:40:24,41.07,-0.07,9,36963,卖盘,2017-07-19,2017-07-19 09:40:24
09:40:27,09:40:27,41.09,0.02,17,69853,中性盘,2017-07-19,2017-07-19 09:40:27
09:40:30,09:40:30,41.06,-0.03,61,250466,卖盘,2017-07-19,2017-07-19 09:40:30
09:40:33,09:40:33,41.09,0.03,1,4109,中性盘,2017-07-19,2017-07-19 09:40:33
09:40:36,09:40:36,41.1,0.01,86,353460,买盘,2017-07-19,2017-07-19 09:40:36
09:40:39,09:40:39,41.02,-0.08,57,233814,卖盘,2017-07-19,2017-07-19 09:40:39
09:40:42,09:40:42,41.09,0.07,4,16436,买盘,2017-07-19,2017-07-19 09:40:42
09:40:45,09:40:45,41.09,--,48,197232,买盘,2017-07-19,2017-07-19 09:40:45
09:40:48,09:40:48,41.09,--,68,279412,买盘,2017-07-19,2017-07-19 09:40:48
09:40:51,09:40:51,41.09,--,39,160251,卖盘,2017-07-19,2017-07-19 09:40:51
09:40:54,09:40:54,41.07,-0.02,109,447663,买盘,2017-07-19,2017-07-19 09:40:54
09:40:57,09:40:57,40.91,-0.16,97,396826,卖盘,2017-07-19,2017-07-19 09:40:57
09:41:00,09:41:00,41.05,0.14,5,20525,中性盘,2017-07-19,2017-07-19 09:41:00
09:41:03,09:41:03,41.0,-0.05,19,77900,卖盘,2017-07-19,2017-07-19 09:41:03
09:41:06,09:41:06,41.0,--,14,57400,卖盘,2017-07-19,2017-07-19 09:41:06
09:41:09,09:41:09,41.0,--,18,73800,卖盘,2017-07-19,2017-07-19 09:41:09
09:41:12,09:41:12,41.0,--,16,65600,买盘,2017-07-19,2017-07-19 09:41:12
09:41:15,09:41:15,41.0,--,102,418200,买盘,2017-07-19,2017-07-19 09:41:15
09:41:18,09:41:18,40.98,-0.02,21,86058,中性盘,2017-07-19,2017-07-19 09:41:18
09:41:21,09:41:21,40.91,-0.07,66,270006,卖盘,2017-07-19,2017-07-19 09:41:21
09:41:24,09:41:24,40.9,-0.01,34,139060,卖盘,2017-07-19,2017-07-19 09:41:24
09:41:27,09:41:27,40.91,0.01,8,32727,买盘,2017-07-19,2017-07-19 09:41:27
09:41:30,09:41:30,40.89,-0.02,32,130848,卖盘,2017-07-19,2017-07-19 09:41:30
09:41:33,09:41:33,40.91,0.02,2,8181,中性盘,2017-07-19,2017-07-19 09:41:33
09:41:36,09:41:36,41.01,0.1,238,976038,买盘,2017-07-19,2017-07-19 09:41:36
09:41:39,09:41:39,40.92,-0.09,18,73656,中性盘,2017-07-19,2017-07-19 09:41:39
09:41:42,09:41:42,41.0,0.08,57,233700,买盘,2017-07-19,2017-07-19 09:41:42
09:41:45,09:41:45,41.0,--,47,192700,卖盘,2017-07-19,2017-07-19 09:41:45
09:41:48,09:41:48,41.0,--,13,53300,卖盘,2017-07-19,2017-07-19 09:41:48
09:41:51,09:41:51,41.1,0.1,22,90420,买盘,2017-07-19,2017-07-19 09:41:51
09:41:54,09:41:54,41.06,-0.04,22,90332,卖盘,2017-07-19,2017-07-19 09:41:54
09:41:57,09:41:57,41.06,--,54,221724,卖盘,2017-07-19,2017-07-19 09:41:57
09:42:00,09:42:00,41.13,0.07,59,242667,买盘,2017-07-19,2017-07-19 09:42:00
09:42:03,09:42:03,41.13,--,9,37017,卖盘,2017-07-19,2017-07-19 09:42:03
09:42:06,09:42:06,41.15,0.02,76,312740,买盘,2017-07-19,2017-07-19 09:42:06
09:42:09,09:42:09,41.18,0.03,62,255316,买盘,2017-07-19,2017-07-19 09:42:09
09:42:12,09:42:12,41.18,--,13,53534,买盘,2017-07-19,2017-07-19 09:42:12
09:42:15,09:42:15,41.2,0.02,58,238960,买盘,2017-07-19,2017-07-19 09:42:15
09:42:18,09:42:18,41.2,--,49,201880,买盘,2017-07-19,2017-07-19 09:42:18
09:42:21,09:42:21,41.25,0.05,13,53625,买盘,2017-07-19,2017-07-19 09:42:21
09:42:24,09:42:24,41.3,0.05,51,210630,买盘,2017-07-19,2017-07-19 09:42:24
09:42:27,09:42:27,41.3,--,18,74340,买盘,2017-07-19,2017-07-19 09:42:27
09:42:30,09:42:30,41.3,--,118,487339,买盘,2017-07-19,2017-07-19 09:42:30
09:42:33,09:42:33,41.3,--,29,119769,卖盘,2017-07-19,2017-07-19 09:42:33
09:42:36,09:42:36,41.38,0.08,4,16552,买盘,2017-07-19,2017-07-19 09:42:36
09:42:39,09:42:39,41.41,0.03,12,49691,买盘,2017-07-19,2017-07-19 09:42:39
09:42:42,09:42:42,41.42,0.01,13,53846,中性盘,2017-07-19,2017-07-19 09:42:42
09:42:45,09:42:45,41.5,0.08,146,605900,买盘,2017-07-19,2017-07-19 09:42:45
09:42:48,09:42:48,41.55,0.05,17,70635,买盘,2017-07-19,2017-07-19 09:42:48
09:42:51,09:42:51,41.51,-0.04,11,45661,中性盘,2017-07-19,2017-07-19 09:42:51
09:42:54,09:42:54,41.59,0.08,14,58226,买盘,2017-07-19,2017-07-19 09:42:54
09:42:57,09:42:57,41.64,0.05,11,45804,买盘,2017-07-19,2017-07-19 09:42:57
09:43:00,09:43:00,41.64,--,4,16656,卖盘,2017-07-19,2017-07-19 09:43:00
09:43:03,09:43:03,41.66,0.02,52,216631,买盘,2017-07-19,2017-07-19 09:43:03
09:43:06,09:43:06,41.66,--,34,141644,买盘,2017-07-19,2017-07-19 09:43:06
09:43:09,09:43:09,41.66,--,24,99983,买盘,2017-07-19,2017-07-19 09:43:09
09:43:12,09:43:12,41.68,0.02,39,162552,买盘,2017-07-19,2017-07-19 09:43:12
09:43:15,09:43:15,41.66,-0.02,64,266624,卖盘,2017-07-19,2017-07-19 09:43:15
09:43:18,09:43:18,41.75,0.09,28,116900,买盘,2017-07-19,2017-07-19 09:43:18
09:43:21,09:43:21,41.75,--,39,162825,买盘,2017-07-19,2017-07-19 09:43:21
09:43:24,09:43:24,41.79,0.04,1,4179,买盘,2017-07-19,2017-07-19 09:43:24
09:43:27,09:43:27,41.8,0.01,36,150480,买盘,2017-07-19,2017-07-19 09:43:27
09:43:30,09:43:30,41.79,-0.01,13,54327,卖盘,2017-07-19,2017-07-19 09:43:30
09:43:33,09:43:33,41.88,0.09,58,242904,买盘,2017-07-19,2017-07-19 09:43:33
09:43:36,09:43:36,41.88,--,6,25128,卖盘,2017-07-19,2017-07-19 09:43:36
09:43:39,09:43:39,41.98,0.1,52,218295,买盘,2017-07-19,2017-07-19 09:43:39
09:43:42,09:43:42,41.86,-0.12,65,272090,卖盘,2017-07-19,2017-07-19 09:43:42
09:43:45,09:43:45,41.89,0.03,52,217828,卖盘,2017-07-19,2017-07-19 09:43:45
09:43:48,09:43:48,41.82,-0.07,96,401472,卖盘,2017-07-19,2017-07-19 09:43:48
09:43:51,09:43:51,41.88,0.06,113,473244,买盘,2017-07-19,2017-07-19 09:43:51
09:43:54,09:43:54,41.9,0.02,172,720680,买盘,2017-07-19,2017-07-19 09:43:54
09:43:57,09:43:57,41.9,--,78,326820,卖盘,2017-07-19,2017-07-19 09:43:57
09:44:00,09:44:00,41.95,0.05,83,348185,买盘,2017-07-19,2017-07-19 09:44:00
09:44:03,09:44:03,42.0,0.05,122,512400,买盘,2017-07-19,2017-07-19 09:44:03
09:44:06,09:44:06,42.0,--,44,184800,买盘,2017-07-19,2017-07-19 09:44:06
09:44:09,09:44:09,41.99,-0.01,49,205751,卖盘,2017-07-19,2017-07-19 09:44:09
09:44:12,09:44:12,42.0,0.01,309,1297800,买盘,2017-07-19,2017-07-19 09:44:12
09:44:15,09:44:15,42.05,0.05,24,100920,买盘,2017-07-19,2017-07-19 09:44:15
09:44:18,09:44:18,42.01,-0.04,79,331879,卖盘,2017-07-19,2017-07-19 09:44:18
09:44:21,09:44:21,42.2,0.19,10,42200,买盘,2017-07-19,2017-07-19 09:44:21
09:44:24,09:44:24,42.2,--,60,253200,买盘,2017-07-19,2017-07-19 09:44:24
09:44:27,09:44:27,42.2,--,30,126600,卖盘,2017-07-19,2017-07-19 09:44:27
09:44:30,09:44:30,42.3,0.1,94,397620,买盘,2017-07-19,2017-07-19 09:44:30
09:44:33,09:44:33,42.05,-0.25,59,248094,卖盘,2017-07-19,2017-07-19 09:44:33
09:44:36,09:44:36,42.3,0.25,184,778320,买盘,2017-07-19,2017-07-19 09:44:36
09:44:39,09:44:39,42.2,-0.1,100,422000,卖盘,2017-07-19,2017-07-19 09:44:39
09:44:42,09:44:42,42.25,0.05,201,849225,中性盘,2017-07-19,2017-07-19 09:44:42
09:44:45,09:44:45,42.22,-0.03,44,185768,卖盘,2017-07-19,2017-07-19 09:44:45
09:44:48,09:44:48,42.06,-0.16,101,424806,卖盘,2017-07-19,2017-07-19 09:44:48
09:44:51,09:44:51,42.2,0.14,186,784920,买盘,2017-07-19,2017-07-19 09:44:51
09:44:54,09:44:54,42.05,-0.15,96,403680,中性盘,2017-07-19,2017-07-19 09:44:54
09:44:57,09:44:57,41.99,-0.06,55,230945,卖盘,2017-07-19,2017-07-19 09:44:57
09:45:00,09:45:00,41.89,-0.1,464,1943696,卖盘,2017-07-19,2017-07-19 09:45:00
09:45:03,09:45:03,41.88,-0.01,96,402048,卖盘,2017-07-19,2017-07-19 09:45:03
09:45:06,09:45:06,41.85,-0.03,46,192510,卖盘,2017-07-19,2017-07-19 09:45:06
09:45:09,09:45:09,41.75,-0.1,151,630425,卖盘,2017-07-19,2017-07-19 09:45:09
09:45:12,09:45:12,41.79,0.04,43,179697,买盘,2017-07-19,2017-07-19 09:45:12
09:45:15,09:45:15,41.7,-0.09,10,41700,卖盘,2017-07-19,2017-07-19 09:45:15
09:45:18,09:45:18,41.7,--,29,120930,买盘,2017-07-19,2017-07-19 09:45:18
09:45:21,09:45:21,41.66,-0.04,29,120813,卖盘,2017-07-19,2017-07-19 09:45:21
09:45:24,09:45:24,41.7,0.04,64,266880,买盘,2017-07-19,2017-07-19 09:45:24
09:45:27,09:45:27,41.59,-0.11,29,120611,卖盘,2017-07-19,2017-07-19 09:45:27
09:45:30,09:45:30,41.65,0.06,65,270725,买盘,2017-07-19,2017-07-19 09:45:30
09:45:33,09:45:33,41.51,-0.14,86,356986,卖盘,2017-07-19,2017-07-19 09:45:33
09:45:36,09:45:36,41.58,0.07,60,249480,买盘,2017-07-19,2017-07-19 09:45:36
09:45:39,09:45:39,41.58,--,18,74844,买盘,2017-07-19,2017-07-19 09:45:39
09:45:42,09:45:42,41.38,-0.2,57,235866,卖盘,2017-07-19,2017-07-19 09:45:42
09:45:45,09:45:45,41.58,0.2,59,245322,买盘,2017-07-19,2017-07-19 09:45:45
09:45:48,09:45:48,41.4,-0.18,43,178020,卖盘,2017-07-19,2017-07-19 09:45:48
09:45:51,09:45:51,41.4,--,42,173880,卖盘,2017-07-19,2017-07-19 09:45:51
09:45:54,09:45:54,41.55,0.15,25,103875,买盘,2017-07-19,2017-07-19 09:45:54
09:45:57,09:45:57,41.55,--,30,124649,买盘,2017-07-19,2017-07-19 09:45:57
09:46:00,09:46:00,41.55,--,10,41550,卖盘,2017-07-19,2017-07-19 09:46:00
09:46:03,09:46:03,41.55,--,13,54014,卖盘,2017-07-19,2017-07-19 09:46:03
09:46:06,09:46:06,41.5,-0.05,90,373500,卖盘,2017-07-19,2017-07-19 09:46:06
09:46:09,09:46:09,41.51,0.01,29,120379,中性盘,2017-07-19,2017-07-19 09:46:09
09:46:12,09:46:12,41.5,-0.01,18,74700,卖盘,2017-07-19,2017-07-19 09:46:12
09:46:15,09:46:15,41.5,--,23,95450,卖盘,2017-07-19,2017-07-19 09:46:15
09:46:18,09:46:18,41.5,--,30,124500,买盘,2017-07-19,2017-07-19 09:46:18
09:46:21,09:46:21,41.5,--,24,99600,买盘,2017-07-19,2017-07-19 09:46:21
09:46:24,09:46:24,41.5,--,27,112050,买盘,2017-07-19,2017-07-19 09:46:24
09:46:27,09:46:27,41.48,-0.02,12,49775,中性盘,2017-07-19,2017-07-19 09:46:27
09:46:30,09:46:30,41.49,0.01,51,211599,买盘,2017-07-19,2017-07-19 09:46:30
09:46:33,09:46:33,41.39,-0.1,39,161421,卖盘,2017-07-19,2017-07-19 09:46:33
09:46:36,09:46:36,41.45,0.06,52,215540,卖盘,2017-07-19,2017-07-19 09:46:36
09:46:39,09:46:39,41.5,0.05,4,16600,买盘,2017-07-19,2017-07-19 09:46:39
09:46:42,09:46:42,41.41,-0.09,4,16564,卖盘,2017-07-19,2017-07-19 09:46:42
09:46:45,09:46:45,41.45,0.04,30,124350,买盘,2017-07-19,2017-07-19 09:46:45
09:46:48,09:46:48,41.45,--,73,302585,买盘,2017-07-19,2017-07-19 09:46:48
09:46:51,09:46:51,41.45,--,19,78755,买盘,2017-07-19,2017-07-19 09:46:51
09:46:54,09:46:54,41.4,-0.05,8,33120,卖盘,2017-07-19,2017-07-19 09:46:54
09:46:57,09:46:57,41.42,0.02,1,4142,买盘,2017-07-19,2017-07-19 09:46:57
09:47:00,09:47:00,41.42,--,92,381064,买盘,2017-07-19,2017-07-19 09:47:00
09:47:03,09:47:03,41.4,-0.02,4,16560,中性盘,2017-07-19,2017-07-19 09:47:03
09:47:06,09:47:06,41.4,--,14,57960,卖盘,2017-07-19,2017-07-19 09:47:06
09:47:09,09:47:09,41.4,--,22,91080,中性盘,2017-07-19,2017-07-19 09:47:09
09:47:12,09:47:12,41.4,--,21,86940,卖盘,2017-07-19,2017-07-19 09:47:12
09:47:15,09:47:15,41.39,-0.01,12,49668,买盘,2017-07-19,2017-07-19 09:47:15
09:47:18,09:47:18,41.39,--,16,66224,买盘,2017-07-19,2017-07-19 09:47:18
09:47:21,09:47:21,41.39,--,16,66224,买盘,2017-07-19,2017-07-19 09:47:21
09:47:24,09:47:24,41.39,--,31,128309,买盘,2017-07-19,2017-07-19 09:47:24
09:47:27,09:47:27,41.38,-0.01,24,99312,卖盘,2017-07-19,2017-07-19 09:47:27
09:47:30,09:47:30,41.39,0.01,20,82780,买盘,2017-07-19,2017-07-19 09:47:30
09:47:33,09:47:33,41.39,--,22,91058,买盘,2017-07-19,2017-07-19 09:47:33
09:47:36,09:47:36,41.39,--,15,62085,卖盘,2017-07-19,2017-07-19 09:47:36
09:47:39,09:47:39,41.4,0.01,44,182160,买盘,2017-07-19,2017-07-19 09:47:39
09:47:42,09:47:42,41.38,-0.02,35,144830,卖盘,2017-07-19,2017-07-19 09:47:42
09:47:45,09:47:45,41.41,0.03,14,57973,买盘,2017-07-19,2017-07-19 09:47:45
09:47:48,09:47:48,41.42,0.01,18,74556,买盘,2017-07-19,2017-07-19 09:47:48
09:47:51,09:47:51,41.42,--,12,49704,买盘,2017-07-19,2017-07-19 09:47:51
09:47:54,09:47:54,41.42,--,5,20710,卖盘,2017-07-19,2017-07-19 09:47:54
09:47:57,09:47:57,41.45,0.03,26,107770,买盘,2017-07-19,2017-07-19 09:47:57
09:48:00,09:48:00,41.43,-0.02,67,277581,卖盘,2017-07-19,2017-07-19 09:48:00
09:48:03,09:48:03,41.42,-0.01,32,132544,卖盘,2017-07-19,2017-07-19 09:48:03
09:48:06,09:48:06,41.46,0.04,9,37314,买盘,2017-07-19,2017-07-19 09:48:06
09:48:09,09:48:09,41.46,--,2,8292,卖盘,2017-07-19,2017-07-19 09:48:09
09:48:12,09:48:12,41.46,--,2,8292,卖盘,2017-07-19,2017-07-19 09:48:12
09:48:15,09:48:15,41.45,-0.01,8,33160,卖盘,2017-07-19,2017-07-19 09:48:15
09:48:18,09:48:18,41.49,0.04,5,20745,中性盘,2017-07-19,2017-07-19 09:48:18
09:48:21,09:48:21,41.46,-0.03,34,140964,卖盘,2017-07-19,2017-07-19 09:48:21
09:48:24,09:48:24,41.49,0.03,11,45639,买盘,2017-07-19,2017-07-19 09:48:24
09:48:27,09:48:27,41.49,--,93,385857,买盘,2017-07-19,2017-07-19 09:48:27
09:48:30,09:48:30,41.46,-0.03,37,153402,卖盘,2017-07-19,2017-07-19 09:48:30
09:48:33,09:48:33,41.5,0.04,12,49800,买盘,2017-07-19,2017-07-19 09:48:33
09:48:36,09:48:36,41.5,--,80,332000,买盘,2017-07-19,2017-07-19 09:48:36
09:48:39,09:48:39,41.49,-0.01,20,82980,卖盘,2017-07-19,2017-07-19 09:48:39
09:48:42,09:48:42,41.5,0.01,35,145250,买盘,2017-07-19,2017-07-19 09:48:42
09:48:45,09:48:45,41.5,--,74,307100,买盘,2017-07-19,2017-07-19 09:48:45
09:48:48,09:48:48,41.5,--,21,87150,买盘,2017-07-19,2017-07-19 09:48:48
09:48:51,09:48:51,41.5,--,11,45650,卖盘,2017-07-19,2017-07-19 09:48:51
09:48:54,09:48:54,41.52,0.02,1,4152,买盘,2017-07-19,2017-07-19 09:48:54
09:48:57,09:48:57,41.55,0.03,5,20775,买盘,2017-07-19,2017-07-19 09:48:57
09:49:03,09:49:03,41.58,0.03,21,87318,买盘,2017-07-19,2017-07-19 09:49:03
09:49:09,09:49:09,41.58,--,2,8316,买盘,2017-07-19,2017-07-19 09:49:09
09:49:12,09:49:12,41.59,0.01,53,220427,买盘,2017-07-19,2017-07-19 09:49:12
09:49:15,09:49:15,41.6,0.01,32,133120,买盘,2017-07-19,2017-07-19 09:49:15
09:49:18,09:49:18,41.6,--,5,20800,中性盘,2017-07-19,2017-07-19 09:49:18
09:49:21,09:49:21,41.66,0.06,3,12497,买盘,2017-07-19,2017-07-19 09:49:21
09:49:24,09:49:24,41.65,-0.01,20,83300,中性盘,2017-07-19,2017-07-19 09:49:24
09:49:27,09:49:27,41.7,0.05,4,16680,买盘,2017-07-19,2017-07-19 09:49:27
09:49:30,09:49:30,41.65,-0.05,13,54145,卖盘,2017-07-19,2017-07-19 09:49:30
09:49:33,09:49:33,41.75,0.1,6,25050,买盘,2017-07-19,2017-07-19 09:49:33
09:49:36,09:49:36,41.75,--,3,12525,买盘,2017-07-19,2017-07-19 09:49:36
09:49:39,09:49:39,41.75,--,3,12525,卖盘,2017-07-19,2017-07-19 09:49:39
09:49:42,09:49:42,41.79,0.04,6,25074,买盘,2017-07-19,2017-07-19 09:49:42
09:49:45,09:49:45,41.7,-0.09,40,166800,卖盘,2017-07-19,2017-07-19 09:49:45
09:49:48,09:49:48,41.7,--,37,154290,买盘,2017-07-19,2017-07-19 09:49:48
09:49:51,09:49:51,41.8,0.1,84,351120,买盘,2017-07-19,2017-07-19 09:49:51
09:49:54,09:49:54,41.8,--,120,501599,买盘,2017-07-19,2017-07-19 09:49:54
09:49:57,09:49:57,41.79,-0.01,23,96117,买盘,2017-07-19,2017-07-19 09:49:57
09:50:00,09:50:00,41.8,0.01,4,16720,卖盘,2017-07-19,2017-07-19 09:50:00
09:50:03,09:50:03,41.8,--,44,183920,卖盘,2017-07-19,2017-07-19 09:50:03
09:50:06,09:50:06,41.82,0.02,10,41820,中性盘,2017-07-19,2017-07-19 09:50:06
09:50:09,09:50:09,41.82,--,7,29274,卖盘,2017-07-19,2017-07-19 09:50:09
09:50:12,09:50:12,41.88,0.06,21,87948,买盘,2017-07-19,2017-07-19 09:50:12
09:50:15,09:50:15,41.79,-0.09,99,413721,卖盘,2017-07-19,2017-07-19 09:50:15
09:50:18,09:50:18,41.82,0.03,53,221646,买盘,2017-07-19,2017-07-19 09:50:18
09:50:21,09:50:21,41.79,-0.03,24,100296,中性盘,2017-07-19,2017-07-19 09:50:21
09:50:24,09:50:24,41.79,--,41,171339,卖盘,2017-07-19,2017-07-19 09:50:24
09:50:27,09:50:27,41.79,--,32,133728,卖盘,2017-07-19,2017-07-19 09:50:27
09:50:30,09:50:30,41.8,0.01,40,167200,买盘,2017-07-19,2017-07-19 09:50:30
09:50:33,09:50:33,41.79,-0.01,9,37611,买盘,2017-07-19,2017-07-19 09:50:33
09:50:36,09:50:36,41.78,-0.01,41,171298,中性盘,2017-07-19,2017-07-19 09:50:36
09:50:39,09:50:39,41.75,-0.03,17,70975,中性盘,2017-07-19,2017-07-19 09:50:39
09:50:42,09:50:42,41.7,-0.05,67,279390,卖盘,2017-07-19,2017-07-19 09:50:42
09:50:45,09:50:45,41.55,-0.15,41,170355,卖盘,2017-07-19,2017-07-19 09:50:45
09:50:48,09:50:48,41.52,-0.03,33,137016,卖盘,2017-07-19,2017-07-19 09:50:48
09:50:51,09:50:51,41.52,--,5,20760,卖盘,2017-07-19,2017-07-19 09:50:51
09:50:54,09:50:54,41.52,--,2,8304,卖盘,2017-07-19,2017-07-19 09:50:54
09:50:57,09:50:57,41.68,0.16,105,437640,买盘,2017-07-19,2017-07-19 09:50:57
09:51:00,09:51:00,41.52,-0.16,30,124560,卖盘,2017-07-19,2017-07-19 09:51:00
09:51:03,09:51:03,41.52,--,20,83040,卖盘,2017-07-19,2017-07-19 09:51:03
09:51:06,09:51:06,41.7,0.18,11,45870,买盘,2017-07-19,2017-07-19 09:51:06
09:51:09,09:51:09,41.7,--,19,79230,买盘,2017-07-19,2017-07-19 09:51:09
09:51:12,09:51:12,41.56,-0.14,12,49872,中性盘,2017-07-19,2017-07-19 09:51:12
09:51:15,09:51:15,41.68,0.12,26,108368,买盘,2017-07-19,2017-07-19 09:51:15
09:51:18,09:51:18,41.6,-0.08,23,95680,买盘,2017-07-19,2017-07-19 09:51:18
09:51:21,09:51:21,41.6,--,12,49920,买盘,2017-07-19,2017-07-19 09:51:21
09:51:24,09:51:24,41.51,-0.09,4,16604,卖盘,2017-07-19,2017-07-19 09:51:24
09:51:27,09:51:27,41.52,0.01,7,29064,卖盘,2017-07-19,2017-07-19 09:51:27
09:51:30,09:51:30,41.54,0.02,12,49848,买盘,2017-07-19,2017-07-19 09:51:30
09:51:33,09:51:33,41.52,-0.02,10,41520,卖盘,2017-07-19,2017-07-19 09:51:33
09:51:36,09:51:36,41.51,-0.01,22,91322,卖盘,2017-07-19,2017-07-19 09:51:36
09:51:39,09:51:39,41.51,--,47,195097,卖盘,2017-07-19,2017-07-19 09:51:39
09:51:42,09:51:42,41.53,0.02,15,62295,中性盘,2017-07-19,2017-07-19 09:51:42
09:51:45,09:51:45,41.53,--,19,78907,卖盘,2017-07-19,2017-07-19 09:51:45
09:51:48,09:51:48,41.53,--,4,16612,卖盘,2017-07-19,2017-07-19 09:51:48
09:51:51,09:51:51,41.53,--,3,12459,买盘,2017-07-19,2017-07-19 09:51:51
09:51:54,09:51:54,41.52,-0.01,7,29064,卖盘,2017-07-19,2017-07-19 09:51:54
09:51:57,09:51:57,41.52,--,37,153624,卖盘,2017-07-19,2017-07-19 09:51:57
09:52:00,09:52:00,41.52,--,7,29064,卖盘,2017-07-19,2017-07-19 09:52:00
09:52:03,09:52:03,41.52,--,3,12456,买盘,2017-07-19,2017-07-19 09:52:03
09:52:06,09:52:06,41.53,0.01,28,116284,买盘,2017-07-19,2017-07-19 09:52:06
09:52:09,09:52:09,41.51,-0.02,11,45661,卖盘,2017-07-19,2017-07-19 09:52:09
09:52:12,09:52:12,41.51,--,17,70567,卖盘,2017-07-19,2017-07-19 09:52:12
09:52:15,09:52:15,41.51,--,30,124530,卖盘,2017-07-19,2017-07-19 09:52:15
09:52:18,09:52:18,41.51,--,17,70567,买盘,2017-07-19,2017-07-19 09:52:18
09:52:21,09:52:21,41.5,-0.01,57,236550,卖盘,2017-07-19,2017-07-19 09:52:21
09:52:27,09:52:27,41.5,--,1,4150,卖盘,2017-07-19,2017-07-19 09:52:27
09:52:30,09:52:30,41.51,0.01,16,66416,买盘,2017-07-19,2017-07-19 09:52:30
09:52:33,09:52:33,41.51,--,17,70567,买盘,2017-07-19,2017-07-19 09:52:33
09:52:36,09:52:36,41.5,-0.01,190,788500,卖盘,2017-07-19,2017-07-19 09:52:36
09:52:39,09:52:39,41.48,-0.02,297,1231956,卖盘,2017-07-19,2017-07-19 09:52:39
09:52:42,09:52:42,41.48,--,1,4148,买盘,2017-07-19,2017-07-19 09:52:42
09:52:45,09:52:45,41.46,-0.02,51,211446,卖盘,2017-07-19,2017-07-19 09:52:45
09:52:48,09:52:48,41.43,-0.03,43,178149,卖盘,2017-07-19,2017-07-19 09:52:48
09:52:51,09:52:51,41.43,--,57,236151,卖盘,2017-07-19,2017-07-19 09:52:51
09:52:54,09:52:54,41.4,-0.03,22,91080,卖盘,2017-07-19,2017-07-19 09:52:54
09:52:57,09:52:57,41.39,-0.01,66,273174,卖盘,2017-07-19,2017-07-19 09:52:57
09:53:00,09:53:00,41.4,0.01,20,82800,买盘,2017-07-19,2017-07-19 09:53:00
09:53:03,09:53:03,41.25,-0.15,45,185625,卖盘,2017-07-19,2017-07-19 09:53:03
09:53:06,09:53:06,41.39,0.14,14,57946,买盘,2017-07-19,2017-07-19 09:53:06
09:53:09,09:53:09,41.3,-0.09,14,57819,中性盘,2017-07-19,2017-07-19 09:53:09
09:53:12,09:53:12,41.2,-0.1,14,57680,卖盘,2017-07-19,2017-07-19 09:53:12
09:53:15,09:53:15,41.21,0.01,3,12363,中性盘,2017-07-19,2017-07-19 09:53:15
09:53:18,09:53:18,41.21,--,26,107146,买盘,2017-07-19,2017-07-19 09:53:18
09:53:21,09:53:21,41.14,-0.07,31,127534,卖盘,2017-07-19,2017-07-19 09:53:21
09:53:24,09:53:24,41.13,-0.01,9,37017,卖盘,2017-07-19,2017-07-19 09:53:24
09:53:27,09:53:27,41.13,--,14,57582,卖盘,2017-07-19,2017-07-19 09:53:27
09:53:30,09:53:30,41.13,--,4,16452,买盘,2017-07-19,2017-07-19 09:53:30
09:53:33,09:53:33,41.08,-0.05,79,324532,卖盘,2017-07-19,2017-07-19 09:53:33
09:53:36,09:53:36,41.08,--,90,369720,卖盘,2017-07-19,2017-07-19 09:53:36
09:53:39,09:53:39,41.08,--,41,168428,卖盘,2017-07-19,2017-07-19 09:53:39
09:53:42,09:53:42,41.07,-0.01,14,57498,卖盘,2017-07-19,2017-07-19 09:53:42
09:53:45,09:53:45,41.01,-0.06,20,82020,卖盘,2017-07-19,2017-07-19 09:53:45
09:53:48,09:53:48,41.06,0.05,18,73908,中性盘,2017-07-19,2017-07-19 09:53:48
09:53:51,09:53:51,41.01,-0.05,22,90222,卖盘,2017-07-19,2017-07-19 09:53:51
09:53:54,09:53:54,41.0,-0.01,66,270600,卖盘,2017-07-19,2017-07-19 09:53:54
09:53:57,09:53:57,41.0,--,43,176300,卖盘,2017-07-19,2017-07-19 09:53:57
09:54:00,09:54:00,41.01,0.01,70,287070,买盘,2017-07-19,2017-07-19 09:54:00
09:54:03,09:54:03,41.02,0.01,187,767074,卖盘,2017-07-19,2017-07-19 09:54:03
09:54:06,09:54:06,41.08,0.06,54,221832,买盘,2017-07-19,2017-07-19 09:54:06
09:54:09,09:54:09,41.02,-0.06,71,291242,卖盘,2017-07-19,2017-07-19 09:54:09
09:54:12,09:54:12,41.02,--,32,131264,买盘,2017-07-19,2017-07-19 09:54:12
09:54:15,09:54:15,41.07,0.05,62,254634,买盘,2017-07-19,2017-07-19 09:54:15
09:54:18,09:54:18,41.08,0.01,11,45188,买盘,2017-07-19,2017-07-19 09:54:18
09:54:21,09:54:21,41.04,-0.04,51,209304,卖盘,2017-07-19,2017-07-19 09:54:21
09:54:24,09:54:24,41.08,0.04,35,143780,买盘,2017-07-19,2017-07-19 09:54:24
09:54:27,09:54:27,41.1,0.02,11,45210,买盘,2017-07-19,2017-07-19 09:54:27
09:54:30,09:54:30,41.08,-0.02,37,151996,卖盘,2017-07-19,2017-07-19 09:54:30
09:54:33,09:54:33,41.08,--,9,36972,卖盘,2017-07-19,2017-07-19 09:54:33
09:54:36,09:54:36,41.12,0.04,14,57568,中性盘,2017-07-19,2017-07-19 09:54:36
09:54:39,09:54:39,41.12,--,18,74016,中性盘,2017-07-19,2017-07-19 09:54:39
09:54:42,09:54:42,41.21,0.09,3,12363,买盘,2017-07-19,2017-07-19 09:54:42
09:54:45,09:54:45,41.21,--,2,8242,中性盘,2017-07-19,2017-07-19 09:54:45
09:54:48,09:54:48,41.25,0.04,6,24750,买盘,2017-07-19,2017-07-19 09:54:48
09:54:51,09:54:51,41.36,0.11,2,8272,买盘,2017-07-19,2017-07-19 09:54:51
09:54:54,09:54:54,41.25,-0.11,19,78375,卖盘,2017-07-19,2017-07-19 09:54:54
09:54:57,09:54:57,41.36,0.11,2,8272,买盘,2017-07-19,2017-07-19 09:54:57
09:55:00,09:55:00,41.36,--,8,33088,买盘,2017-07-19,2017-07-19 09:55:00
09:55:03,09:55:03,41.36,--,3,12408,买盘,2017-07-19,2017-07-19 09:55:03
09:55:06,09:55:06,41.36,--,5,20680,卖盘,2017-07-19,2017-07-19 09:55:06
09:55:09,09:55:09,41.36,--,15,62040,卖盘,2017-07-19,2017-07-19 09:55:09
09:55:12,09:55:12,41.36,--,49,202664,卖盘,2017-07-19,2017-07-19 09:55:12
09:55:15,09:55:15,41.36,--,14,57904,卖盘,2017-07-19,2017-07-19 09:55:15
09:55:18,09:55:18,41.36,--,4,16544,卖盘,2017-07-19,2017-07-19 09:55:18
09:55:21,09:55:21,41.36,--,20,82720,卖盘,2017-07-19,2017-07-19 09:55:21
09:55:24,09:55:24,41.36,--,28,115808,卖盘,2017-07-19,2017-07-19 09:55:24
09:55:27,09:55:27,41.35,-0.01,18,74430,卖盘,2017-07-19,2017-07-19 09:55:27
09:55:30,09:55:30,41.39,0.04,4,16556,买盘,2017-07-19,2017-07-19 09:55:30
09:55:33,09:55:33,41.38,-0.01,13,53794,买盘,2017-07-19,2017-07-19 09:55:33
09:55:36,09:55:36,41.38,--,3,12414,买盘,2017-07-19,2017-07-19 09:55:36
09:55:39,09:55:39,41.38,--,46,190348,买盘,2017-07-19,2017-07-19 09:55:39
09:55:42,09:55:42,41.37,-0.01,5,20685,中性盘,2017-07-19,2017-07-19 09:55:42
09:55:45,09:55:45,41.35,-0.02,6,24810,中性盘,2017-07-19,2017-07-19 09:55:45
09:55:48,09:55:48,41.36,0.01,27,111672,买盘,2017-07-19,2017-07-19 09:55:48
09:55:51,09:55:51,41.36,--,58,239888,买盘,2017-07-19,2017-07-19 09:55:51
09:55:54,09:55:54,41.26,-0.1,1,4126,中性盘,2017-07-19,2017-07-19 09:55:54
09:55:57,09:55:57,41.3,0.04,4,16520,买盘,2017-07-19,2017-07-19 09:55:57
09:56:00,09:56:00,41.27,-0.03,6,24762,中性盘,2017-07-19,2017-07-19 09:56:00
09:56:03,09:56:03,41.35,0.08,20,82700,买盘,2017-07-19,2017-07-19 09:56:03
09:56:06,09:56:06,41.27,-0.08,13,53651,买盘,2017-07-19,2017-07-19 09:56:06
09:56:09,09:56:09,41.21,-0.06,9,37089,卖盘,2017-07-19,2017-07-19 09:56:09
09:56:12,09:56:12,41.2,-0.01,24,98880,卖盘,2017-07-19,2017-07-19 09:56:12
09:56:15,09:56:15,41.27,0.07,5,20635,买盘,2017-07-19,2017-07-19 09:56:15
09:56:18,09:56:18,41.22,-0.05,68,280296,卖盘,2017-07-19,2017-07-19 09:56:18
09:56:24,09:56:24,41.21,-0.01,10,41210,卖盘,2017-07-19,2017-07-19 09:56:24
09:56:27,09:56:27,41.2,-0.01,26,107120,卖盘,2017-07-19,2017-07-19 09:56:27
09:56:30,09:56:30,41.12,-0.08,8,32896,卖盘,2017-07-19,2017-07-19 09:56:30
09:56:33,09:56:33,41.1,-0.02,17,69870,卖盘,2017-07-19,2017-07-19 09:56:33
09:56:36,09:56:36,41.11,0.01,3,12333,中性盘,2017-07-19,2017-07-19 09:56:36
09:56:39,09:56:39,41.11,--,23,94553,买盘,2017-07-19,2017-07-19 09:56:39
09:56:42,09:56:42,41.12,0.01,42,172704,买盘,2017-07-19,2017-07-19 09:56:42
09:56:45,09:56:45,41.12,--,79,324848,买盘,2017-07-19,2017-07-19 09:56:45
09:56:48,09:56:48,41.11,-0.01,24,98664,卖盘,2017-07-19,2017-07-19 09:56:48
09:56:51,09:56:51,41.12,0.01,75,308400,中性盘,2017-07-19,2017-07-19 09:56:51
09:56:54,09:56:54,41.12,--,15,61679,买盘,2017-07-19,2017-07-19 09:56:54
09:56:57,09:56:57,41.11,-0.01,111,456321,卖盘,2017-07-19,2017-07-19 09:56:57
09:57:00,09:57:00,41.11,--,27,110997,买盘,2017-07-19,2017-07-19 09:57:00
09:57:03,09:57:03,41.1,-0.01,64,263040,卖盘,2017-07-19,2017-07-19 09:57:03
09:57:06,09:57:06,41.02,-0.08,61,250222,卖盘,2017-07-19,2017-07-19 09:57:06
09:57:09,09:57:09,41.05,0.03,13,53364,中性盘,2017-07-19,2017-07-19 09:57:09
09:57:12,09:57:12,41.04,-0.01,18,73872,卖盘,2017-07-19,2017-07-19 09:57:12
09:57:15,09:57:15,41.11,0.07,43,176773,买盘,2017-07-19,2017-07-19 09:57:15
09:57:18,09:57:18,41.1,-0.01,8,32880,中性盘,2017-07-19,2017-07-19 09:57:18
09:57:21,09:57:21,41.04,-0.06,23,94392,卖盘,2017-07-19,2017-07-19 09:57:21
09:57:24,09:57:24,41.04,--,54,221616,买盘,2017-07-19,2017-07-19 09:57:24
09:57:27,09:57:27,41.04,--,55,225720,买盘,2017-07-19,2017-07-19 09:57:27
09:57:30,09:57:30,41.05,0.01,132,541860,买盘,2017-07-19,2017-07-19 09:57:30
09:57:33,09:57:33,41.04,-0.01,37,151848,卖盘,2017-07-19,2017-07-19 09:57:33
09:57:36,09:57:36,41.04,--,106,435024,卖盘,2017-07-19,2017-07-19 09:57:36
09:57:39,09:57:39,41.04,--,54,221616,卖盘,2017-07-19,2017-07-19 09:57:39
09:57:42,09:57:42,41.04,--,54,221616,卖盘,2017-07-19,2017-07-19 09:57:42
09:57:45,09:57:45,41.05,0.01,31,127254,卖盘,2017-07-19,2017-07-19 09:57:45
09:57:48,09:57:48,41.05,--,7,28734,卖盘,2017-07-19,2017-07-19 09:57:48
09:57:51,09:57:51,41.05,--,17,69785,卖盘,2017-07-19,2017-07-19 09:57:51
09:57:54,09:57:54,41.05,--,17,69785,卖盘,2017-07-19,2017-07-19 09:57:54
09:57:57,09:57:57,41.05,--,8,32840,卖盘,2017-07-19,2017-07-19 09:57:57
09:58:00,09:58:00,41.1,0.05,33,135630,买盘,2017-07-19,2017-07-19 09:58:00
09:58:03,09:58:03,41.09,-0.01,20,82180,卖盘,2017-07-19,2017-07-19 09:58:03
09:58:06,09:58:06,41.09,--,17,69853,卖盘,2017-07-19,2017-07-19 09:58:06
09:58:09,09:58:09,41.09,--,31,127379,卖盘,2017-07-19,2017-07-19 09:58:09
09:58:12,09:58:12,41.1,0.01,39,160290,买盘,2017-07-19,2017-07-19 09:58:12
09:58:15,09:58:15,41.09,-0.01,50,205450,卖盘,2017-07-19,2017-07-19 09:58:15
09:58:18,09:58:18,41.09,--,18,73962,买盘,2017-07-19,2017-07-19 09:58:18
09:58:21,09:58:21,41.08,-0.01,144,591552,卖盘,2017-07-19,2017-07-19 09:58:21
09:58:24,09:58:24,41.09,0.01,40,164360,卖盘,2017-07-19,2017-07-19 09:58:24
09:58:27,09:58:27,41.11,0.02,174,715314,买盘,2017-07-19,2017-07-19 09:58:27
09:58:30,09:58:30,41.11,--,11,45221,卖盘,2017-07-19,2017-07-19 09:58:30
09:58:33,09:58:33,41.11,--,63,258993,卖盘,2017-07-19,2017-07-19 09:58:33
09:58:36,09:58:36,41.1,-0.01,39,160290,卖盘,2017-07-19,2017-07-19 09:58:36
09:58:39,09:58:39,41.12,0.02,6,24672,中性盘,2017-07-19,2017-07-19 09:58:39
09:58:42,09:58:42,41.2,0.08,2,8240,买盘,2017-07-19,2017-07-19 09:58:42
09:58:45,09:58:45,41.16,-0.04,1,4116,中性盘,2017-07-19,2017-07-19 09:58:45
09:58:48,09:58:48,41.2,0.04,2,8240,买盘,2017-07-19,2017-07-19 09:58:48
09:58:51,09:58:51,41.21,0.01,3,12363,买盘,2017-07-19,2017-07-19 09:58:51
09:58:54,09:58:54,41.12,-0.09,35,143920,卖盘,2017-07-19,2017-07-19 09:58:54
09:58:57,09:58:57,41.25,0.13,9,37125,买盘,2017-07-19,2017-07-19 09:58:57
09:59:00,09:59:00,41.2,-0.05,1,4120,中性盘,2017-07-19,2017-07-19 09:59:00
09:59:03,09:59:03,41.12,-0.08,2,8224,卖盘,2017-07-19,2017-07-19 09:59:03
09:59:06,09:59:06,41.2,0.08,5,20600,卖盘,2017-07-19,2017-07-19 09:59:06
09:59:09,09:59:09,41.24,0.04,7,28868,买盘,2017-07-19,2017-07-19 09:59:09
09:59:12,09:59:12,41.2,-0.04,6,24720,卖盘,2017-07-19,2017-07-19 09:59:12
09:59:15,09:59:15,41.24,0.04,1,4124,卖盘,2017-07-19,2017-07-19 09:59:15
09:59:18,09:59:18,41.25,0.01,11,45375,买盘,2017-07-19,2017-07-19 09:59:18
09:59:21,09:59:21,41.22,-0.03,2,8244,卖盘,2017-07-19,2017-07-19 09:59:21
09:59:24,09:59:24,41.26,0.04,60,247560,买盘,2017-07-19,2017-07-19 09:59:24
09:59:27,09:59:27,41.27,0.01,39,160953,买盘,2017-07-19,2017-07-19 09:59:27
09:59:30,09:59:30,41.24,-0.03,1,4124,卖盘,2017-07-19,2017-07-19 09:59:30
09:59:33,09:59:33,41.22,-0.02,7,28854,中性盘,2017-07-19,2017-07-19 09:59:33
09:59:36,09:59:36,41.22,--,18,74196,买盘,2017-07-19,2017-07-19 09:59:36
09:59:39,09:59:39,41.22,--,3,12366,买盘,2017-07-19,2017-07-19 09:59:39
09:59:42,09:59:42,41.2,-0.02,13,53560,卖盘,2017-07-19,2017-07-19 09:59:42
09:59:45,09:59:45,41.22,0.02,146,601812,买盘,2017-07-19,2017-07-19 09:59:45
09:59:51,09:59:51,41.22,--,10,41220,卖盘,2017-07-19,2017-07-19 09:59:51
09:59:54,09:59:54,41.22,--,6,24732,卖盘,2017-07-19,2017-07-19 09:59:54
09:59:57,09:59:57,41.22,--,1,4122,卖盘,2017-07-19,2017-07-19 09:59:57
10:00:00,10:00:00,41.22,--,2,8244,卖盘,2017-07-19,2017-07-19 10:00:00
10:00:03,10:00:03,41.22,--,18,74196,卖盘,2017-07-19,2017-07-19 10:00:03
10:00:06,10:00:06,41.22,--,5,20610,买盘,2017-07-19,2017-07-19 10:00:06
10:00:09,10:00:09,41.23,0.01,23,94829,买盘,2017-07-19,2017-07-19 10:00:09
10:00:12,10:00:12,41.23,--,17,70091,卖盘,2017-07-19,2017-07-19 10:00:12
10:00:15,10:00:15,41.24,0.01,19,78356,买盘,2017-07-19,2017-07-19 10:00:15
10:00:18,10:00:18,41.3,0.06,127,524510,买盘,2017-07-19,2017-07-19 10:00:18
10:00:21,10:00:21,41.3,--,44,181720,卖盘,2017-07-19,2017-07-19 10:00:21
10:00:24,10:00:24,41.31,0.01,1,4131,买盘,2017-07-19,2017-07-19 10:00:24
10:00:27,10:00:27,41.35,0.04,16,66160,买盘,2017-07-19,2017-07-19 10:00:27
10:00:36,10:00:36,41.4,0.05,33,136620,买盘,2017-07-19,2017-07-19 10:00:36
10:00:39,10:00:39,41.4,--,5,20700,卖盘,2017-07-19,2017-07-19 10:00:39
10:00:45,10:00:45,41.43,0.03,1,4143,买盘,2017-07-19,2017-07-19 10:00:45
10:00:48,10:00:48,41.49,0.06,29,120321,买盘,2017-07-19,2017-07-19 10:00:48
10:00:51,10:00:51,41.43,-0.06,22,91146,卖盘,2017-07-19,2017-07-19 10:00:51
10:00:54,10:00:54,41.49,0.06,23,95427,买盘,2017-07-19,2017-07-19 10:00:54
10:00:57,10:00:57,41.5,0.01,10,41500,买盘,2017-07-19,2017-07-19 10:00:57
10:01:00,10:01:00,41.49,-0.01,6,24894,卖盘,2017-07-19,2017-07-19 10:01:00
10:01:03,10:01:03,41.5,0.01,9,37350,买盘,2017-07-19,2017-07-19 10:01:03
10:01:06,10:01:06,41.49,-0.01,40,165960,卖盘,2017-07-19,2017-07-19 10:01:06
10:01:09,10:01:09,41.5,0.01,61,253150,买盘,2017-07-19,2017-07-19 10:01:09
10:01:12,10:01:12,41.5,--,1,4150,卖盘,2017-07-19,2017-07-19 10:01:12
10:01:15,10:01:15,41.51,0.01,5,20755,买盘,2017-07-19,2017-07-19 10:01:15
10:01:18,10:01:18,41.51,--,23,95473,买盘,2017-07-19,2017-07-19 10:01:18
10:01:21,10:01:21,41.52,0.01,5,20760,买盘,2017-07-19,2017-07-19 10:01:21
10:01:24,10:01:24,41.51,-0.01,10,41510,卖盘,2017-07-19,2017-07-19 10:01:24
10:01:27,10:01:27,41.52,0.01,7,29064,中性盘,2017-07-19,2017-07-19 10:01:27
10:01:30,10:01:30,41.52,--,2,8304,卖盘,2017-07-19,2017-07-19 10:01:30
10:01:33,10:01:33,41.51,-0.01,3,12453,卖盘,2017-07-19,2017-07-19 10:01:33
10:01:36,10:01:36,41.51,--,1,4151,买盘,2017-07-19,2017-07-19 10:01:36
10:01:39,10:01:39,41.5,-0.01,17,70550,卖盘,2017-07-19,2017-07-19 10:01:39
10:01:42,10:01:42,41.5,--,73,302950,卖盘,2017-07-19,2017-07-19 10:01:42
10:01:45,10:01:45,41.5,--,27,112050,卖盘,2017-07-19,2017-07-19 10:01:45
10:01:51,10:01:51,41.5,--,96,398400,卖盘,2017-07-19,2017-07-19 10:01:51
10:01:54,10:01:54,41.49,-0.01,3,12447,卖盘,2017-07-19,2017-07-19 10:01:54
10:02:00,10:02:00,41.49,--,1,4149,卖盘,2017-07-19,2017-07-19 10:02:00
10:02:03,10:02:03,41.49,--,18,74682,卖盘,2017-07-19,2017-07-19 10:02:03
10:02:06,10:02:06,41.48,-0.01,121,501907,卖盘,2017-07-19,2017-07-19 10:02:06
10:02:09,10:02:09,41.48,--,1,4148,买盘,2017-07-19,2017-07-19 10:02:09
10:02:12,10:02:12,41.47,-0.01,1,4147,卖盘,2017-07-19,2017-07-19 10:02:12
10:02:15,10:02:15,41.47,--,9,37323,买盘,2017-07-19,2017-07-19 10:02:15
10:02:18,10:02:18,41.45,-0.02,2,8290,卖盘,2017-07-19,2017-07-19 10:02:18
10:02:21,10:02:21,41.4,-0.05,7,28980,卖盘,2017-07-19,2017-07-19 10:02:21
10:02:24,10:02:24,41.47,0.07,36,149292,买盘,2017-07-19,2017-07-19 10:02:24
10:02:27,10:02:27,41.47,--,6,24882,卖盘,2017-07-19,2017-07-19 10:02:27
10:02:30,10:02:30,41.4,-0.07,1,4140,卖盘,2017-07-19,2017-07-19 10:02:30
10:02:33,10:02:33,41.36,-0.04,1,4136,卖盘,2017-07-19,2017-07-19 10:02:33
10:02:36,10:02:36,41.4,0.04,1,4140,买盘,2017-07-19,2017-07-19 10:02:36
10:02:42,10:02:42,41.36,-0.04,6,24816,卖盘,2017-07-19,2017-07-19 10:02:42
10:02:45,10:02:45,41.35,-0.01,1,4135,卖盘,2017-07-19,2017-07-19 10:02:45
10:02:48,10:02:48,41.31,-0.04,8,33048,卖盘,2017-07-19,2017-07-19 10:02:48
10:02:51,10:02:51,41.31,--,6,24786,卖盘,2017-07-19,2017-07-19 10:02:51
10:02:57,10:02:57,41.32,0.01,8,33056,中性盘,2017-07-19,2017-07-19 10:02:57
10:03:03,10:03:03,41.2,-0.12,5,20600,卖盘,2017-07-19,2017-07-19 10:03:03
10:03:09,10:03:09,41.2,--,8,32960,卖盘,2017-07-19,2017-07-19 10:03:09
10:03:18,10:03:18,41.18,-0.02,9,37062,卖盘,2017-07-19,2017-07-19 10:03:18
10:03:21,10:03:21,41.2,0.02,10,41200,买盘,2017-07-19,2017-07-19 10:03:21
10:03:24,10:03:24,41.18,-0.02,7,28826,卖盘,2017-07-19,2017-07-19 10:03:24
10:03:30,10:03:30,41.18,--,2,8236,买盘,2017-07-19,2017-07-19 10:03:30
10:03:33,10:03:33,41.14,-0.04,3,12342,卖盘,2017-07-19,2017-07-19 10:03:33
10:03:36,10:03:36,41.14,--,12,49368,买盘,2017-07-19,2017-07-19 10:03:36
10:03:39,10:03:39,41.11,-0.03,12,49332,卖盘,2017-07-19,2017-07-19 10:03:39
10:03:45,10:03:45,41.11,--,1,4111,卖盘,2017-07-19,2017-07-19 10:03:45
10:03:48,10:03:48,41.1,-0.01,24,98640,卖盘,2017-07-19,2017-07-19 10:03:48
10:03:51,10:03:51,41.11,0.01,8,32888,中性盘,2017-07-19,2017-07-19 10:03:51
10:03:54,10:03:54,41.1,-0.01,45,184950,卖盘,2017-07-19,2017-07-19 10:03:54
10:03:57,10:03:57,41.1,--,206,846660,卖盘,2017-07-19,2017-07-19 10:03:57
10:04:00,10:04:00,41.1,--,35,143850,卖盘,2017-07-19,2017-07-19 10:04:00
10:04:03,10:04:03,41.1,--,25,102750,卖盘,2017-07-19,2017-07-19 10:04:03
10:04:06,10:04:06,41.1,--,92,378120,卖盘,2017-07-19,2017-07-19 10:04:06
10:04:09,10:04:09,41.1,--,22,90420,买盘,2017-07-19,2017-07-19 10:04:09
10:04:12,10:04:12,41.11,0.01,57,234327,买盘,2017-07-19,2017-07-19 10:04:12
10:04:15,10:04:15,41.1,-0.01,23,94530,卖盘,2017-07-19,2017-07-19 10:04:15
10:04:18,10:04:18,41.09,-0.01,26,106834,卖盘,2017-07-19,2017-07-19 10:04:18
10:04:21,10:04:21,41.1,0.01,6,24660,买盘,2017-07-19,2017-07-19 10:04:21
10:04:24,10:04:24,41.1,--,2,8220,买盘,2017-07-19,2017-07-19 10:04:24
10:04:27,10:04:27,41.1,--,18,73980,买盘,2017-07-19,2017-07-19 10:04:27
10:04:30,10:04:30,41.1,--,22,90420,买盘,2017-07-19,2017-07-19 10:04:30
10:04:33,10:04:33,41.1,--,54,221940,买盘,2017-07-19,2017-07-19 10:04:33
10:04:39,10:04:39,41.11,0.01,37,152107,买盘,2017-07-19,2017-07-19 10:04:39
10:04:42,10:04:42,41.11,--,6,24666,卖盘,2017-07-19,2017-07-19 10:04:42
10:04:45,10:04:45,41.11,--,11,45221,卖盘,2017-07-19,2017-07-19 10:04:45
10:04:48,10:04:48,41.13,0.02,1,4113,买盘,2017-07-19,2017-07-19 10:04:48
10:04:51,10:04:51,41.15,0.02,11,45265,中性盘,2017-07-19,2017-07-19 10:04:51
10:04:54,10:04:54,41.13,-0.02,11,45243,卖盘,2017-07-19,2017-07-19 10:04:54
10:04:57,10:04:57,41.13,--,1,4113,卖盘,2017-07-19,2017-07-19 10:04:57
10:05:00,10:05:00,41.2,0.07,11,45320,买盘,2017-07-19,2017-07-19 10:05:00
10:05:03,10:05:03,41.18,-0.02,10,41180,卖盘,2017-07-19,2017-07-19 10:05:03
10:05:06,10:05:06,41.2,0.02,8,32960,买盘,2017-07-19,2017-07-19 10:05:06
10:05:09,10:05:09,41.18,-0.02,16,65888,卖盘,2017-07-19,2017-07-19 10:05:09
10:05:12,10:05:12,41.11,-0.07,166,682426,卖盘,2017-07-19,2017-07-19 10:05:12
10:05:15,10:05:15,41.18,0.07,19,78242,卖盘,2017-07-19,2017-07-19 10:05:15
10:05:18,10:05:18,41.3,0.12,2,8260,卖盘,2017-07-19,2017-07-19 10:05:18
10:05:21,10:05:21,41.32,0.02,5,20660,买盘,2017-07-19,2017-07-19 10:05:21
10:05:24,10:05:24,41.22,-0.1,3,12366,卖盘,2017-07-19,2017-07-19 10:05:24
10:05:30,10:05:30,41.32,0.1,27,111564,买盘,2017-07-19,2017-07-19 10:05:30
10:05:33,10:05:33,41.32,--,2,8264,卖盘,2017-07-19,2017-07-19 10:05:33
10:05:36,10:05:36,41.33,0.01,63,260379,买盘,2017-07-19,2017-07-19 10:05:36
10:05:39,10:05:39,41.32,-0.01,3,12396,卖盘,2017-07-19,2017-07-19 10:05:39
10:05:42,10:05:42,41.3,-0.02,2,8260,卖盘,2017-07-19,2017-07-19 10:05:42
10:05:45,10:05:45,41.32,0.02,53,218996,买盘,2017-07-19,2017-07-19 10:05:45
10:05:51,10:05:51,41.3,-0.02,3,12390,中性盘,2017-07-19,2017-07-19 10:05:51
10:05:54,10:05:54,41.32,0.02,7,28924,买盘,2017-07-19,2017-07-19 10:05:54
10:05:57,10:05:57,41.32,--,2,8264,买盘,2017-07-19,2017-07-19 10:05:57
10:06:00,10:06:00,41.3,-0.02,6,24780,卖盘,2017-07-19,2017-07-19 10:06:00
10:06:03,10:06:03,41.3,--,18,74340,卖盘,2017-07-19,2017-07-19 10:06:03
10:06:06,10:06:06,41.3,--,12,49560,卖盘,2017-07-19,2017-07-19 10:06:06
10:06:09,10:06:09,41.3,--,28,115639,卖盘,2017-07-19,2017-07-19 10:06:09
10:06:12,10:06:12,41.3,--,25,103250,卖盘,2017-07-19,2017-07-19 10:06:12
10:06:15,10:06:15,41.3,--,2,8260,卖盘,2017-07-19,2017-07-19 10:06:15
10:06:18,10:06:18,41.32,0.02,50,206600,买盘,2017-07-19,2017-07-19 10:06:18
10:06:24,10:06:24,41.29,-0.03,3,12387,卖盘,2017-07-19,2017-07-19 10:06:24
10:06:27,10:06:27,41.29,--,8,33032,买盘,2017-07-19,2017-07-19 10:06:27
10:06:33,10:06:33,41.26,-0.03,2,8252,卖盘,2017-07-19,2017-07-19 10:06:33
10:06:36,10:06:36,41.26,--,2,8252,买盘,2017-07-19,2017-07-19 10:06:36
10:06:39,10:06:39,41.26,--,1,4126,买盘,2017-07-19,2017-07-19 10:06:39
10:06:42,10:06:42,41.25,-0.01,5,20625,卖盘,2017-07-19,2017-07-19 10:06:42
10:06:45,10:06:45,41.25,--,6,24750,卖盘,2017-07-19,2017-07-19 10:06:45
10:06:48,10:06:48,41.2,-0.05,3,12360,卖盘,2017-07-19,2017-07-19 10:06:48
10:06:54,10:06:54,41.2,--,23,94760,卖盘,2017-07-19,2017-07-19 10:06:54
10:06:57,10:06:57,41.2,--,1,4120,买盘,2017-07-19,2017-07-19 10:06:57
10:07:03,10:07:03,41.2,--,3,12360,买盘,2017-07-19,2017-07-19 10:07:03
10:07:06,10:07:06,41.2,--,20,82400,买盘,2017-07-19,2017-07-19 10:07:06
10:07:09,10:07:09,41.2,--,10,41200,买盘,2017-07-19,2017-07-19 10:07:09
10:07:12,10:07:12,41.18,-0.02,20,82360,卖盘,2017-07-19,2017-07-19 10:07:12
10:07:18,10:07:18,41.24,0.06,30,123720,买盘,2017-07-19,2017-07-19 10:07:18
10:07:24,10:07:24,41.2,-0.04,43,177160,中性盘,2017-07-19,2017-07-19 10:07:24
10:07:27,10:07:27,41.2,--,1,4120,卖盘,2017-07-19,2017-07-19 10:07:27
10:07:30,10:07:30,41.16,-0.04,52,214031,卖盘,2017-07-19,2017-07-19 10:07:30
10:07:33,10:07:33,41.21,0.05,32,131872,买盘,2017-07-19,2017-07-19 10:07:33
10:07:36,10:07:36,41.21,--,1,4121,卖盘,2017-07-19,2017-07-19 10:07:36
10:07:39,10:07:39,41.21,--,3,12363,卖盘,2017-07-19,2017-07-19 10:07:39
10:07:42,10:07:42,41.22,0.01,159,655398,买盘,2017-07-19,2017-07-19 10:07:42
10:07:45,10:07:45,41.18,-0.04,12,49416,卖盘,2017-07-19,2017-07-19 10:07:45
10:07:48,10:07:48,41.2,0.02,3,12360,卖盘,2017-07-19,2017-07-19 10:07:48
10:07:51,10:07:51,41.18,-0.02,37,152366,卖盘,2017-07-19,2017-07-19 10:07:51
10:07:57,10:07:57,41.21,0.03,4,16484,中性盘,2017-07-19,2017-07-19 10:07:57
10:08:00,10:08:00,41.22,0.01,4,16488,中性盘,2017-07-19,2017-07-19 10:08:00
10:08:03,10:08:03,41.22,--,13,53586,卖盘,2017-07-19,2017-07-19 10:08:03
10:08:06,10:08:06,41.2,-0.02,12,49440,卖盘,2017-07-19,2017-07-19 10:08:06
10:08:09,10:08:09,41.22,0.02,30,123660,中性盘,2017-07-19,2017-07-19 10:08:09
10:08:12,10:08:12,41.21,-0.01,2,8242,买盘,2017-07-19,2017-07-19 10:08:12
10:08:15,10:08:15,41.22,0.01,12,49464,买盘,2017-07-19,2017-07-19 10:08:15
10:08:18,10:08:18,41.2,-0.02,9,37080,卖盘,2017-07-19,2017-07-19 10:08:18
10:08:21,10:08:21,41.22,0.02,13,53586,买盘,2017-07-19,2017-07-19 10:08:21
10:08:27,10:08:27,41.21,-0.01,4,16484,卖盘,2017-07-19,2017-07-19 10:08:27
10:08:30,10:08:30,41.22,0.01,3,12366,买盘,2017-07-19,2017-07-19 10:08:30
10:08:33,10:08:33,41.22,--,77,317394,买盘,2017-07-19,2017-07-19 10:08:33
10:08:36,10:08:36,41.22,--,41,169002,买盘,2017-07-19,2017-07-19 10:08:36
10:08:39,10:08:39,41.22,--,5,20610,买盘,2017-07-19,2017-07-19 10:08:39
10:08:42,10:08:42,41.22,--,3,12366,买盘,2017-07-19,2017-07-19 10:08:42
10:08:45,10:08:45,41.22,--,18,74196,买盘,2017-07-19,2017-07-19 10:08:45
10:08:48,10:08:48,41.22,--,23,94806,买盘,2017-07-19,2017-07-19 10:08:48
10:08:51,10:08:51,41.22,--,27,111294,买盘,2017-07-19,2017-07-19 10:08:51
10:08:54,10:08:54,41.32,0.1,126,520632,买盘,2017-07-19,2017-07-19 10:08:54
10:09:00,10:09:00,41.28,-0.04,10,41280,买盘,2017-07-19,2017-07-19 10:09:00
10:09:03,10:09:03,41.47,0.19,124,514228,买盘,2017-07-19,2017-07-19 10:09:03
10:09:06,10:09:06,41.22,-0.25,1,4122,中性盘,2017-07-19,2017-07-19 10:09:06
10:09:09,10:09:09,41.18,-0.04,20,82360,卖盘,2017-07-19,2017-07-19 10:09:09
10:09:12,10:09:12,41.18,--,1,4118,卖盘,2017-07-19,2017-07-19 10:09:12
10:09:15,10:09:15,41.66,0.48,111,462425,买盘,2017-07-19,2017-07-19 10:09:15
10:09:21,10:09:21,41.23,-0.43,2,8246,中性盘,2017-07-19,2017-07-19 10:09:21
10:09:24,10:09:24,41.23,--,1,4123,卖盘,2017-07-19,2017-07-19 10:09:24
10:09:27,10:09:27,41.24,0.01,2,8248,卖盘,2017-07-19,2017-07-19 10:09:27
10:09:30,10:09:30,41.23,-0.01,114,470021,卖盘,2017-07-19,2017-07-19 10:09:30
10:09:33,10:09:33,41.31,0.08,3,12393,卖盘,2017-07-19,2017-07-19 10:09:33
10:09:36,10:09:36,41.46,0.15,6,24876,卖盘,2017-07-19,2017-07-19 10:09:36
10:09:39,10:09:39,41.81,0.35,110,459910,买盘,2017-07-19,2017-07-19 10:09:39
10:09:42,10:09:42,41.8,-0.01,1,4180,中性盘,2017-07-19,2017-07-19 10:09:42
10:09:45,10:09:45,41.81,0.01,14,58534,买盘,2017-07-19,2017-07-19 10:09:45
10:09:48,10:09:48,41.81,--,1,4181,买盘,2017-07-19,2017-07-19 10:09:48
10:09:51,10:09:51,41.8,-0.01,11,45980,卖盘,2017-07-19,2017-07-19 10:09:51
10:09:54,10:09:54,41.85,0.05,123,514755,买盘,2017-07-19,2017-07-19 10:09:54
10:09:57,10:09:57,41.8,-0.05,4,16720,卖盘,2017-07-19,2017-07-19 10:09:57
10:10:00,10:10:00,41.8,--,13,54339,卖盘,2017-07-19,2017-07-19 10:10:00
10:10:03,10:10:03,41.79,-0.01,5,20895,中性盘,2017-07-19,2017-07-19 10:10:03
10:10:06,10:10:06,41.81,0.02,20,83620,买盘,2017-07-19,2017-07-19 10:10:06
10:10:09,10:10:09,41.8,-0.01,7,29259,卖盘,2017-07-19,2017-07-19 10:10:09
10:10:12,10:10:12,41.8,--,2,8360,买盘,2017-07-19,2017-07-19 10:10:12
10:10:15,10:10:15,41.8,--,4,16720,买盘,2017-07-19,2017-07-19 10:10:15
10:10:21,10:10:21,41.79,-0.01,33,137907,卖盘,2017-07-19,2017-07-19 10:10:21
10:10:24,10:10:24,41.78,-0.01,44,183832,卖盘,2017-07-19,2017-07-19 10:10:24
10:10:27,10:10:27,41.79,0.01,201,839979,买盘,2017-07-19,2017-07-19 10:10:27
10:10:30,10:10:30,41.79,--,51,213129,买盘,2017-07-19,2017-07-19 10:10:30
10:10:33,10:10:33,41.79,--,111,463869,买盘,2017-07-19,2017-07-19 10:10:33
10:10:36,10:10:36,41.79,--,7,29253,买盘,2017-07-19,2017-07-19 10:10:36
10:10:39,10:10:39,41.79,--,27,112833,卖盘,2017-07-19,2017-07-19 10:10:39
10:10:42,10:10:42,41.6,-0.19,11,45760,卖盘,2017-07-19,2017-07-19 10:10:42
10:10:45,10:10:45,41.78,0.18,14,58492,买盘,2017-07-19,2017-07-19 10:10:45
10:10:48,10:10:48,41.41,-0.37,4,16564,卖盘,2017-07-19,2017-07-19 10:10:48
10:10:51,10:10:51,41.8,0.39,70,292600,买盘,2017-07-19,2017-07-19 10:10:51
10:10:54,10:10:54,41.8,--,136,568480,卖盘,2017-07-19,2017-07-19 10:10:54
10:10:57,10:10:57,41.8,--,7,29259,卖盘,2017-07-19,2017-07-19 10:10:57
10:11:00,10:11:00,41.8,--,79,334316,卖盘,2017-07-19,2017-07-19 10:11:00
10:11:03,10:11:03,41.8,--,37,154660,卖盘,2017-07-19,2017-07-19 10:11:03
10:11:06,10:11:06,41.8,--,6,25080,卖盘,2017-07-19,2017-07-19 10:11:06
10:11:09,10:11:09,41.8,--,147,614460,卖盘,2017-07-19,2017-07-19 10:11:09
10:11:12,10:11:12,41.83,0.03,26,108758,买盘,2017-07-19,2017-07-19 10:11:12
10:11:15,10:11:15,41.82,-0.01,52,217464,中性盘,2017-07-19,2017-07-19 10:11:15
10:11:18,10:11:18,41.81,-0.01,18,75258,卖盘,2017-07-19,2017-07-19 10:11:18
10:11:21,10:11:21,41.81,--,8,33448,买盘,2017-07-19,2017-07-19 10:11:21
10:11:24,10:11:24,41.81,--,32,133792,买盘,2017-07-19,2017-07-19 10:11:24
10:11:27,10:11:27,41.81,--,29,121249,买盘,2017-07-19,2017-07-19 10:11:27
10:11:30,10:11:30,41.8,-0.01,36,150480,卖盘,2017-07-19,2017-07-19 10:11:30
10:11:33,10:11:33,41.8,--,58,242439,卖盘,2017-07-19,2017-07-19 10:11:33
10:11:36,10:11:36,41.78,-0.02,24,100355,卖盘,2017-07-19,2017-07-19 10:11:36
10:11:39,10:11:39,41.8,0.02,16,66880,买盘,2017-07-19,2017-07-19 10:11:39
10:11:42,10:11:42,41.8,--,26,108679,买盘,2017-07-19,2017-07-19 10:11:42
10:11:45,10:11:45,41.8,--,22,91960,买盘,2017-07-19,2017-07-19 10:11:45
10:11:48,10:11:48,41.78,-0.02,85,357302,卖盘,2017-07-19,2017-07-19 10:11:48
10:11:51,10:11:51,41.79,0.01,16,66864,中性盘,2017-07-19,2017-07-19 10:11:51
10:11:54,10:11:54,41.8,0.01,4,16720,买盘,2017-07-19,2017-07-19 10:11:54
10:11:57,10:11:57,41.78,-0.02,8,33424,卖盘,2017-07-19,2017-07-19 10:11:57
10:12:00,10:12:00,41.77,-0.01,11,47951,卖盘,2017-07-19,2017-07-19 10:12:00
10:12:03,10:12:03,41.6,-0.17,17,70720,卖盘,2017-07-19,2017-07-19 10:12:03
10:12:06,10:12:06,41.78,0.18,9,37602,买盘,2017-07-19,2017-07-19 10:12:06
10:12:09,10:12:09,41.77,-0.01,52,217204,中性盘,2017-07-19,2017-07-19 10:12:09
10:12:12,10:12:12,41.5,-0.27,33,136950,卖盘,2017-07-19,2017-07-19 10:12:12
10:12:15,10:12:15,41.6,0.1,5,20800,中性盘,2017-07-19,2017-07-19 10:12:15
10:12:24,10:12:24,41.5,-0.1,22,91300,卖盘,2017-07-19,2017-07-19 10:12:24
10:12:27,10:12:27,41.5,--,3,12450,买盘,2017-07-19,2017-07-19 10:12:27
10:12:30,10:12:30,41.47,-0.03,3,12441,中性盘,2017-07-19,2017-07-19 10:12:30
10:12:33,10:12:33,41.42,-0.05,5,20710,卖盘,2017-07-19,2017-07-19 10:12:33
10:12:36,10:12:36,41.5,0.08,1,4150,买盘,2017-07-19,2017-07-19 10:12:36
10:12:39,10:12:39,41.43,-0.07,7,29001,卖盘,2017-07-19,2017-07-19 10:12:39
10:12:51,10:12:51,41.45,0.02,10,41450,中性盘,2017-07-19,2017-07-19 10:12:51
10:12:57,10:12:57,41.42,-0.03,87,360354,卖盘,2017-07-19,2017-07-19 10:12:57
10:13:00,10:13:00,41.45,0.03,14,58030,买盘,2017-07-19,2017-07-19 10:13:00
10:13:06,10:13:06,41.49,0.04,3,12447,买盘,2017-07-19,2017-07-19 10:13:06
10:13:09,10:13:09,41.49,--,3,12447,卖盘,2017-07-19,2017-07-19 10:13:09
10:13:12,10:13:12,41.5,0.01,33,136950,买盘,2017-07-19,2017-07-19 10:13:12
10:13:15,10:13:15,41.5,--,39,161850,买盘,2017-07-19,2017-07-19 10:13:15
10:13:21,10:13:21,41.5,--,50,207500,卖盘,2017-07-19,2017-07-19 10:13:21
10:13:24,10:13:24,41.49,-0.01,37,153513,卖盘,2017-07-19,2017-07-19 10:13:24
10:13:27,10:13:27,41.49,--,13,53937,买盘,2017-07-19,2017-07-19 10:13:27
10:13:30,10:13:30,41.5,0.01,46,190900,买盘,2017-07-19,2017-07-19 10:13:30
10:13:36,10:13:36,41.68,0.18,3,12504,买盘,2017-07-19,2017-07-19 10:13:36
10:13:39,10:13:39,41.51,-0.17,4,16604,中性盘,2017-07-19,2017-07-19 10:13:39
10:13:42,10:13:42,41.68,0.17,3,12504,买盘,2017-07-19,2017-07-19 10:13:42
10:13:48,10:13:48,41.7,0.02,5,20850,买盘,2017-07-19,2017-07-19 10:13:48
10:13:51,10:13:51,41.7,--,2,8340,买盘,2017-07-19,2017-07-19 10:13:51
10:13:54,10:13:54,41.7,--,4,16680,买盘,2017-07-19,2017-07-19 10:13:54
10:13:57,10:13:57,41.7,--,2,8340,买盘,2017-07-19,2017-07-19 10:13:57
10:14:00,10:14:00,41.77,0.07,7,29239,买盘,2017-07-19,2017-07-19 10:14:00
10:14:03,10:14:03,41.76,-0.01,2,8352,卖盘,2017-07-19,2017-07-19 10:14:03
10:14:06,10:14:06,41.77,0.01,3,12531,买盘,2017-07-19,2017-07-19 10:14:06
10:14:09,10:14:09,41.77,--,2,8354,买盘,2017-07-19,2017-07-19 10:14:09
10:14:12,10:14:12,41.77,--,6,25062,买盘,2017-07-19,2017-07-19 10:14:12
10:14:15,10:14:15,41.77,--,10,41770,买盘,2017-07-19,2017-07-19 10:14:15
10:14:21,10:14:21,41.76,-0.01,12,50112,卖盘,2017-07-19,2017-07-19 10:14:21
10:14:24,10:14:24,41.76,--,5,20880,买盘,2017-07-19,2017-07-19 10:14:24
10:14:27,10:14:27,41.76,--,15,62640,买盘,2017-07-19,2017-07-19 10:14:27
10:14:30,10:14:30,41.68,-0.08,49,204232,卖盘,2017-07-19,2017-07-19 10:14:30
10:14:33,10:14:33,41.76,0.08,10,41760,买盘,2017-07-19,2017-07-19 10:14:33
10:14:36,10:14:36,41.53,-0.23,1,4153,卖盘,2017-07-19,2017-07-19 10:14:36
10:14:39,10:14:39,41.53,--,5,20765,买盘,2017-07-19,2017-07-19 10:14:39
10:14:42,10:14:42,41.7,0.17,6,25020,买盘,2017-07-19,2017-07-19 10:14:42
10:14:45,10:14:45,41.7,--,4,16680,买盘,2017-07-19,2017-07-19 10:14:45
10:14:48,10:14:48,41.53,-0.17,10,41530,卖盘,2017-07-19,2017-07-19 10:14:48
10:14:51,10:14:51,41.68,0.15,30,125040,买盘,2017-07-19,2017-07-19 10:14:51
10:14:54,10:14:54,41.68,--,2,8336,买盘,2017-07-19,2017-07-19 10:14:54
10:14:57,10:14:57,41.7,0.02,3,12510,买盘,2017-07-19,2017-07-19 10:14:57
10:15:00,10:15:00,41.68,-0.02,2,8336,卖盘,2017-07-19,2017-07-19 10:15:00
10:15:03,10:15:03,41.53,-0.15,6,24918,卖盘,2017-07-19,2017-07-19 10:15:03
10:15:15,10:15:15,41.54,0.01,12,49848,中性盘,2017-07-19,2017-07-19 10:15:15
10:15:18,10:15:18,41.54,--,4,16616,买盘,2017-07-19,2017-07-19 10:15:18
10:15:21,10:15:21,41.68,0.14,4,16672,买盘,2017-07-19,2017-07-19 10:15:21
10:15:24,10:15:24,41.55,-0.13,2,8310,卖盘,2017-07-19,2017-07-19 10:15:24
10:15:27,10:15:27,41.68,0.13,22,91696,买盘,2017-07-19,2017-07-19 10:15:27
10:15:33,10:15:33,41.68,--,6,25008,买盘,2017-07-19,2017-07-19 10:15:33
10:15:39,10:15:39,41.68,--,5,20840,买盘,2017-07-19,2017-07-19 10:15:39
10:15:48,10:15:48,41.55,-0.13,2,8310,卖盘,2017-07-19,2017-07-19 10:15:48
10:15:54,10:15:54,41.55,--,3,12465,卖盘,2017-07-19,2017-07-19 10:15:54
10:15:57,10:15:57,41.55,--,10,41550,卖盘,2017-07-19,2017-07-19 10:15:57
10:16:00,10:16:00,41.55,--,14,58169,卖盘,2017-07-19,2017-07-19 10:16:00
10:16:03,10:16:03,41.55,--,2,8310,中性盘,2017-07-19,2017-07-19 10:16:03
10:16:06,10:16:06,41.55,--,4,16620,卖盘,2017-07-19,2017-07-19 10:16:06
10:16:09,10:16:09,41.55,--,23,95565,卖盘,2017-07-19,2017-07-19 10:16:09
10:16:12,10:16:12,41.55,--,3,12465,买盘,2017-07-19,2017-07-19 10:16:12
10:16:15,10:16:15,41.54,-0.01,3,12462,卖盘,2017-07-19,2017-07-19 10:16:15
10:16:21,10:16:21,41.54,--,49,203546,卖盘,2017-07-19,2017-07-19 10:16:21
10:16:24,10:16:24,41.54,--,1,4154,买盘,2017-07-19,2017-07-19 10:16:24
10:16:27,10:16:27,41.5,-0.04,127,527050,卖盘,2017-07-19,2017-07-19 10:16:27
10:16:30,10:16:30,41.53,0.03,23,95519,中性盘,2017-07-19,2017-07-19 10:16:30
10:16:33,10:16:33,41.53,--,6,24918,卖盘,2017-07-19,2017-07-19 10:16:33
10:16:36,10:16:36,41.54,0.01,55,228470,买盘,2017-07-19,2017-07-19 10:16:36
10:16:39,10:16:39,41.54,--,3,12462,卖盘,2017-07-19,2017-07-19 10:16:39
10:16:42,10:16:42,41.53,-0.01,30,124590,卖盘,2017-07-19,2017-07-19 10:16:42
10:16:45,10:16:45,41.54,0.01,5,20770,中性盘,2017-07-19,2017-07-19 10:16:45
10:16:48,10:16:48,41.5,-0.04,3,12450,卖盘,2017-07-19,2017-07-19 10:16:48
10:16:51,10:16:51,41.54,0.04,2,8308,买盘,2017-07-19,2017-07-19 10:16:51
10:16:54,10:16:54,41.54,--,19,78926,买盘,2017-07-19,2017-07-19 10:16:54
10:16:57,10:16:57,41.54,--,11,45694,卖盘,2017-07-19,2017-07-19 10:16:57
10:17:03,10:17:03,41.54,--,6,24924,卖盘,2017-07-19,2017-07-19 10:17:03
10:17:06,10:17:06,41.54,--,3,12462,卖盘,2017-07-19,2017-07-19 10:17:06
10:17:12,10:17:12,41.54,--,7,29078,买盘,2017-07-19,2017-07-19 10:17:12
10:17:21,10:17:21,41.54,--,6,24924,买盘,2017-07-19,2017-07-19 10:17:21
10:17:24,10:17:24,41.52,-0.02,7,29064,卖盘,2017-07-19,2017-07-19 10:17:24
10:17:27,10:17:27,41.54,0.02,7,29078,买盘,2017-07-19,2017-07-19 10:17:27
10:17:30,10:17:30,41.52,-0.02,34,141168,卖盘,2017-07-19,2017-07-19 10:17:30
10:17:33,10:17:33,41.51,-0.01,5,20755,卖盘,2017-07-19,2017-07-19 10:17:33
10:17:36,10:17:36,41.52,0.01,5,20760,买盘,2017-07-19,2017-07-19 10:17:36
10:17:39,10:17:39,41.52,--,3,12456,买盘,2017-07-19,2017-07-19 10:17:39
10:17:45,10:17:45,41.51,-0.01,33,136983,卖盘,2017-07-19,2017-07-19 10:17:45
10:17:48,10:17:48,41.51,--,4,16604,卖盘,2017-07-19,2017-07-19 10:17:48
10:17:54,10:17:54,41.5,-0.01,3,12450,卖盘,2017-07-19,2017-07-19 10:17:54
10:17:57,10:17:57,41.5,--,22,91300,卖盘,2017-07-19,2017-07-19 10:17:57
10:18:00,10:18:00,41.5,--,124,514600,卖盘,2017-07-19,2017-07-19 10:18:00
10:18:03,10:18:03,41.5,--,9,37350,买盘,2017-07-19,2017-07-19 10:18:03
10:18:09,10:18:09,41.49,-0.01,21,87129,卖盘,2017-07-19,2017-07-19 10:18:09
10:18:15,10:18:15,41.48,-0.01,1,4148,卖盘,2017-07-19,2017-07-19 10:18:15
10:18:18,10:18:18,41.48,--,4,16592,卖盘,2017-07-19,2017-07-19 10:18:18
10:18:21,10:18:21,41.45,-0.03,10,41450,卖盘,2017-07-19,2017-07-19 10:18:21
10:18:24,10:18:24,41.45,--,3,12435,卖盘,2017-07-19,2017-07-19 10:18:24
10:18:27,10:18:27,41.45,--,5,20725,卖盘,2017-07-19,2017-07-19 10:18:27
10:18:30,10:18:30,41.42,-0.03,5,20710,卖盘,2017-07-19,2017-07-19 10:18:30
10:18:36,10:18:36,41.42,--,7,28994,卖盘,2017-07-19,2017-07-19 10:18:36
10:18:39,10:18:39,41.42,--,2,8284,卖盘,2017-07-19,2017-07-19 10:18:39
10:18:42,10:18:42,41.41,-0.01,9,37269,卖盘,2017-07-19,2017-07-19 10:18:42
10:18:48,10:18:48,41.41,--,1,4141,卖盘,2017-07-19,2017-07-19 10:18:48
10:18:51,10:18:51,41.41,--,1,4141,卖盘,2017-07-19,2017-07-19 10:18:51
10:18:54,10:18:54,41.41,--,2,8282,卖盘,2017-07-19,2017-07-19 10:18:54
10:18:57,10:18:57,41.41,--,7,28986,卖盘,2017-07-19,2017-07-19 10:18:57
10:19:00,10:19:00,41.4,-0.01,17,70380,卖盘,2017-07-19,2017-07-19 10:19:00
10:19:03,10:19:03,41.4,--,2,8280,卖盘,2017-07-19,2017-07-19 10:19:03
10:19:06,10:19:06,41.4,--,20,82800,卖盘,2017-07-19,2017-07-19 10:19:06
10:19:09,10:19:09,41.4,--,21,86940,卖盘,2017-07-19,2017-07-19 10:19:09
10:19:12,10:19:12,41.4,--,2,8280,买盘,2017-07-19,2017-07-19 10:19:12
10:19:15,10:19:15,41.39,-0.01,4,16556,卖盘,2017-07-19,2017-07-19 10:19:15
10:19:18,10:19:18,41.39,--,7,28973,卖盘,2017-07-19,2017-07-19 10:19:18
10:19:21,10:19:21,41.32,-0.07,5,20660,卖盘,2017-07-19,2017-07-19 10:19:21
10:19:24,10:19:24,41.32,--,13,53716,卖盘,2017-07-19,2017-07-19 10:19:24
10:19:30,10:19:30,41.31,-0.01,4,16524,卖盘,2017-07-19,2017-07-19 10:19:30
10:19:33,10:19:33,41.31,--,3,12393,卖盘,2017-07-19,2017-07-19 10:19:33
10:19:36,10:19:36,41.31,--,48,198288,卖盘,2017-07-19,2017-07-19 10:19:36
10:19:39,10:19:39,41.3,-0.01,33,136290,卖盘,2017-07-19,2017-07-19 10:19:39
10:19:42,10:19:42,41.3,--,8,33040,买盘,2017-07-19,2017-07-19 10:19:42
10:19:45,10:19:45,41.28,-0.02,1,4128,卖盘,2017-07-19,2017-07-19 10:19:45
10:19:48,10:19:48,41.26,-0.02,53,218678,卖盘,2017-07-19,2017-07-19 10:19:48
10:19:51,10:19:51,41.25,-0.01,5,20625,卖盘,2017-07-19,2017-07-19 10:19:51
10:19:54,10:19:54,41.28,0.03,12,49536,买盘,2017-07-19,2017-07-19 10:19:54
10:19:57,10:19:57,41.25,-0.03,1,4125,中性盘,2017-07-19,2017-07-19 10:19:57
10:20:00,10:20:00,41.25,--,30,123750,买盘,2017-07-19,2017-07-19 10:20:00
10:20:03,10:20:03,41.24,-0.01,16,65984,卖盘,2017-07-19,2017-07-19 10:20:03
10:20:06,10:20:06,41.24,--,25,103100,卖盘,2017-07-19,2017-07-19 10:20:06
10:20:09,10:20:09,41.24,--,14,57736,买盘,2017-07-19,2017-07-19 10:20:09
10:20:12,10:20:12,41.24,--,1,4124,买盘,2017-07-19,2017-07-19 10:20:12
10:20:15,10:20:15,41.22,-0.02,22,90684,卖盘,2017-07-19,2017-07-19 10:20:15
10:20:18,10:20:18,41.22,--,84,346248,卖盘,2017-07-19,2017-07-19 10:20:18
10:20:21,10:20:21,41.22,--,8,32976,卖盘,2017-07-19,2017-07-19 10:20:21
10:20:24,10:20:24,41.21,-0.01,20,82420,卖盘,2017-07-19,2017-07-19 10:20:24
10:20:27,10:20:27,41.22,0.01,1,4122,卖盘,2017-07-19,2017-07-19 10:20:27
10:20:30,10:20:30,41.21,-0.01,3,12363,卖盘,2017-07-19,2017-07-19 10:20:30
10:20:33,10:20:33,41.21,--,9,37089,卖盘,2017-07-19,2017-07-19 10:20:33
10:20:36,10:20:36,41.22,0.01,14,57708,买盘,2017-07-19,2017-07-19 10:20:36
10:20:39,10:20:39,41.22,--,26,107172,卖盘,2017-07-19,2017-07-19 10:20:39
10:20:42,10:20:42,41.22,--,7,28854,卖盘,2017-07-19,2017-07-19 10:20:42
10:20:45,10:20:45,41.21,-0.01,30,123630,卖盘,2017-07-19,2017-07-19 10:20:45
10:20:48,10:20:48,41.22,0.01,24,98928,卖盘,2017-07-19,2017-07-19 10:20:48
10:20:51,10:20:51,41.24,0.02,8,32992,买盘,2017-07-19,2017-07-19 10:20:51
10:20:54,10:20:54,41.22,-0.02,113,465786,卖盘,2017-07-19,2017-07-19 10:20:54
10:20:57,10:20:57,41.22,--,9,37098,卖盘,2017-07-19,2017-07-19 10:20:57
10:21:00,10:21:00,41.23,0.01,28,115443,中性盘,2017-07-19,2017-07-19 10:21:00
10:21:03,10:21:03,41.28,0.05,2,8256,买盘,2017-07-19,2017-07-19 10:21:03
10:21:06,10:21:06,41.3,0.02,1,4130,买盘,2017-07-19,2017-07-19 10:21:06
10:21:09,10:21:09,41.28,-0.02,32,132096,卖盘,2017-07-19,2017-07-19 10:21:09
10:21:12,10:21:12,41.29,0.01,16,66064,买盘,2017-07-19,2017-07-19 10:21:12
10:21:18,10:21:18,41.24,-0.05,11,45364,卖盘,2017-07-19,2017-07-19 10:21:18
10:21:21,10:21:21,41.24,--,8,32992,卖盘,2017-07-19,2017-07-19 10:21:21
10:21:24,10:21:24,41.24,--,1,4124,卖盘,2017-07-19,2017-07-19 10:21:24
10:21:30,10:21:30,41.25,0.01,9,37125,卖盘,2017-07-19,2017-07-19 10:21:30
10:21:33,10:21:33,41.28,0.03,4,16512,买盘,2017-07-19,2017-07-19 10:21:33
10:21:36,10:21:36,41.25,-0.03,43,177375,卖盘,2017-07-19,2017-07-19 10:21:36
10:21:42,10:21:42,41.25,--,6,24750,卖盘,2017-07-19,2017-07-19 10:21:42
10:21:45,10:21:45,41.29,0.04,20,82580,买盘,2017-07-19,2017-07-19 10:21:45
10:21:48,10:21:48,41.26,-0.03,14,57764,卖盘,2017-07-19,2017-07-19 10:21:48
10:21:51,10:21:51,41.29,0.03,12,49548,买盘,2017-07-19,2017-07-19 10:21:51
10:21:54,10:21:54,41.27,-0.02,3,12381,卖盘,2017-07-19,2017-07-19 10:21:54
10:21:57,10:21:57,41.27,--,23,94921,卖盘,2017-07-19,2017-07-19 10:21:57
10:22:00,10:22:00,41.27,--,14,57778,买盘,2017-07-19,2017-07-19 10:22:00
10:22:03,10:22:03,41.27,--,1,4127,买盘,2017-07-19,2017-07-19 10:22:03
10:22:06,10:22:06,41.27,--,3,12381,买盘,2017-07-19,2017-07-19 10:22:06
10:22:09,10:22:09,41.27,--,5,20635,买盘,2017-07-19,2017-07-19 10:22:09
10:22:12,10:22:12,41.27,--,37,152699,买盘,2017-07-19,2017-07-19 10:22:12
10:22:15,10:22:15,41.27,--,17,70159,买盘,2017-07-19,2017-07-19 10:22:15
10:22:18,10:22:18,41.28,0.01,5,20640,中性盘,2017-07-19,2017-07-19 10:22:18
10:22:21,10:22:21,41.3,0.02,15,61949,买盘,2017-07-19,2017-07-19 10:22:21
10:22:24,10:22:24,41.3,--,2,8260,买盘,2017-07-19,2017-07-19 10:22:24
10:22:27,10:22:27,41.31,0.01,11,45441,买盘,2017-07-19,2017-07-19 10:22:27
10:22:30,10:22:30,41.3,-0.01,2,8260,卖盘,2017-07-19,2017-07-19 10:22:30
10:22:33,10:22:33,41.3,--,7,28909,卖盘,2017-07-19,2017-07-19 10:22:33
10:22:39,10:22:39,41.32,0.02,6,24792,买盘,2017-07-19,2017-07-19 10:22:39
10:22:42,10:22:42,41.32,--,5,20660,买盘,2017-07-19,2017-07-19 10:22:42
10:22:45,10:22:45,41.3,-0.02,25,103250,卖盘,2017-07-19,2017-07-19 10:22:45
10:22:48,10:22:48,41.3,--,5,20650,买盘,2017-07-19,2017-07-19 10:22:48
10:22:51,10:22:51,41.3,--,17,70210,买盘,2017-07-19,2017-07-19 10:22:51
10:22:54,10:22:54,41.29,-0.01,29,119741,卖盘,2017-07-19,2017-07-19 10:22:54
10:22:57,10:22:57,41.29,--,12,49548,卖盘,2017-07-19,2017-07-19 10:22:57
10:23:03,10:23:03,41.29,--,23,94967,卖盘,2017-07-19,2017-07-19 10:23:03
10:23:06,10:23:06,41.3,0.01,1,4130,中性盘,2017-07-19,2017-07-19 10:23:06
10:23:09,10:23:09,41.32,0.02,1,4132,中性盘,2017-07-19,2017-07-19 10:23:09
10:23:12,10:23:12,41.3,-0.02,2,8260,卖盘,2017-07-19,2017-07-19 10:23:12
10:23:18,10:23:18,41.39,0.09,26,107614,买盘,2017-07-19,2017-07-19 10:23:18
10:23:21,10:23:21,41.32,-0.07,4,16528,卖盘,2017-07-19,2017-07-19 10:23:21
10:23:24,10:23:24,41.39,0.07,2,8278,买盘,2017-07-19,2017-07-19 10:23:24
10:23:27,10:23:27,41.32,-0.07,14,57848,卖盘,2017-07-19,2017-07-19 10:23:27
10:23:30,10:23:30,41.39,0.07,9,37251,买盘,2017-07-19,2017-07-19 10:23:30
10:23:33,10:23:33,41.39,--,14,57946,买盘,2017-07-19,2017-07-19 10:23:33
10:23:39,10:23:39,41.39,--,8,33112,买盘,2017-07-19,2017-07-19 10:23:39
10:23:42,10:23:42,41.39,--,19,78641,买盘,2017-07-19,2017-07-19 10:23:42
10:23:45,10:23:45,41.39,--,7,28973,买盘,2017-07-19,2017-07-19 10:23:45
10:23:48,10:23:48,41.39,--,2,8278,买盘,2017-07-19,2017-07-19 10:23:48
10:23:51,10:23:51,41.39,--,4,16556,买盘,2017-07-19,2017-07-19 10:23:51
10:23:54,10:23:54,41.39,--,5,20695,卖盘,2017-07-19,2017-07-19 10:23:54
10:23:57,10:23:57,41.39,--,21,86919,卖盘,2017-07-19,2017-07-19 10:23:57
10:24:03,10:24:03,41.41,0.02,2,8282,买盘,2017-07-19,2017-07-19 10:24:03
10:24:06,10:24:06,41.4,-0.01,3,12420,卖盘,2017-07-19,2017-07-19 10:24:06
10:24:09,10:24:09,41.41,0.01,3,12422,买盘,2017-07-19,2017-07-19 10:24:09
10:24:12,10:24:12,41.4,-0.01,7,28980,卖盘,2017-07-19,2017-07-19 10:24:12
10:24:15,10:24:15,41.4,--,7,28980,卖盘,2017-07-19,2017-07-19 10:24:15
10:24:18,10:24:18,41.4,--,20,82800,卖盘,2017-07-19,2017-07-19 10:24:18
10:24:21,10:24:21,41.41,0.01,1,4141,卖盘,2017-07-19,2017-07-19 10:24:21
10:24:24,10:24:24,41.49,0.08,25,103725,买盘,2017-07-19,2017-07-19 10:24:24
10:24:30,10:24:30,41.42,-0.07,2,8284,中性盘,2017-07-19,2017-07-19 10:24:30
10:24:36,10:24:36,41.49,0.07,11,45639,卖盘,2017-07-19,2017-07-19 10:24:36
10:24:39,10:24:39,41.49,--,5,21699,卖盘,2017-07-19,2017-07-19 10:24:39
10:24:42,10:24:42,41.49,--,3,12447,卖盘,2017-07-19,2017-07-19 10:24:42
10:24:45,10:24:45,41.49,--,75,314369,卖盘,2017-07-19,2017-07-19 10:24:45
10:24:51,10:24:51,41.49,--,23,96381,买盘,2017-07-19,2017-07-19 10:24:51
10:24:54,10:24:54,41.49,--,6,24894,卖盘,2017-07-19,2017-07-19 10:24:54
10:25:00,10:25:00,41.51,0.02,3,12453,买盘,2017-07-19,2017-07-19 10:25:00
10:25:06,10:25:06,41.49,-0.02,8,36386,卖盘,2017-07-19,2017-07-19 10:25:06
10:25:09,10:25:09,41.49,--,8,33192,买盘,2017-07-19,2017-07-19 10:25:09
10:25:15,10:25:15,41.43,-0.06,5,20715,卖盘,2017-07-19,2017-07-19 10:25:15
10:25:18,10:25:18,41.39,-0.04,52,215228,卖盘,2017-07-19,2017-07-19 10:25:18
10:25:24,10:25:24,41.37,-0.02,2,8274,卖盘,2017-07-19,2017-07-19 10:25:24
10:25:27,10:25:27,41.35,-0.02,10,41350,卖盘,2017-07-19,2017-07-19 10:25:27
10:25:30,10:25:30,41.35,--,3,12405,买盘,2017-07-19,2017-07-19 10:25:30
10:25:33,10:25:33,41.35,--,25,103375,买盘,2017-07-19,2017-07-19 10:25:33
10:25:39,10:25:39,41.3,-0.05,6,24780,卖盘,2017-07-19,2017-07-19 10:25:39
10:25:42,10:25:42,41.32,0.02,1,4132,买盘,2017-07-19,2017-07-19 10:25:42
10:25:45,10:25:45,41.3,-0.02,16,66080,卖盘,2017-07-19,2017-07-19 10:25:45
10:25:48,10:25:48,41.32,0.02,5,20660,买盘,2017-07-19,2017-07-19 10:25:48
10:25:51,10:25:51,41.3,-0.02,11,45430,卖盘,2017-07-19,2017-07-19 10:25:51
10:25:54,10:25:54,41.32,0.02,15,61980,买盘,2017-07-19,2017-07-19 10:25:54
10:26:00,10:26:00,41.32,--,2,8264,卖盘,2017-07-19,2017-07-19 10:26:00
10:26:03,10:26:03,41.32,--,38,157016,卖盘,2017-07-19,2017-07-19 10:26:03
10:26:09,10:26:09,41.32,--,5,20660,卖盘,2017-07-19,2017-07-19 10:26:09
10:26:15,10:26:15,41.32,--,5,20660,买盘,2017-07-19,2017-07-19 10:26:15
10:26:18,10:26:18,41.3,-0.02,54,223019,卖盘,2017-07-19,2017-07-19 10:26:18
10:26:21,10:26:21,41.32,0.02,7,28924,买盘,2017-07-19,2017-07-19 10:26:21
10:26:24,10:26:24,41.32,--,13,53716,买盘,2017-07-19,2017-07-19 10:26:24
10:26:27,10:26:27,41.32,--,14,57848,买盘,2017-07-19,2017-07-19 10:26:27
10:26:30,10:26:30,41.33,0.01,1,4133,卖盘,2017-07-19,2017-07-19 10:26:30
10:26:36,10:26:36,41.32,-0.01,58,239656,中性盘,2017-07-19,2017-07-19 10:26:36
10:26:39,10:26:39,41.32,--,25,103300,卖盘,2017-07-19,2017-07-19 10:26:39
10:26:42,10:26:42,41.32,--,6,24792,卖盘,2017-07-19,2017-07-19 10:26:42
10:26:45,10:26:45,41.32,--,22,90904,卖盘,2017-07-19,2017-07-19 10:26:45
10:26:48,10:26:48,41.32,--,1,4132,卖盘,2017-07-19,2017-07-19 10:26:48
10:26:51,10:26:51,41.33,0.01,11,45463,买盘,2017-07-19,2017-07-19 10:26:51
10:26:57,10:26:57,41.32,-0.01,5,20660,卖盘,2017-07-19,2017-07-19 10:26:57
10:27:03,10:27:03,41.32,--,4,16528,卖盘,2017-07-19,2017-07-19 10:27:03
10:27:06,10:27:06,41.32,--,12,49584,卖盘,2017-07-19,2017-07-19 10:27:06
10:27:12,10:27:12,41.32,--,5,20660,买盘,2017-07-19,2017-07-19 10:27:12
10:27:18,10:27:18,41.32,--,7,28924,卖盘,2017-07-19,2017-07-19 10:27:18
10:27:21,10:27:21,41.32,--,70,289240,卖盘,2017-07-19,2017-07-19 10:27:21
10:27:24,10:27:24,41.32,--,2,8264,中性盘,2017-07-19,2017-07-19 10:27:24
10:27:27,10:27:27,41.31,-0.01,14,57834,卖盘,2017-07-19,2017-07-19 10:27:27
10:27:30,10:27:30,41.3,-0.01,95,392350,卖盘,2017-07-19,2017-07-19 10:27:30
10:27:33,10:27:33,41.27,-0.03,68,280636,卖盘,2017-07-19,2017-07-19 10:27:33
10:27:36,10:27:36,41.27,--,57,235239,卖盘,2017-07-19,2017-07-19 10:27:36
10:27:39,10:27:39,41.26,-0.01,46,189796,卖盘,2017-07-19,2017-07-19 10:27:39
10:27:42,10:27:42,41.26,--,3,12378,卖盘,2017-07-19,2017-07-19 10:27:42
10:27:45,10:27:45,41.26,--,3,12378,卖盘,2017-07-19,2017-07-19 10:27:45
10:27:54,10:27:54,41.26,--,16,66016,买盘,2017-07-19,2017-07-19 10:27:54
10:27:57,10:27:57,41.26,--,32,132032,卖盘,2017-07-19,2017-07-19 10:27:57
10:28:00,10:28:00,41.26,--,15,61890,卖盘,2017-07-19,2017-07-19 10:28:00
10:28:03,10:28:03,41.26,--,30,123780,卖盘,2017-07-19,2017-07-19 10:28:03
10:28:06,10:28:06,41.25,-0.01,64,264000,卖盘,2017-07-19,2017-07-19 10:28:06
10:28:09,10:28:09,41.26,0.01,21,86646,中性盘,2017-07-19,2017-07-19 10:28:09
10:28:12,10:28:12,41.26,--,7,28882,买盘,2017-07-19,2017-07-19 10:28:12
10:28:15,10:28:15,41.25,-0.01,24,99000,卖盘,2017-07-19,2017-07-19 10:28:15
10:28:21,10:28:21,41.26,0.01,65,268190,买盘,2017-07-19,2017-07-19 10:28:21
10:28:24,10:28:24,41.25,-0.01,5,20625,卖盘,2017-07-19,2017-07-19 10:28:24
10:28:27,10:28:27,41.26,0.01,28,115528,买盘,2017-07-19,2017-07-19 10:28:27
10:28:30,10:28:30,41.25,-0.01,13,53625,卖盘,2017-07-19,2017-07-19 10:28:30
10:28:33,10:28:33,41.25,--,64,264000,卖盘,2017-07-19,2017-07-19 10:28:33
10:28:36,10:28:36,41.25,--,36,148500,卖盘,2017-07-19,2017-07-19 10:28:36
10:28:39,10:28:39,41.25,--,6,24750,买盘,2017-07-19,2017-07-19 10:28:39
10:28:45,10:28:45,41.24,-0.01,102,420648,卖盘,2017-07-19,2017-07-19 10:28:45
10:28:48,10:28:48,41.24,--,13,53612,卖盘,2017-07-19,2017-07-19 10:28:48
10:28:51,10:28:51,41.25,0.01,100,412500,买盘,2017-07-19,2017-07-19 10:28:51
10:28:54,10:28:54,41.24,-0.01,74,305176,卖盘,2017-07-19,2017-07-19 10:28:54
10:29:00,10:29:00,41.24,--,15,61860,买盘,2017-07-19,2017-07-19 10:29:00
10:29:03,10:29:03,41.23,-0.01,14,57721,卖盘,2017-07-19,2017-07-19 10:29:03
10:29:06,10:29:06,41.24,0.01,44,181456,买盘,2017-07-19,2017-07-19 10:29:06
10:29:09,10:29:09,41.24,--,12,49488,买盘,2017-07-19,2017-07-19 10:29:09
10:29:12,10:29:12,41.24,--,9,37116,买盘,2017-07-19,2017-07-19 10:29:12
10:29:15,10:29:15,41.24,--,9,37116,买盘,2017-07-19,2017-07-19 10:29:15
10:29:18,10:29:18,41.24,--,17,70108,卖盘,2017-07-19,2017-07-19 10:29:18
10:29:21,10:29:21,41.25,0.01,10,41250,买盘,2017-07-19,2017-07-19 10:29:21
10:29:24,10:29:24,41.24,-0.01,3,12372,买盘,2017-07-19,2017-07-19 10:29:24
10:29:27,10:29:27,41.24,--,1,4124,买盘,2017-07-19,2017-07-19 10:29:27
10:29:30,10:29:30,41.24,--,16,65984,买盘,2017-07-19,2017-07-19 10:29:30
10:29:36,10:29:36,41.24,--,14,57736,买盘,2017-07-19,2017-07-19 10:29:36
10:29:39,10:29:39,41.24,--,4,16496,卖盘,2017-07-19,2017-07-19 10:29:39
10:29:42,10:29:42,41.24,--,21,86604,卖盘,2017-07-19,2017-07-19 10:29:42
10:29:45,10:29:45,41.24,--,20,82480,卖盘,2017-07-19,2017-07-19 10:29:45
10:29:48,10:29:48,41.24,--,21,86604,买盘,2017-07-19,2017-07-19 10:29:48
10:29:51,10:29:51,41.23,-0.01,4,16492,卖盘,2017-07-19,2017-07-19 10:29:51
10:29:54,10:29:54,41.26,0.03,62,255812,买盘,2017-07-19,2017-07-19 10:29:54
10:29:57,10:29:57,41.24,-0.02,8,32992,卖盘,2017-07-19,2017-07-19 10:29:57
10:30:00,10:30:00,41.25,0.01,5,20625,买盘,2017-07-19,2017-07-19 10:30:00
10:30:03,10:30:03,41.24,-0.01,9,37116,卖盘,2017-07-19,2017-07-19 10:30:03
10:30:06,10:30:06,41.24,--,18,74232,卖盘,2017-07-19,2017-07-19 10:30:06
10:30:12,10:30:12,41.25,0.01,2,8250,卖盘,2017-07-19,2017-07-19 10:30:12
10:30:15,10:30:15,41.25,--,1,4125,卖盘,2017-07-19,2017-07-19 10:30:15
10:30:21,10:30:21,41.26,0.01,1,4126,中性盘,2017-07-19,2017-07-19 10:30:21
10:30:24,10:30:24,41.3,0.04,6,24780,买盘,2017-07-19,2017-07-19 10:30:24
10:30:27,10:30:27,41.3,--,1,4130,买盘,2017-07-19,2017-07-19 10:30:27
10:30:30,10:30:30,41.3,--,1,4130,买盘,2017-07-19,2017-07-19 10:30:30
10:30:33,10:30:33,41.3,--,2,8260,卖盘,2017-07-19,2017-07-19 10:30:33
10:30:39,10:30:39,41.33,0.03,7,28931,买盘,2017-07-19,2017-07-19 10:30:39
10:30:42,10:30:42,41.33,--,14,57862,卖盘,2017-07-19,2017-07-19 10:30:42
10:30:45,10:30:45,41.41,0.08,1,4141,买盘,2017-07-19,2017-07-19 10:30:45
10:30:48,10:30:48,41.41,--,5,20705,买盘,2017-07-19,2017-07-19 10:30:48
10:30:57,10:30:57,41.41,--,15,62114,卖盘,2017-07-19,2017-07-19 10:30:57
10:31:00,10:31:00,41.41,--,1,4141,买盘,2017-07-19,2017-07-19 10:31:00
10:31:03,10:31:03,41.42,0.01,18,74556,买盘,2017-07-19,2017-07-19 10:31:03
10:31:06,10:31:06,41.41,-0.01,1,4141,中性盘,2017-07-19,2017-07-19 10:31:06
10:31:09,10:31:09,41.5,0.09,72,298800,买盘,2017-07-19,2017-07-19 10:31:09
10:31:12,10:31:12,41.5,--,11,45650,卖盘,2017-07-19,2017-07-19 10:31:12
10:31:15,10:31:15,41.51,0.01,1,4151,买盘,2017-07-19,2017-07-19 10:31:15
10:31:18,10:31:18,41.5,-0.01,1,4150,卖盘,2017-07-19,2017-07-19 10:31:18
10:31:21,10:31:21,41.5,--,7,29050,卖盘,2017-07-19,2017-07-19 10:31:21
10:31:24,10:31:24,41.51,0.01,3,12453,中性盘,2017-07-19,2017-07-19 10:31:24
10:31:27,10:31:27,41.51,--,2,8302,卖盘,2017-07-19,2017-07-19 10:31:27
10:31:30,10:31:30,41.26,-0.25,145,598270,卖盘,2017-07-19,2017-07-19 10:31:30
10:31:33,10:31:33,41.5,0.24,40,166000,中性盘,2017-07-19,2017-07-19 10:31:33
10:31:36,10:31:36,41.15,-0.35,412,1695380,卖盘,2017-07-19,2017-07-19 10:31:36
10:31:39,10:31:39,41.1,-0.05,169,694590,卖盘,2017-07-19,2017-07-19 10:31:39
10:31:42,10:31:42,41.24,0.14,307,1266068,买盘,2017-07-19,2017-07-19 10:31:42
10:31:45,10:31:45,41.01,-0.23,50,205050,卖盘,2017-07-19,2017-07-19 10:31:45
10:31:48,10:31:48,41.1,0.09,5,20550,中性盘,2017-07-19,2017-07-19 10:31:48
10:31:51,10:31:51,41.1,--,110,452100,买盘,2017-07-19,2017-07-19 10:31:51
10:31:54,10:31:54,41.02,-0.08,9,36918,中性盘,2017-07-19,2017-07-19 10:31:54
10:31:57,10:31:57,41.01,-0.01,145,594645,卖盘,2017-07-19,2017-07-19 10:31:57
10:32:00,10:32:00,41.03,0.02,12,49236,中性盘,2017-07-19,2017-07-19 10:32:00
10:32:03,10:32:03,41.0,-0.03,260,1066000,卖盘,2017-07-19,2017-07-19 10:32:03
10:32:06,10:32:06,41.0,--,516,2115600,卖盘,2017-07-19,2017-07-19 10:32:06
10:32:09,10:32:09,40.9,-0.1,582,2380380,卖盘,2017-07-19,2017-07-19 10:32:09
10:32:12,10:32:12,40.9,--,3,12270,卖盘,2017-07-19,2017-07-19 10:32:12
10:32:15,10:32:15,40.88,-0.02,46,188048,卖盘,2017-07-19,2017-07-19 10:32:15
10:32:18,10:32:18,40.9,0.02,108,441720,中性盘,2017-07-19,2017-07-19 10:32:18
10:32:21,10:32:21,40.8,-0.1,134,546720,卖盘,2017-07-19,2017-07-19 10:32:21
10:32:24,10:32:24,40.75,-0.05,172,700900,卖盘,2017-07-19,2017-07-19 10:32:24
10:32:27,10:32:27,40.82,0.07,18,73476,买盘,2017-07-19,2017-07-19 10:32:27
10:32:30,10:32:30,40.84,0.02,5,20420,买盘,2017-07-19,2017-07-19 10:32:30
10:32:33,10:32:33,40.84,--,15,61260,买盘,2017-07-19,2017-07-19 10:32:33
10:32:36,10:32:36,40.82,-0.02,43,175526,买盘,2017-07-19,2017-07-19 10:32:36
10:32:39,10:32:39,40.82,--,55,224510,买盘,2017-07-19,2017-07-19 10:32:39
10:32:42,10:32:42,40.8,-0.02,170,693600,卖盘,2017-07-19,2017-07-19 10:32:42
10:32:45,10:32:45,40.82,0.02,65,265330,买盘,2017-07-19,2017-07-19 10:32:45
10:32:48,10:32:48,40.81,-0.01,218,889658,卖盘,2017-07-19,2017-07-19 10:32:48
10:32:51,10:32:51,40.84,0.03,36,147024,中性盘,2017-07-19,2017-07-19 10:32:51
10:32:54,10:32:54,40.88,0.04,23,94024,买盘,2017-07-19,2017-07-19 10:32:54
10:32:57,10:32:57,40.84,-0.04,24,98016,卖盘,2017-07-19,2017-07-19 10:32:57
10:33:00,10:33:00,40.84,--,106,432904,买盘,2017-07-19,2017-07-19 10:33:00
10:33:03,10:33:03,40.84,--,32,130688,卖盘,2017-07-19,2017-07-19 10:33:03
10:33:06,10:33:06,40.9,0.06,9,36810,买盘,2017-07-19,2017-07-19 10:33:06
10:33:09,10:33:09,40.89,-0.01,8,32712,卖盘,2017-07-19,2017-07-19 10:33:09
10:33:12,10:33:12,40.9,0.01,4,16360,买盘,2017-07-19,2017-07-19 10:33:12
10:33:15,10:33:15,40.96,0.06,2,8192,买盘,2017-07-19,2017-07-19 10:33:15
10:33:18,10:33:18,40.96,--,30,122880,买盘,2017-07-19,2017-07-19 10:33:18
10:33:21,10:33:21,40.96,--,6,24576,卖盘,2017-07-19,2017-07-19 10:33:21
10:33:24,10:33:24,40.98,0.02,1,4098,中性盘,2017-07-19,2017-07-19 10:33:24
10:33:27,10:33:27,41.0,0.02,10,41000,买盘,2017-07-19,2017-07-19 10:33:27
10:33:30,10:33:30,41.0,--,13,53300,中性盘,2017-07-19,2017-07-19 10:33:30
10:33:33,10:33:33,41.0,--,62,254200,买盘,2017-07-19,2017-07-19 10:33:33
10:33:36,10:33:36,40.98,-0.02,227,930245,卖盘,2017-07-19,2017-07-19 10:33:36
10:33:39,10:33:39,41.0,0.02,2,8200,中性盘,2017-07-19,2017-07-19 10:33:39
10:33:42,10:33:42,41.4,0.4,13,53820,买盘,2017-07-19,2017-07-19 10:33:42
10:33:45,10:33:45,41.4,--,8,33120,买盘,2017-07-19,2017-07-19 10:33:45
10:33:48,10:33:48,41.35,-0.05,30,124050,卖盘,2017-07-19,2017-07-19 10:33:48
10:33:51,10:33:51,41.03,-0.32,2,8206,买盘,2017-07-19,2017-07-19 10:33:51
10:33:54,10:33:54,41.0,-0.03,90,369000,卖盘,2017-07-19,2017-07-19 10:33:54
10:33:57,10:33:57,41.01,0.01,6,24606,买盘,2017-07-19,2017-07-19 10:33:57
10:34:00,10:34:00,41.03,0.02,8,32824,买盘,2017-07-19,2017-07-19 10:34:00
10:34:03,10:34:03,41.03,--,1,4103,卖盘,2017-07-19,2017-07-19 10:34:03
10:34:09,10:34:09,41.03,--,3,12309,卖盘,2017-07-19,2017-07-19 10:34:09
10:34:12,10:34:12,41.03,--,5,20515,卖盘,2017-07-19,2017-07-19 10:34:12
10:34:18,10:34:18,41.06,0.03,35,143710,中性盘,2017-07-19,2017-07-19 10:34:18
10:34:21,10:34:21,41.28,0.22,5,20640,买盘,2017-07-19,2017-07-19 10:34:21
10:34:24,10:34:24,41.28,--,14,57792,买盘,2017-07-19,2017-07-19 10:34:24
10:34:27,10:34:27,41.1,-0.18,13,53430,卖盘,2017-07-19,2017-07-19 10:34:27
10:34:36,10:34:36,41.15,0.05,3,12345,中性盘,2017-07-19,2017-07-19 10:34:36
10:34:39,10:34:39,41.27,0.12,10,41270,买盘,2017-07-19,2017-07-19 10:34:39
10:34:42,10:34:42,41.15,-0.12,1,4115,买盘,2017-07-19,2017-07-19 10:34:42
10:34:45,10:34:45,41.15,--,109,448535,买盘,2017-07-19,2017-07-19 10:34:45
10:34:51,10:34:51,41.15,--,12,49380,买盘,2017-07-19,2017-07-19 10:34:51
10:34:54,10:34:54,41.16,0.01,26,107015,中性盘,2017-07-19,2017-07-19 10:34:54
10:34:57,10:34:57,41.15,-0.01,20,82300,卖盘,2017-07-19,2017-07-19 10:34:57
10:35:00,10:35:00,41.15,--,6,24690,中性盘,2017-07-19,2017-07-19 10:35:00
10:35:03,10:35:03,41.2,0.05,24,98880,买盘,2017-07-19,2017-07-19 10:35:03
10:35:12,10:35:12,41.2,--,16,65920,卖盘,2017-07-19,2017-07-19 10:35:12
10:35:15,10:35:15,41.18,-0.02,3,12354,卖盘,2017-07-19,2017-07-19 10:35:15
10:35:18,10:35:18,41.16,-0.02,18,74088,中性盘,2017-07-19,2017-07-19 10:35:18
10:35:24,10:35:24,41.18,0.02,16,65888,中性盘,2017-07-19,2017-07-19 10:35:24
10:35:27,10:35:27,41.16,-0.02,6,24695,中性盘,2017-07-19,2017-07-19 10:35:27
10:35:30,10:35:30,41.07,-0.09,32,131424,卖盘,2017-07-19,2017-07-19 10:35:30
10:35:36,10:35:36,41.1,0.03,21,86310,买盘,2017-07-19,2017-07-19 10:35:36
10:35:39,10:35:39,41.06,-0.04,35,143710,卖盘,2017-07-19,2017-07-19 10:35:39
10:35:42,10:35:42,41.07,0.01,25,102675,买盘,2017-07-19,2017-07-19 10:35:42
10:35:45,10:35:45,41.06,-0.01,33,135498,卖盘,2017-07-19,2017-07-19 10:35:45
10:35:48,10:35:48,41.07,0.01,69,283383,买盘,2017-07-19,2017-07-19 10:35:48
10:35:51,10:35:51,41.05,-0.02,7,28734,卖盘,2017-07-19,2017-07-19 10:35:51
10:35:54,10:35:54,41.06,0.01,5,20530,买盘,2017-07-19,2017-07-19 10:35:54
10:35:57,10:35:57,41.05,-0.01,43,176515,卖盘,2017-07-19,2017-07-19 10:35:57
10:36:00,10:36:00,41.05,--,78,320190,卖盘,2017-07-19,2017-07-19 10:36:00
10:36:03,10:36:03,41.0,-0.05,143,586300,卖盘,2017-07-19,2017-07-19 10:36:03
10:36:09,10:36:09,41.0,--,6,24600,买盘,2017-07-19,2017-07-19 10:36:09
10:36:12,10:36:12,40.99,-0.01,23,94277,卖盘,2017-07-19,2017-07-19 10:36:12
10:36:15,10:36:15,40.99,--,4,16396,卖盘,2017-07-19,2017-07-19 10:36:15
10:36:18,10:36:18,40.99,--,5,20495,买盘,2017-07-19,2017-07-19 10:36:18
10:36:21,10:36:21,40.98,-0.01,53,217193,卖盘,2017-07-19,2017-07-19 10:36:21
10:36:24,10:36:24,40.99,0.01,9,36891,买盘,2017-07-19,2017-07-19 10:36:24
10:36:27,10:36:27,40.96,-0.03,13,53248,卖盘,2017-07-19,2017-07-19 10:36:27
10:36:30,10:36:30,40.99,0.03,20,81980,买盘,2017-07-19,2017-07-19 10:36:30
10:36:33,10:36:33,40.96,-0.03,34,139264,卖盘,2017-07-19,2017-07-19 10:36:33
10:36:36,10:36:36,40.96,--,6,24576,买盘,2017-07-19,2017-07-19 10:36:36
10:36:39,10:36:39,40.9,-0.06,99,404910,卖盘,2017-07-19,2017-07-19 10:36:39
10:36:42,10:36:42,40.96,0.06,2,8192,买盘,2017-07-19,2017-07-19 10:36:42
10:36:45,10:36:45,40.96,--,12,49152,买盘,2017-07-19,2017-07-19 10:36:45
10:36:48,10:36:48,40.9,-0.06,18,73620,卖盘,2017-07-19,2017-07-19 10:36:48
10:36:51,10:36:51,40.93,0.03,4,16372,中性盘,2017-07-19,2017-07-19 10:36:51
10:36:54,10:36:54,40.91,-0.02,8,32727,卖盘,2017-07-19,2017-07-19 10:36:54
10:36:57,10:36:57,40.9,-0.01,110,449900,卖盘,2017-07-19,2017-07-19 10:36:57
10:37:00,10:37:00,40.92,0.02,12,49104,买盘,2017-07-19,2017-07-19 10:37:00
10:37:03,10:37:03,40.92,--,53,216876,卖盘,2017-07-19,2017-07-19 10:37:03
10:37:06,10:37:06,40.92,--,14,57288,卖盘,2017-07-19,2017-07-19 10:37:06
10:37:09,10:37:09,40.93,0.01,22,90046,买盘,2017-07-19,2017-07-19 10:37:09
10:37:12,10:37:12,40.93,--,51,208743,卖盘,2017-07-19,2017-07-19 10:37:12
10:37:15,10:37:15,40.97,0.04,14,57358,买盘,2017-07-19,2017-07-19 10:37:15
10:37:18,10:37:18,40.95,-0.02,72,294840,中性盘,2017-07-19,2017-07-19 10:37:18
10:37:21,10:37:21,40.95,--,11,45045,卖盘,2017-07-19,2017-07-19 10:37:21
10:37:24,10:37:24,40.95,--,14,57330,卖盘,2017-07-19,2017-07-19 10:37:24
10:37:27,10:37:27,40.96,0.01,3,12288,卖盘,2017-07-19,2017-07-19 10:37:27
10:37:30,10:37:30,40.98,0.02,26,106547,买盘,2017-07-19,2017-07-19 10:37:30
10:37:33,10:37:33,40.96,-0.02,13,53248,卖盘,2017-07-19,2017-07-19 10:37:33
10:37:36,10:37:36,40.96,--,3,12288,卖盘,2017-07-19,2017-07-19 10:37:36
10:37:39,10:37:39,40.99,0.03,19,77881,买盘,2017-07-19,2017-07-19 10:37:39
10:37:42,10:37:42,41.0,0.01,9,36900,买盘,2017-07-19,2017-07-19 10:37:42
10:37:45,10:37:45,41.0,--,32,131200,买盘,2017-07-19,2017-07-19 10:37:45
10:37:48,10:37:48,41.0,--,2,8200,卖盘,2017-07-19,2017-07-19 10:37:48
10:37:51,10:37:51,41.0,--,8,32800,卖盘,2017-07-19,2017-07-19 10:37:51
10:37:54,10:37:54,41.0,--,19,77900,卖盘,2017-07-19,2017-07-19 10:37:54
10:37:57,10:37:57,41.05,0.05,1,4105,买盘,2017-07-19,2017-07-19 10:37:57
10:38:00,10:38:00,41.0,-0.05,30,123000,卖盘,2017-07-19,2017-07-19 10:38:00
10:38:03,10:38:03,41.0,--,17,69700,卖盘,2017-07-19,2017-07-19 10:38:03
10:38:06,10:38:06,41.06,0.06,5,20530,买盘,2017-07-19,2017-07-19 10:38:06
10:38:09,10:38:09,41.0,-0.06,28,114800,卖盘,2017-07-19,2017-07-19 10:38:09
10:38:12,10:38:12,41.04,0.04,11,45144,中性盘,2017-07-19,2017-07-19 10:38:12
10:38:18,10:38:18,41.0,-0.04,66,270600,卖盘,2017-07-19,2017-07-19 10:38:18
10:38:21,10:38:21,41.04,0.04,4,16416,中性盘,2017-07-19,2017-07-19 10:38:21
10:38:24,10:38:24,41.04,--,2,8208,买盘,2017-07-19,2017-07-19 10:38:24
10:38:27,10:38:27,41.01,-0.03,33,135333,卖盘,2017-07-19,2017-07-19 10:38:27
10:38:30,10:38:30,41.05,0.04,2,8210,买盘,2017-07-19,2017-07-19 10:38:30
10:38:36,10:38:36,41.01,-0.04,35,143535,卖盘,2017-07-19,2017-07-19 10:38:36
10:38:45,10:38:45,41.04,0.03,21,86184,中性盘,2017-07-19,2017-07-19 10:38:45
10:38:48,10:38:48,41.02,-0.02,6,24612,卖盘,2017-07-19,2017-07-19 10:38:48
10:38:51,10:38:51,41.01,-0.01,7,28707,卖盘,2017-07-19,2017-07-19 10:38:51
10:38:54,10:38:54,41.01,--,18,73818,卖盘,2017-07-19,2017-07-19 10:38:54
10:38:57,10:38:57,41.04,0.03,6,24624,买盘,2017-07-19,2017-07-19 10:38:57
10:39:00,10:39:00,41.01,-0.03,44,180444,卖盘,2017-07-19,2017-07-19 10:39:00
10:39:03,10:39:03,41.01,--,7,28707,买盘,2017-07-19,2017-07-19 10:39:03
10:39:06,10:39:06,41.01,--,30,123522,买盘,2017-07-19,2017-07-19 10:39:06
10:39:09,10:39:09,41.01,--,10,41010,卖盘,2017-07-19,2017-07-19 10:39:09
10:39:12,10:39:12,41.03,0.02,43,176429,买盘,2017-07-19,2017-07-19 10:39:12
10:39:15,10:39:15,41.03,--,71,291313,卖盘,2017-07-19,2017-07-19 10:39:15
10:39:18,10:39:18,41.04,0.01,2,8208,中性盘,2017-07-19,2017-07-19 10:39:18
10:39:21,10:39:21,41.06,0.02,4,16424,买盘,2017-07-19,2017-07-19 10:39:21
10:39:24,10:39:24,41.06,--,22,90332,买盘,2017-07-19,2017-07-19 10:39:24
10:39:27,10:39:27,41.06,--,4,16424,卖盘,2017-07-19,2017-07-19 10:39:27
10:39:33,10:39:33,41.06,--,33,135498,卖盘,2017-07-19,2017-07-19 10:39:33
10:39:36,10:39:36,41.06,--,25,102650,卖盘,2017-07-19,2017-07-19 10:39:36
10:39:39,10:39:39,41.06,--,16,65696,买盘,2017-07-19,2017-07-19 10:39:39
10:39:42,10:39:42,41.06,--,20,82120,买盘,2017-07-19,2017-07-19 10:39:42
10:39:51,10:39:51,41.06,--,1,4106,买盘,2017-07-19,2017-07-19 10:39:51
10:39:54,10:39:54,41.06,--,11,45166,买盘,2017-07-19,2017-07-19 10:39:54
10:39:57,10:39:57,41.05,-0.01,7,28734,买盘,2017-07-19,2017-07-19 10:39:57
10:40:00,10:40:00,41.05,--,10,41050,卖盘,2017-07-19,2017-07-19 10:40:00
10:40:03,10:40:03,41.04,-0.01,6,24624,卖盘,2017-07-19,2017-07-19 10:40:03
10:40:06,10:40:06,41.06,0.02,6,24636,卖盘,2017-07-19,2017-07-19 10:40:06
10:40:09,10:40:09,41.05,-0.01,23,94415,卖盘,2017-07-19,2017-07-19 10:40:09
10:40:18,10:40:18,41.06,0.01,2,8212,中性盘,2017-07-19,2017-07-19 10:40:18
10:40:21,10:40:21,41.06,--,8,32848,卖盘,2017-07-19,2017-07-19 10:40:21
10:40:24,10:40:24,41.05,-0.01,10,41050,卖盘,2017-07-19,2017-07-19 10:40:24
10:40:27,10:40:27,41.06,0.01,16,65696,买盘,2017-07-19,2017-07-19 10:40:27
10:40:30,10:40:30,41.06,--,5,20530,买盘,2017-07-19,2017-07-19 10:40:30
10:40:33,10:40:33,41.16,0.1,128,526848,买盘,2017-07-19,2017-07-19 10:40:33
10:40:36,10:40:36,41.06,-0.1,3,12318,中性盘,2017-07-19,2017-07-19 10:40:36
10:40:39,10:40:39,41.16,0.1,3,12347,买盘,2017-07-19,2017-07-19 10:40:39
10:40:42,10:40:42,41.16,--,4,16464,买盘,2017-07-19,2017-07-19 10:40:42
10:40:45,10:40:45,41.16,--,4,16464,买盘,2017-07-19,2017-07-19 10:40:45
10:40:48,10:40:48,41.05,-0.11,158,648590,卖盘,2017-07-19,2017-07-19 10:40:48
10:40:54,10:40:54,41.06,0.01,28,114968,买盘,2017-07-19,2017-07-19 10:40:54
10:40:57,10:40:57,41.06,--,24,98544,买盘,2017-07-19,2017-07-19 10:40:57
10:41:03,10:41:03,41.06,--,1,4106,卖盘,2017-07-19,2017-07-19 10:41:03
10:41:06,10:41:06,41.15,0.09,174,717203,买盘,2017-07-19,2017-07-19 10:41:06
10:41:09,10:41:09,41.2,0.05,14,57680,买盘,2017-07-19,2017-07-19 10:41:09
10:41:18,10:41:18,41.2,--,26,107120,买盘,2017-07-19,2017-07-19 10:41:18
10:41:24,10:41:24,41.2,--,10,41200,卖盘,2017-07-19,2017-07-19 10:41:24
10:41:27,10:41:27,41.07,-0.13,9,36963,卖盘,2017-07-19,2017-07-19 10:41:27
10:41:30,10:41:30,41.2,0.13,2,8240,买盘,2017-07-19,2017-07-19 10:41:30
10:41:33,10:41:33,41.07,-0.13,42,172494,卖盘,2017-07-19,2017-07-19 10:41:33
10:41:42,10:41:42,41.08,0.01,12,49296,卖盘,2017-07-19,2017-07-19 10:41:42
10:41:45,10:41:45,41.2,0.12,12,49440,买盘,2017-07-19,2017-07-19 10:41:45
10:41:48,10:41:48,41.08,-0.12,10,41080,中性盘,2017-07-19,2017-07-19 10:41:48
10:41:51,10:41:51,41.08,--,2,8216,卖盘,2017-07-19,2017-07-19 10:41:51
10:41:54,10:41:54,41.2,0.12,9,37080,买盘,2017-07-19,2017-07-19 10:41:54
10:41:57,10:41:57,41.08,-0.12,12,49296,卖盘,2017-07-19,2017-07-19 10:41:57
10:42:00,10:42:00,41.1,0.02,12,49320,买盘,2017-07-19,2017-07-19 10:42:00
10:42:03,10:42:03,41.1,--,2,8220,卖盘,2017-07-19,2017-07-19 10:42:03
10:42:09,10:42:09,41.11,0.01,2,8222,中性盘,2017-07-19,2017-07-19 10:42:09
10:42:12,10:42:12,41.1,-0.01,50,205500,卖盘,2017-07-19,2017-07-19 10:42:12
10:42:15,10:42:15,41.12,0.02,4,16448,卖盘,2017-07-19,2017-07-19 10:42:15
10:42:18,10:42:18,41.19,0.07,4,16476,买盘,2017-07-19,2017-07-19 10:42:18
10:42:27,10:42:27,41.2,0.01,20,82400,买盘,2017-07-19,2017-07-19 10:42:27
10:42:33,10:42:33,41.2,--,7,28840,买盘,2017-07-19,2017-07-19 10:42:33
10:42:36,10:42:36,41.19,-0.01,2,8238,卖盘,2017-07-19,2017-07-19 10:42:36
10:42:39,10:42:39,41.2,0.01,26,107120,卖盘,2017-07-19,2017-07-19 10:42:39
10:42:42,10:42:42,41.2,--,36,148320,买盘,2017-07-19,2017-07-19 10:42:42
10:42:48,10:42:48,41.2,--,7,28840,中性盘,2017-07-19,2017-07-19 10:42:48
10:42:51,10:42:51,41.2,--,8,32960,买盘,2017-07-19,2017-07-19 10:42:51
10:42:54,10:42:54,41.2,--,3,12360,买盘,2017-07-19,2017-07-19 10:42:54
10:43:00,10:43:00,41.19,-0.01,9,37071,卖盘,2017-07-19,2017-07-19 10:43:00
10:43:03,10:43:03,41.19,--,20,82380,买盘,2017-07-19,2017-07-19 10:43:03
10:43:06,10:43:06,41.13,-0.06,5,20565,卖盘,2017-07-19,2017-07-19 10:43:06
10:43:12,10:43:12,41.19,0.06,6,24714,买盘,2017-07-19,2017-07-19 10:43:12
10:43:18,10:43:18,41.11,-0.08,5,20555,卖盘,2017-07-19,2017-07-19 10:43:18
10:43:24,10:43:24,41.1,-0.01,116,476760,卖盘,2017-07-19,2017-07-19 10:43:24
10:43:27,10:43:27,41.1,--,54,221940,买盘,2017-07-19,2017-07-19 10:43:27
10:43:33,10:43:33,41.08,-0.02,6,24648,卖盘,2017-07-19,2017-07-19 10:43:33
10:43:36,10:43:36,41.07,-0.01,5,20535,卖盘,2017-07-19,2017-07-19 10:43:36
10:43:39,10:43:39,41.07,--,9,36963,卖盘,2017-07-19,2017-07-19 10:43:39
10:43:42,10:43:42,41.07,--,3,12321,买盘,2017-07-19,2017-07-19 10:43:42
10:43:48,10:43:48,41.06,-0.01,17,69802,卖盘,2017-07-19,2017-07-19 10:43:48
10:43:51,10:43:51,41.06,--,11,45166,卖盘,2017-07-19,2017-07-19 10:43:51
10:43:54,10:43:54,41.05,-0.01,19,77995,卖盘,2017-07-19,2017-07-19 10:43:54
10:44:00,10:44:00,41.06,0.01,1,4106,买盘,2017-07-19,2017-07-19 10:44:00
10:44:03,10:44:03,41.07,0.01,15,61605,买盘,2017-07-19,2017-07-19 10:44:03
10:44:06,10:44:06,41.06,-0.01,8,32848,卖盘,2017-07-19,2017-07-19 10:44:06
10:44:09,10:44:09,41.06,--,19,78014,卖盘,2017-07-19,2017-07-19 10:44:09
10:44:12,10:44:12,41.05,-0.01,11,45155,卖盘,2017-07-19,2017-07-19 10:44:12
10:44:15,10:44:15,41.07,0.02,5,20535,买盘,2017-07-19,2017-07-19 10:44:15
10:44:18,10:44:18,41.07,--,1,4107,买盘,2017-07-19,2017-07-19 10:44:18
10:44:21,10:44:21,41.07,--,10,41070,买盘,2017-07-19,2017-07-19 10:44:21
10:44:24,10:44:24,41.06,-0.01,5,20530,卖盘,2017-07-19,2017-07-19 10:44:24
10:44:27,10:44:27,41.06,--,4,16424,卖盘,2017-07-19,2017-07-19 10:44:27
10:44:30,10:44:30,41.06,--,1,4106,买盘,2017-07-19,2017-07-19 10:44:30
10:44:33,10:44:33,41.05,-0.01,4,16420,卖盘,2017-07-19,2017-07-19 10:44:33
10:44:36,10:44:36,41.05,--,40,164200,卖盘,2017-07-19,2017-07-19 10:44:36
10:44:39,10:44:39,41.05,--,39,160095,卖盘,2017-07-19,2017-07-19 10:44:39
10:44:42,10:44:42,41.06,0.01,38,156028,买盘,2017-07-19,2017-07-19 10:44:42
10:44:45,10:44:45,41.05,-0.01,5,20525,卖盘,2017-07-19,2017-07-19 10:44:45
10:44:48,10:44:48,41.05,--,15,64489,卖盘,2017-07-19,2017-07-19 10:44:48
10:44:54,10:44:54,41.04,-0.01,20,82080,卖盘,2017-07-19,2017-07-19 10:44:54
10:44:57,10:44:57,41.05,0.01,26,106729,买盘,2017-07-19,2017-07-19 10:44:57
10:45:03,10:45:03,41.05,--,46,190020,买盘,2017-07-19,2017-07-19 10:45:03
10:45:06,10:45:06,41.05,--,9,36945,卖盘,2017-07-19,2017-07-19 10:45:06
10:45:09,10:45:09,41.05,--,29,119044,卖盘,2017-07-19,2017-07-19 10:45:09
10:45:12,10:45:12,41.05,--,3,15229,卖盘,2017-07-19,2017-07-19 10:45:12
10:45:15,10:45:15,41.03,-0.02,7,28721,卖盘,2017-07-19,2017-07-19 10:45:15
10:45:18,10:45:18,41.05,0.02,3,12315,买盘,2017-07-19,2017-07-19 10:45:18
10:45:21,10:45:21,41.05,--,4,16420,买盘,2017-07-19,2017-07-19 10:45:21
10:45:24,10:45:24,41.03,-0.02,100,410300,卖盘,2017-07-19,2017-07-19 10:45:24
10:45:27,10:45:27,41.04,0.01,6,24624,中性盘,2017-07-19,2017-07-19 10:45:27
10:45:30,10:45:30,41.03,-0.01,3,12309,卖盘,2017-07-19,2017-07-19 10:45:30
10:45:33,10:45:33,41.03,--,5,20515,卖盘,2017-07-19,2017-07-19 10:45:33
10:45:36,10:45:36,41.03,--,3,12309,卖盘,2017-07-19,2017-07-19 10:45:36
10:45:39,10:45:39,41.03,--,2,8206,卖盘,2017-07-19,2017-07-19 10:45:39
10:45:45,10:45:45,41.03,--,2,8206,卖盘,2017-07-19,2017-07-19 10:45:45
10:45:48,10:45:48,41.03,--,5,20515,卖盘,2017-07-19,2017-07-19 10:45:48
10:45:51,10:45:51,41.03,--,12,49236,卖盘,2017-07-19,2017-07-19 10:45:51
10:45:54,10:45:54,41.05,0.02,70,287350,买盘,2017-07-19,2017-07-19 10:45:54
10:45:57,10:45:57,41.02,-0.03,33,135366,卖盘,2017-07-19,2017-07-19 10:45:57
10:46:06,10:46:06,41.03,0.01,1,4103,买盘,2017-07-19,2017-07-19 10:46:06
10:46:09,10:46:09,41.02,-0.01,8,32816,卖盘,2017-07-19,2017-07-19 10:46:09
10:46:12,10:46:12,41.01,-0.01,2,8202,卖盘,2017-07-19,2017-07-19 10:46:12
10:46:15,10:46:15,41.03,0.02,67,274901,买盘,2017-07-19,2017-07-19 10:46:15
10:46:18,10:46:18,41.03,--,1,4103,卖盘,2017-07-19,2017-07-19 10:46:18
10:46:21,10:46:21,41.01,-0.02,20,82020,卖盘,2017-07-19,2017-07-19 10:46:21
10:46:24,10:46:24,41.01,--,20,82020,卖盘,2017-07-19,2017-07-19 10:46:24
10:46:27,10:46:27,41.01,--,3,12303,卖盘,2017-07-19,2017-07-19 10:46:27
10:46:30,10:46:30,41.01,--,10,41010,卖盘,2017-07-19,2017-07-19 10:46:30
10:46:33,10:46:33,41.01,--,25,102525,卖盘,2017-07-19,2017-07-19 10:46:33
10:46:36,10:46:36,41.01,--,5,20505,卖盘,2017-07-19,2017-07-19 10:46:36
10:46:39,10:46:39,41.03,0.02,2,8206,买盘,2017-07-19,2017-07-19 10:46:39
10:46:42,10:46:42,41.01,-0.02,6,24606,卖盘,2017-07-19,2017-07-19 10:46:42
10:46:45,10:46:45,41.03,0.02,18,73854,买盘,2017-07-19,2017-07-19 10:46:45
10:46:48,10:46:48,41.03,--,4,16412,买盘,2017-07-19,2017-07-19 10:46:48
