idx_time,time,price,change,volume,amount,type,date,date_time
09:30:03,09:30:03,31.2,31.2,111,346320,买盘,2017-07-03,2017-07-03 09:30:03
09:30:30,09:30:30,31.25,0.05,1,3125,卖盘,2017-07-03,2017-07-03 09:30:30
09:30:33,09:30:33,31.25,--,9,28125,卖盘,2017-07-03,2017-07-03 09:30:33
09:30:36,09:30:36,31.25,--,4,12500,卖盘,2017-07-03,2017-07-03 09:30:36
09:30:39,09:30:39,31.21,-0.04,4,12484,卖盘,2017-07-03,2017-07-03 09:30:39
09:30:42,09:30:42,31.25,0.04,10,31250,买盘,2017-07-03,2017-07-03 09:30:42
09:30:54,09:30:54,31.2,-0.05,3,9360,买盘,2017-07-03,2017-07-03 09:30:54
09:30:57,09:30:57,31.2,--,2,6240,买盘,2017-07-03,2017-07-03 09:30:57
09:31:09,09:31:09,31.16,-0.04,5,15580,卖盘,2017-07-03,2017-07-03 09:31:09
09:31:24,09:31:24,31.16,--,3,9348,卖盘,2017-07-03,2017-07-03 09:31:24
09:31:33,09:31:33,31.16,--,5,15580,卖盘,2017-07-03,2017-07-03 09:31:33
09:31:57,09:31:57,31.2,0.04,1,3120,买盘,2017-07-03,2017-07-03 09:31:57
09:32:27,09:32:27,31.21,0.01,1,3121,中性盘,2017-07-03,2017-07-03 09:32:27
09:32:30,09:32:30,31.25,0.04,9,28125,买盘,2017-07-03,2017-07-03 09:32:30
09:32:33,09:32:33,31.25,--,2,6250,卖盘,2017-07-03,2017-07-03 09:32:33
09:32:39,09:32:39,31.2,-0.05,2,6240,卖盘,2017-07-03,2017-07-03 09:32:39
09:32:54,09:32:54,31.18,-0.02,3,9354,卖盘,2017-07-03,2017-07-03 09:32:54
09:32:57,09:32:57,31.18,--,7,21826,卖盘,2017-07-03,2017-07-03 09:32:57
09:33:09,09:33:09,31.16,-0.02,3,9348,卖盘,2017-07-03,2017-07-03 09:33:09
09:33:12,09:33:12,31.16,--,3,9348,卖盘,2017-07-03,2017-07-03 09:33:12
09:33:18,09:33:18,31.18,0.02,16,49888,买盘,2017-07-03,2017-07-03 09:33:18
09:33:33,09:33:33,31.16,-0.02,33,102828,卖盘,2017-07-03,2017-07-03 09:33:33
09:33:48,09:33:48,31.16,--,5,15580,买盘,2017-07-03,2017-07-03 09:33:48
09:33:57,09:33:57,31.16,--,5,15580,买盘,2017-07-03,2017-07-03 09:33:57
09:34:12,09:34:12,31.16,--,3,9348,中性盘,2017-07-03,2017-07-03 09:34:12
09:34:24,09:34:24,31.16,--,2,6232,卖盘,2017-07-03,2017-07-03 09:34:24
09:34:33,09:34:33,31.17,0.01,2,6234,中性盘,2017-07-03,2017-07-03 09:34:33
09:34:36,09:34:36,31.16,-0.01,1,3116,卖盘,2017-07-03,2017-07-03 09:34:36
09:34:39,09:34:39,31.16,--,1,3116,卖盘,2017-07-03,2017-07-03 09:34:39
09:34:42,09:34:42,31.16,--,1,3116,卖盘,2017-07-03,2017-07-03 09:34:42
09:34:45,09:34:45,31.16,--,1,3116,卖盘,2017-07-03,2017-07-03 09:34:45
09:34:51,09:34:51,31.11,-0.05,1,3111,卖盘,2017-07-03,2017-07-03 09:34:51
09:34:54,09:34:54,31.11,--,8,24888,卖盘,2017-07-03,2017-07-03 09:34:54
09:34:57,09:34:57,31.11,--,2,6222,卖盘,2017-07-03,2017-07-03 09:34:57
09:35:06,09:35:06,31.16,0.05,3,9348,中性盘,2017-07-03,2017-07-03 09:35:06
09:35:09,09:35:09,31.17,0.01,16,49872,买盘,2017-07-03,2017-07-03 09:35:09
09:35:27,09:35:27,31.17,--,6,18702,买盘,2017-07-03,2017-07-03 09:35:27
09:35:33,09:35:33,31.17,--,6,18702,买盘,2017-07-03,2017-07-03 09:35:33
09:35:54,09:35:54,31.12,-0.05,7,21784,卖盘,2017-07-03,2017-07-03 09:35:54
09:36:06,09:36:06,31.17,0.05,17,52989,买盘,2017-07-03,2017-07-03 09:36:06
09:36:12,09:36:12,31.19,0.02,5,15595,买盘,2017-07-03,2017-07-03 09:36:12
09:36:18,09:36:18,31.12,-0.07,41,127592,卖盘,2017-07-03,2017-07-03 09:36:18
09:37:00,09:37:00,31.19,0.07,2,6238,中性盘,2017-07-03,2017-07-03 09:37:00
09:37:06,09:37:06,31.13,-0.06,2,6226,卖盘,2017-07-03,2017-07-03 09:37:06
09:37:45,09:37:45,31.14,0.01,2,6228,中性盘,2017-07-03,2017-07-03 09:37:45
09:38:21,09:38:21,31.18,0.04,2,6236,买盘,2017-07-03,2017-07-03 09:38:21
09:38:42,09:38:42,31.16,-0.02,2,6232,卖盘,2017-07-03,2017-07-03 09:38:42
09:38:57,09:38:57,31.16,--,1,3116,买盘,2017-07-03,2017-07-03 09:38:57
09:39:36,09:39:36,31.15,-0.01,1,3115,中性盘,2017-07-03,2017-07-03 09:39:36
09:40:00,09:40:00,31.16,0.01,9,28044,买盘,2017-07-03,2017-07-03 09:40:00
09:40:03,09:40:03,31.16,--,10,31160,买盘,2017-07-03,2017-07-03 09:40:03
09:40:06,09:40:06,31.15,-0.01,7,21805,卖盘,2017-07-03,2017-07-03 09:40:06
09:40:15,09:40:15,31.15,--,6,18690,卖盘,2017-07-03,2017-07-03 09:40:15
09:40:18,09:40:18,31.16,0.01,10,31160,买盘,2017-07-03,2017-07-03 09:40:18
09:40:21,09:40:21,31.16,--,3,9348,买盘,2017-07-03,2017-07-03 09:40:21
09:40:24,09:40:24,31.16,--,5,15580,买盘,2017-07-03,2017-07-03 09:40:24
09:40:39,09:40:39,31.14,-0.02,10,31140,卖盘,2017-07-03,2017-07-03 09:40:39
09:40:57,09:40:57,31.13,-0.01,11,34243,卖盘,2017-07-03,2017-07-03 09:40:57
09:41:03,09:41:03,31.13,--,4,12452,买盘,2017-07-03,2017-07-03 09:41:03
09:41:06,09:41:06,31.12,-0.01,16,49792,卖盘,2017-07-03,2017-07-03 09:41:06
09:41:09,09:41:09,31.12,--,1,3112,买盘,2017-07-03,2017-07-03 09:41:09
09:41:24,09:41:24,31.11,-0.01,5,15555,卖盘,2017-07-03,2017-07-03 09:41:24
09:41:30,09:41:30,31.11,--,5,15555,中性盘,2017-07-03,2017-07-03 09:41:30
09:41:33,09:41:33,31.11,--,3,9333,卖盘,2017-07-03,2017-07-03 09:41:33
09:41:42,09:41:42,31.11,--,2,6222,卖盘,2017-07-03,2017-07-03 09:41:42
09:41:45,09:41:45,31.11,--,1,3111,卖盘,2017-07-03,2017-07-03 09:41:45
09:41:48,09:41:48,31.1,-0.01,7,21770,卖盘,2017-07-03,2017-07-03 09:41:48
09:41:54,09:41:54,31.1,--,4,12440,卖盘,2017-07-03,2017-07-03 09:41:54
09:42:12,09:42:12,31.09,-0.01,2,6218,买盘,2017-07-03,2017-07-03 09:42:12
09:42:15,09:42:15,31.07,-0.02,1,3107,卖盘,2017-07-03,2017-07-03 09:42:15
09:42:24,09:42:24,31.07,--,6,18642,卖盘,2017-07-03,2017-07-03 09:42:24
09:42:33,09:42:33,31.07,--,3,9321,卖盘,2017-07-03,2017-07-03 09:42:33
09:42:39,09:42:39,31.09,0.02,3,9327,买盘,2017-07-03,2017-07-03 09:42:39
09:42:54,09:42:54,31.09,--,8,24872,卖盘,2017-07-03,2017-07-03 09:42:54
09:43:09,09:43:09,31.09,--,1,3109,中性盘,2017-07-03,2017-07-03 09:43:09
09:43:30,09:43:30,31.09,--,2,6218,卖盘,2017-07-03,2017-07-03 09:43:30
09:43:36,09:43:36,31.1,0.01,10,31100,买盘,2017-07-03,2017-07-03 09:43:36
09:43:48,09:43:48,31.09,-0.01,11,34199,中性盘,2017-07-03,2017-07-03 09:43:48
09:44:18,09:44:18,31.09,--,2,6218,卖盘,2017-07-03,2017-07-03 09:44:18
09:44:30,09:44:30,31.1,0.01,5,15550,中性盘,2017-07-03,2017-07-03 09:44:30
09:45:12,09:45:12,31.1,--,11,34210,买盘,2017-07-03,2017-07-03 09:45:12
09:45:18,09:45:18,31.1,--,2,6220,买盘,2017-07-03,2017-07-03 09:45:18
09:45:24,09:45:24,31.09,-0.01,19,59071,卖盘,2017-07-03,2017-07-03 09:45:24
09:45:45,09:45:45,31.07,-0.02,1,3107,卖盘,2017-07-03,2017-07-03 09:45:45
09:45:51,09:45:51,31.05,-0.02,42,130410,卖盘,2017-07-03,2017-07-03 09:45:51
09:45:54,09:45:54,31.09,0.04,18,55962,买盘,2017-07-03,2017-07-03 09:45:54
09:46:00,09:46:00,31.05,-0.04,1,3105,卖盘,2017-07-03,2017-07-03 09:46:00
09:46:06,09:46:06,31.05,--,2,6210,买盘,2017-07-03,2017-07-03 09:46:06
09:46:18,09:46:18,31.07,0.02,2,6214,买盘,2017-07-03,2017-07-03 09:46:18
09:46:39,09:46:39,31.05,-0.02,3,9315,卖盘,2017-07-03,2017-07-03 09:46:39
09:46:51,09:46:51,31.05,--,1,3105,卖盘,2017-07-03,2017-07-03 09:46:51
09:47:21,09:47:21,31.03,-0.02,1,3103,卖盘,2017-07-03,2017-07-03 09:47:21
09:47:27,09:47:27,31.05,0.02,7,21735,买盘,2017-07-03,2017-07-03 09:47:27
09:47:42,09:47:42,31.06,0.01,20,62120,买盘,2017-07-03,2017-07-03 09:47:42
09:48:06,09:48:06,31.07,0.01,2,6214,买盘,2017-07-03,2017-07-03 09:48:06
09:48:09,09:48:09,31.07,--,2,6214,买盘,2017-07-03,2017-07-03 09:48:09
09:48:36,09:48:36,31.07,--,5,15535,卖盘,2017-07-03,2017-07-03 09:48:36
09:48:48,09:48:48,31.07,--,2,6214,卖盘,2017-07-03,2017-07-03 09:48:48
09:48:57,09:48:57,31.07,--,1,3107,买盘,2017-07-03,2017-07-03 09:48:57
09:49:18,09:49:18,31.07,--,10,31070,卖盘,2017-07-03,2017-07-03 09:49:18
09:49:33,09:49:33,31.07,--,1,3107,卖盘,2017-07-03,2017-07-03 09:49:33
09:49:45,09:49:45,31.1,0.03,1,3110,买盘,2017-07-03,2017-07-03 09:49:45
09:50:18,09:50:18,31.1,--,2,6220,卖盘,2017-07-03,2017-07-03 09:50:18
09:50:21,09:50:21,31.12,0.02,5,15560,买盘,2017-07-03,2017-07-03 09:50:21
09:51:09,09:51:09,31.17,0.05,3,9351,买盘,2017-07-03,2017-07-03 09:51:09
09:51:48,09:51:48,31.18,0.01,22,68596,买盘,2017-07-03,2017-07-03 09:51:48
09:52:03,09:52:03,31.18,--,4,12472,卖盘,2017-07-03,2017-07-03 09:52:03
09:52:18,09:52:18,31.18,--,6,18708,卖盘,2017-07-03,2017-07-03 09:52:18
09:52:21,09:52:21,31.18,--,3,9354,卖盘,2017-07-03,2017-07-03 09:52:21
09:52:30,09:52:30,31.18,--,3,9354,买盘,2017-07-03,2017-07-03 09:52:30
09:52:51,09:52:51,31.18,--,1,3118,买盘,2017-07-03,2017-07-03 09:52:51
09:54:09,09:54:09,31.18,--,50,155900,买盘,2017-07-03,2017-07-03 09:54:09
09:54:30,09:54:30,31.17,-0.01,2,6234,中性盘,2017-07-03,2017-07-03 09:54:30
09:54:33,09:54:33,31.17,--,6,18702,买盘,2017-07-03,2017-07-03 09:54:33
09:54:42,09:54:42,31.17,--,11,34287,卖盘,2017-07-03,2017-07-03 09:54:42
09:54:51,09:54:51,31.17,--,2,6234,买盘,2017-07-03,2017-07-03 09:54:51
09:55:09,09:55:09,31.16,-0.01,6,18696,卖盘,2017-07-03,2017-07-03 09:55:09
09:55:36,09:55:36,31.16,--,1,3116,买盘,2017-07-03,2017-07-03 09:55:36
09:56:21,09:56:21,31.15,-0.01,1,3115,卖盘,2017-07-03,2017-07-03 09:56:21
09:57:33,09:57:33,31.16,0.01,6,18696,买盘,2017-07-03,2017-07-03 09:57:33
09:57:39,09:57:39,31.17,0.01,5,15585,买盘,2017-07-03,2017-07-03 09:57:39
09:57:54,09:57:54,31.17,--,1,3117,买盘,2017-07-03,2017-07-03 09:57:54
09:58:06,09:58:06,31.18,0.01,1,3118,买盘,2017-07-03,2017-07-03 09:58:06
09:58:39,09:58:39,31.18,--,1,3118,买盘,2017-07-03,2017-07-03 09:58:39
09:58:42,09:58:42,31.18,--,1,3118,买盘,2017-07-03,2017-07-03 09:58:42
09:58:45,09:58:45,31.18,--,8,24944,买盘,2017-07-03,2017-07-03 09:58:45
09:58:51,09:58:51,31.18,--,5,15590,卖盘,2017-07-03,2017-07-03 09:58:51
09:59:15,09:59:15,31.18,--,2,6236,卖盘,2017-07-03,2017-07-03 09:59:15
09:59:57,09:59:57,31.17,-0.01,1,3117,卖盘,2017-07-03,2017-07-03 09:59:57
10:01:06,10:01:06,31.16,-0.01,1,3116,卖盘,2017-07-03,2017-07-03 10:01:06
10:01:15,10:01:15,31.17,0.01,5,15585,买盘,2017-07-03,2017-07-03 10:01:15
10:01:18,10:01:18,31.16,-0.01,6,18696,卖盘,2017-07-03,2017-07-03 10:01:18
10:01:42,10:01:42,31.16,--,3,9348,卖盘,2017-07-03,2017-07-03 10:01:42
10:01:48,10:01:48,31.16,--,9,28044,卖盘,2017-07-03,2017-07-03 10:01:48
10:01:54,10:01:54,31.15,-0.01,26,80990,卖盘,2017-07-03,2017-07-03 10:01:54
10:02:09,10:02:09,31.13,-0.02,2,6226,卖盘,2017-07-03,2017-07-03 10:02:09
10:02:42,10:02:42,31.16,0.03,1,3116,买盘,2017-07-03,2017-07-03 10:02:42
10:04:51,10:04:51,31.16,--,3,9348,买盘,2017-07-03,2017-07-03 10:04:51
10:05:24,10:05:24,31.16,--,3,9348,买盘,2017-07-03,2017-07-03 10:05:24
10:05:54,10:05:54,31.15,-0.01,5,15575,卖盘,2017-07-03,2017-07-03 10:05:54
10:06:09,10:06:09,31.15,--,3,9345,买盘,2017-07-03,2017-07-03 10:06:09
10:06:45,10:06:45,31.16,0.01,19,59204,买盘,2017-07-03,2017-07-03 10:06:45
10:08:00,10:08:00,31.16,--,3,9348,卖盘,2017-07-03,2017-07-03 10:08:00
10:08:12,10:08:12,31.16,--,1,3116,卖盘,2017-07-03,2017-07-03 10:08:12
10:08:42,10:08:42,31.16,--,5,15580,卖盘,2017-07-03,2017-07-03 10:08:42
10:09:09,10:09:09,31.15,-0.01,7,21805,卖盘,2017-07-03,2017-07-03 10:09:09
10:09:15,10:09:15,31.15,--,3,9345,卖盘,2017-07-03,2017-07-03 10:09:15
10:09:39,10:09:39,31.15,--,2,6230,卖盘,2017-07-03,2017-07-03 10:09:39
10:09:48,10:09:48,31.13,-0.02,3,9339,卖盘,2017-07-03,2017-07-03 10:09:48
10:09:54,10:09:54,31.11,-0.02,5,15555,卖盘,2017-07-03,2017-07-03 10:09:54
10:10:09,10:10:09,31.1,-0.01,6,18660,卖盘,2017-07-03,2017-07-03 10:10:09
10:10:15,10:10:15,31.1,--,7,21770,卖盘,2017-07-03,2017-07-03 10:10:15
10:10:30,10:10:30,31.08,-0.02,5,15540,卖盘,2017-07-03,2017-07-03 10:10:30
10:10:45,10:10:45,31.08,--,20,62160,买盘,2017-07-03,2017-07-03 10:10:45
10:10:48,10:10:48,31.08,--,20,62160,买盘,2017-07-03,2017-07-03 10:10:48
10:11:00,10:11:00,31.06,-0.02,9,27954,卖盘,2017-07-03,2017-07-03 10:11:00
10:11:09,10:11:09,31.05,-0.01,7,21735,卖盘,2017-07-03,2017-07-03 10:11:09
10:11:12,10:11:12,31.05,--,10,31050,卖盘,2017-07-03,2017-07-03 10:11:12
10:11:18,10:11:18,31.01,-0.04,38,117838,卖盘,2017-07-03,2017-07-03 10:11:18
10:11:33,10:11:33,31.05,0.04,2,6210,中性盘,2017-07-03,2017-07-03 10:11:33
10:11:36,10:11:36,31.02,-0.03,2,6204,买盘,2017-07-03,2017-07-03 10:11:36
10:11:39,10:11:39,31.01,-0.01,6,18606,卖盘,2017-07-03,2017-07-03 10:11:39
10:12:21,10:12:21,31.06,0.05,10,31060,买盘,2017-07-03,2017-07-03 10:12:21
10:12:33,10:12:33,31.07,0.01,1,3107,买盘,2017-07-03,2017-07-03 10:12:33
10:12:45,10:12:45,31.07,--,1,3107,卖盘,2017-07-03,2017-07-03 10:12:45
10:12:54,10:12:54,31.08,0.01,8,24864,买盘,2017-07-03,2017-07-03 10:12:54
10:13:30,10:13:30,31.08,--,5,15540,买盘,2017-07-03,2017-07-03 10:13:30
10:13:54,10:13:54,31.11,0.03,2,6222,买盘,2017-07-03,2017-07-03 10:13:54
10:13:57,10:13:57,31.08,-0.03,5,15540,卖盘,2017-07-03,2017-07-03 10:13:57
10:14:03,10:14:03,31.06,-0.02,18,55908,卖盘,2017-07-03,2017-07-03 10:14:03
10:14:12,10:14:12,31.06,--,6,18636,买盘,2017-07-03,2017-07-03 10:14:12
10:14:18,10:14:18,31.08,0.02,2,6216,卖盘,2017-07-03,2017-07-03 10:14:18
10:14:30,10:14:30,31.06,-0.02,10,31060,中性盘,2017-07-03,2017-07-03 10:14:30
10:15:03,10:15:03,31.03,-0.03,1,3103,中性盘,2017-07-03,2017-07-03 10:15:03
10:15:30,10:15:30,31.03,--,5,15515,卖盘,2017-07-03,2017-07-03 10:15:30
10:15:36,10:15:36,31.08,0.05,1,3108,买盘,2017-07-03,2017-07-03 10:15:36
10:15:51,10:15:51,31.08,--,5,15540,卖盘,2017-07-03,2017-07-03 10:15:51
10:16:06,10:16:06,31.08,--,7,21756,卖盘,2017-07-03,2017-07-03 10:16:06
10:16:36,10:16:36,31.09,0.01,1,3109,中性盘,2017-07-03,2017-07-03 10:16:36
10:17:27,10:17:27,31.08,-0.01,20,62160,卖盘,2017-07-03,2017-07-03 10:17:27
10:17:57,10:17:57,31.08,--,3,9324,卖盘,2017-07-03,2017-07-03 10:17:57
10:19:00,10:19:00,31.1,0.02,3,9330,中性盘,2017-07-03,2017-07-03 10:19:00
10:19:48,10:19:48,31.14,0.04,6,18684,买盘,2017-07-03,2017-07-03 10:19:48
10:19:57,10:19:57,31.14,--,9,28026,买盘,2017-07-03,2017-07-03 10:19:57
10:20:27,10:20:27,31.14,--,2,6228,买盘,2017-07-03,2017-07-03 10:20:27
10:20:42,10:20:42,31.1,-0.04,1,3110,卖盘,2017-07-03,2017-07-03 10:20:42
10:20:51,10:20:51,31.14,0.04,10,31140,买盘,2017-07-03,2017-07-03 10:20:51
10:21:06,10:21:06,31.1,-0.04,3,9330,买盘,2017-07-03,2017-07-03 10:21:06
10:21:24,10:21:24,31.15,0.05,1,3115,买盘,2017-07-03,2017-07-03 10:21:24
10:21:30,10:21:30,31.1,-0.05,3,9330,卖盘,2017-07-03,2017-07-03 10:21:30
10:22:24,10:22:24,31.15,0.05,1,3115,买盘,2017-07-03,2017-07-03 10:22:24
10:22:45,10:22:45,31.15,--,2,6230,买盘,2017-07-03,2017-07-03 10:22:45
10:23:06,10:23:06,31.15,--,7,21805,买盘,2017-07-03,2017-07-03 10:23:06
10:23:12,10:23:12,31.16,0.01,55,171380,买盘,2017-07-03,2017-07-03 10:23:12
10:23:15,10:23:15,31.1,-0.06,37,115070,卖盘,2017-07-03,2017-07-03 10:23:15
10:23:48,10:23:48,31.1,--,20,62200,买盘,2017-07-03,2017-07-03 10:23:48
10:23:57,10:23:57,31.1,--,12,37320,买盘,2017-07-03,2017-07-03 10:23:57
10:24:15,10:24:15,31.17,0.07,9,28053,中性盘,2017-07-03,2017-07-03 10:24:15
10:24:42,10:24:42,31.16,-0.01,5,15580,买盘,2017-07-03,2017-07-03 10:24:42
10:25:03,10:25:03,31.17,0.01,6,18702,买盘,2017-07-03,2017-07-03 10:25:03
10:25:06,10:25:06,31.16,-0.01,1,3116,卖盘,2017-07-03,2017-07-03 10:25:06
10:26:39,10:26:39,31.16,--,2,6232,卖盘,2017-07-03,2017-07-03 10:26:39
10:26:57,10:26:57,31.16,--,4,12464,卖盘,2017-07-03,2017-07-03 10:26:57
10:27:27,10:27:27,31.16,--,1,3116,卖盘,2017-07-03,2017-07-03 10:27:27
10:27:36,10:27:36,31.16,--,1,3116,卖盘,2017-07-03,2017-07-03 10:27:36
10:27:42,10:27:42,31.17,0.01,5,15585,买盘,2017-07-03,2017-07-03 10:27:42
10:28:42,10:28:42,31.17,--,23,71691,买盘,2017-07-03,2017-07-03 10:28:42
10:28:54,10:28:54,31.17,--,19,59223,买盘,2017-07-03,2017-07-03 10:28:54
10:29:42,10:29:42,31.17,--,5,15585,卖盘,2017-07-03,2017-07-03 10:29:42
10:29:45,10:29:45,31.18,0.01,3,9354,买盘,2017-07-03,2017-07-03 10:29:45
10:30:27,10:30:27,31.18,--,2,6236,买盘,2017-07-03,2017-07-03 10:30:27
10:30:36,10:30:36,31.17,-0.01,3,9351,卖盘,2017-07-03,2017-07-03 10:30:36
10:31:48,10:31:48,31.17,--,6,18702,买盘,2017-07-03,2017-07-03 10:31:48
10:31:54,10:31:54,31.17,--,10,31170,买盘,2017-07-03,2017-07-03 10:31:54
10:32:27,10:32:27,31.14,-0.03,22,68508,中性盘,2017-07-03,2017-07-03 10:32:27
10:32:30,10:32:30,31.17,0.03,30,93510,买盘,2017-07-03,2017-07-03 10:32:30
10:32:45,10:32:45,31.14,-0.03,1,3114,中性盘,2017-07-03,2017-07-03 10:32:45
10:32:51,10:32:51,31.13,-0.01,17,52921,卖盘,2017-07-03,2017-07-03 10:32:51
10:33:03,10:33:03,31.13,--,1,3113,卖盘,2017-07-03,2017-07-03 10:33:03
10:33:30,10:33:30,31.17,0.04,15,46755,买盘,2017-07-03,2017-07-03 10:33:30
10:33:33,10:33:33,31.13,-0.04,1,3113,卖盘,2017-07-03,2017-07-03 10:33:33
10:33:51,10:33:51,31.14,0.01,3,9342,中性盘,2017-07-03,2017-07-03 10:33:51
10:34:03,10:34:03,31.14,--,1,3114,卖盘,2017-07-03,2017-07-03 10:34:03
10:34:09,10:34:09,31.17,0.03,20,62340,买盘,2017-07-03,2017-07-03 10:34:09
10:34:30,10:34:30,31.17,--,1,3117,买盘,2017-07-03,2017-07-03 10:34:30
10:34:48,10:34:48,31.17,--,7,21819,买盘,2017-07-03,2017-07-03 10:34:48
10:34:54,10:34:54,31.13,-0.04,6,18678,卖盘,2017-07-03,2017-07-03 10:34:54
10:35:00,10:35:00,31.17,0.04,2,6234,买盘,2017-07-03,2017-07-03 10:35:00
10:35:03,10:35:03,31.17,--,1,3117,买盘,2017-07-03,2017-07-03 10:35:03
10:35:15,10:35:15,31.17,--,5,15585,买盘,2017-07-03,2017-07-03 10:35:15
10:35:30,10:35:30,31.17,--,20,62340,买盘,2017-07-03,2017-07-03 10:35:30
10:36:09,10:36:09,31.17,--,10,31170,买盘,2017-07-03,2017-07-03 10:36:09
10:36:21,10:36:21,31.15,-0.02,2,6230,卖盘,2017-07-03,2017-07-03 10:36:21
10:36:24,10:36:24,31.17,0.02,10,31170,买盘,2017-07-03,2017-07-03 10:36:24
10:36:30,10:36:30,31.17,--,44,137148,买盘,2017-07-03,2017-07-03 10:36:30
10:36:33,10:36:33,31.15,-0.02,2,6230,卖盘,2017-07-03,2017-07-03 10:36:33
10:36:54,10:36:54,31.18,0.03,2,6236,买盘,2017-07-03,2017-07-03 10:36:54
10:37:24,10:37:24,31.2,0.02,5,15600,买盘,2017-07-03,2017-07-03 10:37:24
10:37:45,10:37:45,31.24,0.04,4,12496,买盘,2017-07-03,2017-07-03 10:37:45
10:37:57,10:37:57,31.24,--,10,31240,买盘,2017-07-03,2017-07-03 10:37:57
10:38:09,10:38:09,31.25,0.01,15,46875,买盘,2017-07-03,2017-07-03 10:38:09
10:38:18,10:38:18,31.25,--,1,3125,买盘,2017-07-03,2017-07-03 10:38:18
10:38:42,10:38:42,31.25,--,1,3125,买盘,2017-07-03,2017-07-03 10:38:42
10:38:54,10:38:54,31.25,--,19,59375,卖盘,2017-07-03,2017-07-03 10:38:54
10:39:09,10:39:09,31.3,0.05,91,284830,买盘,2017-07-03,2017-07-03 10:39:09
10:39:30,10:39:30,31.3,--,7,21910,买盘,2017-07-03,2017-07-03 10:39:30
10:39:36,10:39:36,31.3,--,16,50080,买盘,2017-07-03,2017-07-03 10:39:36
10:39:39,10:39:39,31.3,--,1,3130,买盘,2017-07-03,2017-07-03 10:39:39
10:39:54,10:39:54,31.3,--,5,15650,买盘,2017-07-03,2017-07-03 10:39:54
10:40:06,10:40:06,31.3,--,4,12520,卖盘,2017-07-03,2017-07-03 10:40:06
10:40:09,10:40:09,31.33,0.03,20,62660,买盘,2017-07-03,2017-07-03 10:40:09
10:40:33,10:40:33,31.3,-0.03,5,15650,卖盘,2017-07-03,2017-07-03 10:40:33
10:40:36,10:40:36,31.3,--,3,9390,卖盘,2017-07-03,2017-07-03 10:40:36
10:40:39,10:40:39,31.33,0.03,1,3133,买盘,2017-07-03,2017-07-03 10:40:39
10:40:45,10:40:45,31.3,-0.03,8,25040,卖盘,2017-07-03,2017-07-03 10:40:45
10:41:03,10:41:03,31.26,-0.04,1,3126,卖盘,2017-07-03,2017-07-03 10:41:03
10:41:09,10:41:09,31.26,--,26,81276,卖盘,2017-07-03,2017-07-03 10:41:09
10:41:27,10:41:27,31.26,--,3,9378,买盘,2017-07-03,2017-07-03 10:41:27
10:41:36,10:41:36,31.26,--,4,12504,买盘,2017-07-03,2017-07-03 10:41:36
10:41:51,10:41:51,31.29,0.03,4,12516,买盘,2017-07-03,2017-07-03 10:41:51
10:42:24,10:42:24,31.3,0.01,1,3130,卖盘,2017-07-03,2017-07-03 10:42:24
10:42:51,10:42:51,31.26,-0.04,14,43764,卖盘,2017-07-03,2017-07-03 10:42:51
10:43:03,10:43:03,31.26,--,4,12504,买盘,2017-07-03,2017-07-03 10:43:03
10:43:30,10:43:30,31.26,--,2,6252,买盘,2017-07-03,2017-07-03 10:43:30
10:43:57,10:43:57,31.26,--,1,3126,中性盘,2017-07-03,2017-07-03 10:43:57
10:44:15,10:44:15,31.25,-0.01,2,6250,卖盘,2017-07-03,2017-07-03 10:44:15
10:44:30,10:44:30,31.25,--,10,31250,卖盘,2017-07-03,2017-07-03 10:44:30
10:44:39,10:44:39,31.25,--,4,12500,卖盘,2017-07-03,2017-07-03 10:44:39
10:44:42,10:44:42,31.25,--,1,3125,卖盘,2017-07-03,2017-07-03 10:44:42
10:45:00,10:45:00,31.25,--,4,12500,卖盘,2017-07-03,2017-07-03 10:45:00
10:45:45,10:45:45,31.25,--,5,15625,买盘,2017-07-03,2017-07-03 10:45:45
10:46:36,10:46:36,31.26,0.01,3,9378,买盘,2017-07-03,2017-07-03 10:46:36
10:47:39,10:47:39,31.26,--,31,96906,买盘,2017-07-03,2017-07-03 10:47:39
10:48:06,10:48:06,31.26,--,3,9378,卖盘,2017-07-03,2017-07-03 10:48:06
10:50:27,10:50:27,31.28,0.02,2,6256,中性盘,2017-07-03,2017-07-03 10:50:27
10:50:48,10:50:48,31.28,--,4,12512,买盘,2017-07-03,2017-07-03 10:50:48
10:51:06,10:51:06,31.29,0.01,9,28161,买盘,2017-07-03,2017-07-03 10:51:06
10:51:12,10:51:12,31.29,--,1,3129,卖盘,2017-07-03,2017-07-03 10:51:12
10:51:18,10:51:18,31.3,0.01,23,71990,买盘,2017-07-03,2017-07-03 10:51:18
10:51:27,10:51:27,31.3,--,20,62600,买盘,2017-07-03,2017-07-03 10:51:27
10:52:03,10:52:03,31.3,--,5,15650,买盘,2017-07-03,2017-07-03 10:52:03
10:52:09,10:52:09,31.28,-0.02,3,9384,卖盘,2017-07-03,2017-07-03 10:52:09
10:52:39,10:52:39,31.28,--,2,6256,卖盘,2017-07-03,2017-07-03 10:52:39
10:52:45,10:52:45,31.29,0.01,1,3129,中性盘,2017-07-03,2017-07-03 10:52:45
10:52:48,10:52:48,31.3,0.01,5,15650,买盘,2017-07-03,2017-07-03 10:52:48
10:53:18,10:53:18,31.29,-0.01,2,6258,中性盘,2017-07-03,2017-07-03 10:53:18
10:53:24,10:53:24,31.28,-0.01,5,15640,卖盘,2017-07-03,2017-07-03 10:53:24
10:53:36,10:53:36,31.28,--,5,15640,卖盘,2017-07-03,2017-07-03 10:53:36
10:53:48,10:53:48,31.3,0.02,30,93900,买盘,2017-07-03,2017-07-03 10:53:48
10:55:03,10:55:03,31.3,--,1,3130,买盘,2017-07-03,2017-07-03 10:55:03
10:55:21,10:55:21,31.29,-0.01,4,12516,卖盘,2017-07-03,2017-07-03 10:55:21
10:55:39,10:55:39,31.29,--,1,3129,买盘,2017-07-03,2017-07-03 10:55:39
10:55:48,10:55:48,31.29,--,1,3129,买盘,2017-07-03,2017-07-03 10:55:48
10:55:54,10:55:54,31.29,--,2,6258,买盘,2017-07-03,2017-07-03 10:55:54
10:56:12,10:56:12,31.29,--,4,12516,卖盘,2017-07-03,2017-07-03 10:56:12
10:56:21,10:56:21,31.3,0.01,1,3130,买盘,2017-07-03,2017-07-03 10:56:21
10:56:30,10:56:30,31.3,--,25,78250,买盘,2017-07-03,2017-07-03 10:56:30
10:56:48,10:56:48,31.29,-0.01,3,9387,卖盘,2017-07-03,2017-07-03 10:56:48
10:56:51,10:56:51,31.3,0.01,3,9390,买盘,2017-07-03,2017-07-03 10:56:51
10:57:06,10:57:06,31.3,--,2,6260,买盘,2017-07-03,2017-07-03 10:57:06
10:57:33,10:57:33,31.28,-0.02,2,6256,卖盘,2017-07-03,2017-07-03 10:57:33
10:57:51,10:57:51,31.28,--,10,31280,卖盘,2017-07-03,2017-07-03 10:57:51
10:58:18,10:58:18,31.26,-0.02,13,40638,卖盘,2017-07-03,2017-07-03 10:58:18
10:58:33,10:58:33,31.28,0.02,5,15640,中性盘,2017-07-03,2017-07-03 10:58:33
10:58:45,10:58:45,31.28,--,2,6256,卖盘,2017-07-03,2017-07-03 10:58:45
10:59:24,10:59:24,31.26,-0.02,4,12504,卖盘,2017-07-03,2017-07-03 10:59:24
11:00:42,11:00:42,31.28,0.02,6,18768,买盘,2017-07-03,2017-07-03 11:00:42
11:00:48,11:00:48,31.28,--,3,9384,买盘,2017-07-03,2017-07-03 11:00:48
11:01:54,11:01:54,31.26,-0.02,3,9378,卖盘,2017-07-03,2017-07-03 11:01:54
11:02:18,11:02:18,31.26,--,25,78150,卖盘,2017-07-03,2017-07-03 11:02:18
11:02:45,11:02:45,31.26,--,5,15630,买盘,2017-07-03,2017-07-03 11:02:45
11:02:48,11:02:48,31.26,--,1,3126,卖盘,2017-07-03,2017-07-03 11:02:48
11:02:57,11:02:57,31.26,--,3,9378,卖盘,2017-07-03,2017-07-03 11:02:57
11:03:06,11:03:06,31.26,--,13,40638,买盘,2017-07-03,2017-07-03 11:03:06
11:03:24,11:03:24,31.25,-0.01,5,15625,卖盘,2017-07-03,2017-07-03 11:03:24
11:03:27,11:03:27,31.26,0.01,15,46890,买盘,2017-07-03,2017-07-03 11:03:27
11:03:33,11:03:33,31.25,-0.01,19,59375,卖盘,2017-07-03,2017-07-03 11:03:33
11:05:06,11:05:06,31.25,--,11,34375,买盘,2017-07-03,2017-07-03 11:05:06
11:06:06,11:06:06,31.26,0.01,6,18756,中性盘,2017-07-03,2017-07-03 11:06:06
11:06:54,11:06:54,31.26,--,4,12504,买盘,2017-07-03,2017-07-03 11:06:54
11:07:09,11:07:09,31.25,-0.01,5,15625,中性盘,2017-07-03,2017-07-03 11:07:09
11:07:24,11:07:24,31.26,0.01,8,25008,买盘,2017-07-03,2017-07-03 11:07:24
11:07:33,11:07:33,31.26,--,8,25008,买盘,2017-07-03,2017-07-03 11:07:33
11:07:42,11:07:42,31.26,--,7,21882,买盘,2017-07-03,2017-07-03 11:07:42
11:07:51,11:07:51,31.26,--,6,18756,买盘,2017-07-03,2017-07-03 11:07:51
11:07:54,11:07:54,31.26,--,1,3126,买盘,2017-07-03,2017-07-03 11:07:54
11:08:00,11:08:00,31.26,--,26,81276,买盘,2017-07-03,2017-07-03 11:08:00
11:08:33,11:08:33,31.26,--,1,3126,卖盘,2017-07-03,2017-07-03 11:08:33
11:09:12,11:09:12,31.28,0.02,1,3128,买盘,2017-07-03,2017-07-03 11:09:12
11:09:21,11:09:21,31.28,--,2,6256,中性盘,2017-07-03,2017-07-03 11:09:21
11:09:24,11:09:24,31.29,0.01,22,68838,买盘,2017-07-03,2017-07-03 11:09:24
11:10:03,11:10:03,31.29,--,1,3129,买盘,2017-07-03,2017-07-03 11:10:03
11:10:12,11:10:12,31.3,0.01,29,90770,买盘,2017-07-03,2017-07-03 11:10:12
11:10:27,11:10:27,31.3,--,8,25040,买盘,2017-07-03,2017-07-03 11:10:27
11:11:45,11:11:45,31.3,--,1,3130,买盘,2017-07-03,2017-07-03 11:11:45
11:12:06,11:12:06,31.3,--,8,25040,买盘,2017-07-03,2017-07-03 11:12:06
11:12:12,11:12:12,31.3,--,10,31300,买盘,2017-07-03,2017-07-03 11:12:12
11:12:15,11:12:15,31.3,--,6,18780,买盘,2017-07-03,2017-07-03 11:12:15
11:12:24,11:12:24,31.28,-0.02,3,9384,卖盘,2017-07-03,2017-07-03 11:12:24
11:12:57,11:12:57,31.28,--,2,6256,买盘,2017-07-03,2017-07-03 11:12:57
11:13:30,11:13:30,31.32,0.04,15,46980,买盘,2017-07-03,2017-07-03 11:13:30
11:14:03,11:14:03,31.32,--,1,3132,买盘,2017-07-03,2017-07-03 11:14:03
11:14:42,11:14:42,31.31,-0.01,3,9393,中性盘,2017-07-03,2017-07-03 11:14:42
11:15:36,11:15:36,31.31,--,2,6262,买盘,2017-07-03,2017-07-03 11:15:36
11:15:48,11:15:48,31.33,0.02,15,46995,买盘,2017-07-03,2017-07-03 11:15:48
11:16:00,11:16:00,31.29,-0.04,6,18774,卖盘,2017-07-03,2017-07-03 11:16:00
11:16:03,11:16:03,31.33,0.04,14,43862,买盘,2017-07-03,2017-07-03 11:16:03
11:16:18,11:16:18,31.33,--,2,6266,卖盘,2017-07-03,2017-07-03 11:16:18
11:16:24,11:16:24,31.33,--,8,25064,买盘,2017-07-03,2017-07-03 11:16:24
11:16:33,11:16:33,31.33,--,8,25064,买盘,2017-07-03,2017-07-03 11:16:33
11:17:03,11:17:03,31.3,-0.03,3,9390,中性盘,2017-07-03,2017-07-03 11:17:03
11:17:09,11:17:09,31.33,0.03,7,21931,买盘,2017-07-03,2017-07-03 11:17:09
11:17:39,11:17:39,31.33,--,1,3133,买盘,2017-07-03,2017-07-03 11:17:39
11:17:57,11:17:57,31.33,--,1,3133,买盘,2017-07-03,2017-07-03 11:17:57
11:18:03,11:18:03,31.36,0.03,59,185024,买盘,2017-07-03,2017-07-03 11:18:03
11:18:12,11:18:12,31.36,--,10,31360,卖盘,2017-07-03,2017-07-03 11:18:12
11:18:15,11:18:15,31.37,0.01,20,62740,买盘,2017-07-03,2017-07-03 11:18:15
11:18:21,11:18:21,31.4,0.03,100,314000,买盘,2017-07-03,2017-07-03 11:18:21
11:18:24,11:18:24,31.41,0.01,25,78525,买盘,2017-07-03,2017-07-03 11:18:24
11:18:27,11:18:27,31.42,0.01,2,6284,中性盘,2017-07-03,2017-07-03 11:18:27
11:18:30,11:18:30,31.47,0.05,7,22029,买盘,2017-07-03,2017-07-03 11:18:30
11:18:36,11:18:36,31.51,0.04,10,31510,买盘,2017-07-03,2017-07-03 11:18:36
11:18:39,11:18:39,31.55,0.04,57,179835,买盘,2017-07-03,2017-07-03 11:18:39
11:18:51,11:18:51,31.54,-0.01,10,31540,中性盘,2017-07-03,2017-07-03 11:18:51
11:18:54,11:18:54,31.5,-0.04,9,28350,卖盘,2017-07-03,2017-07-03 11:18:54
11:18:57,11:18:57,31.5,--,1,3150,买盘,2017-07-03,2017-07-03 11:18:57
11:19:21,11:19:21,31.49,-0.01,2,6298,卖盘,2017-07-03,2017-07-03 11:19:21
11:19:36,11:19:36,31.47,-0.02,13,40911,卖盘,2017-07-03,2017-07-03 11:19:36
11:19:42,11:19:42,31.47,--,8,25176,买盘,2017-07-03,2017-07-03 11:19:42
11:19:48,11:19:48,31.47,--,3,9441,买盘,2017-07-03,2017-07-03 11:19:48
11:19:51,11:19:51,31.5,0.03,4,12600,买盘,2017-07-03,2017-07-03 11:19:51
11:20:00,11:20:00,31.5,--,22,69300,买盘,2017-07-03,2017-07-03 11:20:00
11:20:03,11:20:03,31.5,--,1,3150,买盘,2017-07-03,2017-07-03 11:20:03
11:20:12,11:20:12,31.5,--,20,63000,卖盘,2017-07-03,2017-07-03 11:20:12
11:20:18,11:20:18,31.5,--,3,9450,卖盘,2017-07-03,2017-07-03 11:20:18
11:20:24,11:20:24,31.53,0.03,1,3153,买盘,2017-07-03,2017-07-03 11:20:24
11:20:33,11:20:33,31.53,--,14,44142,卖盘,2017-07-03,2017-07-03 11:20:33
11:20:39,11:20:39,31.52,-0.01,4,12608,卖盘,2017-07-03,2017-07-03 11:20:39
11:20:51,11:20:51,31.52,--,2,6304,买盘,2017-07-03,2017-07-03 11:20:51
11:21:03,11:21:03,31.52,--,1,3152,卖盘,2017-07-03,2017-07-03 11:21:03
11:21:06,11:21:06,31.52,--,5,15760,卖盘,2017-07-03,2017-07-03 11:21:06
11:21:09,11:21:09,31.52,--,13,40976,卖盘,2017-07-03,2017-07-03 11:21:09
11:21:18,11:21:18,31.51,-0.01,1,3151,卖盘,2017-07-03,2017-07-03 11:21:18
11:21:24,11:21:24,31.5,-0.01,1,3150,卖盘,2017-07-03,2017-07-03 11:21:24
11:21:33,11:21:33,31.51,0.01,13,40963,买盘,2017-07-03,2017-07-03 11:21:33
11:21:36,11:21:36,31.5,-0.01,14,44100,卖盘,2017-07-03,2017-07-03 11:21:36
11:21:39,11:21:39,31.5,--,2,6300,中性盘,2017-07-03,2017-07-03 11:21:39
11:21:54,11:21:54,31.45,-0.05,2,6290,卖盘,2017-07-03,2017-07-03 11:21:54
11:22:18,11:22:18,31.5,0.05,3,9450,买盘,2017-07-03,2017-07-03 11:22:18
11:22:27,11:22:27,31.5,--,2,6300,卖盘,2017-07-03,2017-07-03 11:22:27
11:22:33,11:22:33,31.52,0.02,2,6304,买盘,2017-07-03,2017-07-03 11:22:33
11:22:36,11:22:36,31.52,--,1,3152,卖盘,2017-07-03,2017-07-03 11:22:36
11:22:45,11:22:45,31.54,0.02,37,116698,买盘,2017-07-03,2017-07-03 11:22:45
11:22:48,11:22:48,31.52,-0.02,51,160752,卖盘,2017-07-03,2017-07-03 11:22:48
11:22:54,11:22:54,31.52,--,10,31520,买盘,2017-07-03,2017-07-03 11:22:54
11:23:03,11:23:03,31.51,-0.01,2,6302,卖盘,2017-07-03,2017-07-03 11:23:03
11:23:06,11:23:06,31.52,0.01,9,28368,买盘,2017-07-03,2017-07-03 11:23:06
11:23:15,11:23:15,31.52,--,3,9456,卖盘,2017-07-03,2017-07-03 11:23:15
11:23:30,11:23:30,31.52,--,4,12608,卖盘,2017-07-03,2017-07-03 11:23:30
11:23:42,11:23:42,31.53,0.01,1,3153,买盘,2017-07-03,2017-07-03 11:23:42
11:23:51,11:23:51,31.53,--,9,28377,卖盘,2017-07-03,2017-07-03 11:23:51
11:24:03,11:24:03,31.52,-0.01,4,12608,卖盘,2017-07-03,2017-07-03 11:24:03
11:24:12,11:24:12,31.52,--,1,3152,买盘,2017-07-03,2017-07-03 11:24:12
11:24:18,11:24:18,31.5,-0.02,200,630000,卖盘,2017-07-03,2017-07-03 11:24:18
11:24:33,11:24:33,31.5,--,5,15750,买盘,2017-07-03,2017-07-03 11:24:33
11:24:48,11:24:48,31.46,-0.04,7,22022,卖盘,2017-07-03,2017-07-03 11:24:48
11:25:33,11:25:33,31.46,--,5,15730,卖盘,2017-07-03,2017-07-03 11:25:33
11:26:15,11:26:15,31.47,0.01,16,50352,卖盘,2017-07-03,2017-07-03 11:26:15
11:26:45,11:26:45,31.47,--,5,15735,买盘,2017-07-03,2017-07-03 11:26:45
11:26:57,11:26:57,31.49,0.02,1,3149,买盘,2017-07-03,2017-07-03 11:26:57
11:27:09,11:27:09,31.49,--,2,6298,买盘,2017-07-03,2017-07-03 11:27:09
11:27:24,11:27:24,31.49,--,9,28341,买盘,2017-07-03,2017-07-03 11:27:24
11:27:57,11:27:57,31.49,--,2,6298,卖盘,2017-07-03,2017-07-03 11:27:57
11:28:06,11:28:06,31.49,--,8,25192,卖盘,2017-07-03,2017-07-03 11:28:06
11:28:15,11:28:15,31.5,0.01,5,15750,买盘,2017-07-03,2017-07-03 11:28:15
11:28:39,11:28:39,31.5,--,20,63000,买盘,2017-07-03,2017-07-03 11:28:39
11:28:48,11:28:48,31.5,--,5,15750,买盘,2017-07-03,2017-07-03 11:28:48
11:28:54,11:28:54,31.54,0.04,15,47310,买盘,2017-07-03,2017-07-03 11:28:54
11:28:57,11:28:57,31.5,-0.04,5,15750,卖盘,2017-07-03,2017-07-03 11:28:57
11:29:06,11:29:06,31.55,0.05,8,25240,买盘,2017-07-03,2017-07-03 11:29:06
11:29:30,11:29:30,31.5,-0.05,8,25200,卖盘,2017-07-03,2017-07-03 11:29:30
11:29:51,11:29:51,31.54,0.04,6,18924,买盘,2017-07-03,2017-07-03 11:29:51
11:30:00,11:30:00,31.54,--,0,0,买盘,2017-07-03,2017-07-03 11:30:00
13:00:00,13:00:00,31.54,--,0,0,买盘,2017-07-03,2017-07-03 13:00:00
13:00:03,13:00:03,31.53,-0.01,46,145038,中性盘,2017-07-03,2017-07-03 13:00:03
13:00:06,13:00:06,31.54,0.01,24,75696,买盘,2017-07-03,2017-07-03 13:00:06
13:00:54,13:00:54,31.5,-0.04,5,15750,卖盘,2017-07-03,2017-07-03 13:00:54
13:02:27,13:02:27,31.53,0.03,1,3153,中性盘,2017-07-03,2017-07-03 13:02:27
13:03:30,13:03:30,31.5,-0.03,10,31500,卖盘,2017-07-03,2017-07-03 13:03:30
13:03:36,13:03:36,31.53,0.03,1,3153,买盘,2017-07-03,2017-07-03 13:03:36
13:03:54,13:03:54,31.5,-0.03,20,63000,卖盘,2017-07-03,2017-07-03 13:03:54
13:04:00,13:04:00,31.5,--,5,15750,卖盘,2017-07-03,2017-07-03 13:04:00
13:05:09,13:05:09,31.48,-0.02,1,3148,中性盘,2017-07-03,2017-07-03 13:05:09
13:05:48,13:05:48,31.45,-0.03,16,50320,卖盘,2017-07-03,2017-07-03 13:05:48
13:05:57,13:05:57,31.45,--,1,3145,买盘,2017-07-03,2017-07-03 13:05:57
13:06:42,13:06:42,31.43,-0.02,42,132006,中性盘,2017-07-03,2017-07-03 13:06:42
13:06:54,13:06:54,31.43,--,1,3143,买盘,2017-07-03,2017-07-03 13:06:54
13:06:57,13:06:57,31.43,--,17,53431,买盘,2017-07-03,2017-07-03 13:06:57
13:08:15,13:08:15,31.43,--,8,25144,卖盘,2017-07-03,2017-07-03 13:08:15
13:09:00,13:09:00,31.45,0.02,10,31450,买盘,2017-07-03,2017-07-03 13:09:00
13:09:15,13:09:15,31.44,-0.01,5,15720,中性盘,2017-07-03,2017-07-03 13:09:15
13:09:42,13:09:42,31.45,0.01,1,3145,买盘,2017-07-03,2017-07-03 13:09:42
13:10:09,13:10:09,31.45,--,2,6290,买盘,2017-07-03,2017-07-03 13:10:09
13:10:45,13:10:45,31.45,--,4,12580,买盘,2017-07-03,2017-07-03 13:10:45
13:11:15,13:11:15,31.45,--,2,6290,买盘,2017-07-03,2017-07-03 13:11:15
13:11:18,13:11:18,31.45,--,4,12580,中性盘,2017-07-03,2017-07-03 13:11:18
13:11:24,13:11:24,31.44,-0.01,5,15720,卖盘,2017-07-03,2017-07-03 13:11:24
13:11:45,13:11:45,31.44,--,2,6288,卖盘,2017-07-03,2017-07-03 13:11:45
13:11:48,13:11:48,31.44,--,10,31440,卖盘,2017-07-03,2017-07-03 13:11:48
13:12:24,13:12:24,31.44,--,15,47160,卖盘,2017-07-03,2017-07-03 13:12:24
13:12:45,13:12:45,31.44,--,2,6288,卖盘,2017-07-03,2017-07-03 13:12:45
13:12:54,13:12:54,31.46,0.02,1,3146,买盘,2017-07-03,2017-07-03 13:12:54
13:13:33,13:13:33,31.46,--,2,6292,卖盘,2017-07-03,2017-07-03 13:13:33
13:13:48,13:13:48,31.44,-0.02,1,3144,卖盘,2017-07-03,2017-07-03 13:13:48
13:14:06,13:14:06,31.44,--,2,6288,买盘,2017-07-03,2017-07-03 13:14:06
13:14:39,13:14:39,31.43,-0.01,2,6286,卖盘,2017-07-03,2017-07-03 13:14:39
13:14:57,13:14:57,31.43,--,2,6286,卖盘,2017-07-03,2017-07-03 13:14:57
13:15:09,13:15:09,31.43,--,5,15715,卖盘,2017-07-03,2017-07-03 13:15:09
13:15:15,13:15:15,31.42,-0.01,9,28278,卖盘,2017-07-03,2017-07-03 13:15:15
13:16:09,13:16:09,31.42,--,3,9426,中性盘,2017-07-03,2017-07-03 13:16:09
13:16:15,13:16:15,31.42,--,3,9426,卖盘,2017-07-03,2017-07-03 13:16:15
13:17:06,13:17:06,31.42,--,5,15710,卖盘,2017-07-03,2017-07-03 13:17:06
13:17:33,13:17:33,31.42,--,5,15710,卖盘,2017-07-03,2017-07-03 13:17:33
13:17:48,13:17:48,31.44,0.02,8,25152,买盘,2017-07-03,2017-07-03 13:17:48
13:17:57,13:17:57,31.44,--,8,25152,买盘,2017-07-03,2017-07-03 13:17:57
13:18:00,13:18:00,31.47,0.03,17,53499,买盘,2017-07-03,2017-07-03 13:18:00
13:19:00,13:19:00,31.47,--,8,25176,买盘,2017-07-03,2017-07-03 13:19:00
13:19:09,13:19:09,31.47,--,15,47205,买盘,2017-07-03,2017-07-03 13:19:09
13:19:57,13:19:57,31.47,--,2,6294,买盘,2017-07-03,2017-07-03 13:19:57
13:20:24,13:20:24,31.47,--,8,25176,买盘,2017-07-03,2017-07-03 13:20:24
13:20:33,13:20:33,31.48,0.01,8,25184,买盘,2017-07-03,2017-07-03 13:20:33
13:20:39,13:20:39,31.48,--,5,15740,买盘,2017-07-03,2017-07-03 13:20:39
13:20:42,13:20:42,31.47,-0.01,9,28323,卖盘,2017-07-03,2017-07-03 13:20:42
13:21:12,13:21:12,31.47,--,6,18882,买盘,2017-07-03,2017-07-03 13:21:12
13:21:15,13:21:15,31.47,--,16,50352,买盘,2017-07-03,2017-07-03 13:21:15
13:21:33,13:21:33,31.47,--,5,15735,买盘,2017-07-03,2017-07-03 13:21:33
13:22:15,13:22:15,31.47,--,12,37764,买盘,2017-07-03,2017-07-03 13:22:15
13:22:42,13:22:42,31.44,-0.03,5,15720,卖盘,2017-07-03,2017-07-03 13:22:42
13:23:09,13:23:09,31.44,--,5,15720,买盘,2017-07-03,2017-07-03 13:23:09
13:23:54,13:23:54,31.44,--,1,3144,卖盘,2017-07-03,2017-07-03 13:23:54
13:24:03,13:24:03,31.43,-0.01,3,9429,卖盘,2017-07-03,2017-07-03 13:24:03
13:24:09,13:24:09,31.43,--,1,3143,卖盘,2017-07-03,2017-07-03 13:24:09
13:24:15,13:24:15,31.44,0.01,5,15720,买盘,2017-07-03,2017-07-03 13:24:15
13:24:27,13:24:27,31.44,--,2,6288,买盘,2017-07-03,2017-07-03 13:24:27
13:24:33,13:24:33,31.44,--,7,22008,卖盘,2017-07-03,2017-07-03 13:24:33
13:25:03,13:25:03,31.45,0.01,1,3145,中性盘,2017-07-03,2017-07-03 13:25:03
13:25:42,13:25:42,31.45,--,5,15725,卖盘,2017-07-03,2017-07-03 13:25:42
13:25:54,13:25:54,31.45,--,1,3145,卖盘,2017-07-03,2017-07-03 13:25:54
13:25:57,13:25:57,31.45,--,1,3145,买盘,2017-07-03,2017-07-03 13:25:57
13:26:27,13:26:27,31.46,0.01,6,18876,买盘,2017-07-03,2017-07-03 13:26:27
13:26:42,13:26:42,31.47,0.01,42,132174,买盘,2017-07-03,2017-07-03 13:26:42
13:26:51,13:26:51,31.48,0.01,2,6296,买盘,2017-07-03,2017-07-03 13:26:51
13:26:57,13:26:57,31.48,--,3,9444,买盘,2017-07-03,2017-07-03 13:26:57
13:27:15,13:27:15,31.48,--,2,6296,买盘,2017-07-03,2017-07-03 13:27:15
13:27:21,13:27:21,31.49,0.01,9,28341,买盘,2017-07-03,2017-07-03 13:27:21
13:27:33,13:27:33,31.47,-0.02,2,6294,卖盘,2017-07-03,2017-07-03 13:27:33
13:27:36,13:27:36,31.5,0.03,23,72450,买盘,2017-07-03,2017-07-03 13:27:36
13:27:39,13:27:39,31.5,--,2,6300,卖盘,2017-07-03,2017-07-03 13:27:39
13:27:48,13:27:48,31.5,--,5,15750,卖盘,2017-07-03,2017-07-03 13:27:48
13:27:51,13:27:51,31.5,--,2,6300,卖盘,2017-07-03,2017-07-03 13:27:51
13:28:06,13:28:06,31.53,0.03,28,88284,买盘,2017-07-03,2017-07-03 13:28:06
13:28:09,13:28:09,31.5,-0.03,10,31500,卖盘,2017-07-03,2017-07-03 13:28:09
13:28:21,13:28:21,31.5,--,8,25200,买盘,2017-07-03,2017-07-03 13:28:21
13:28:27,13:28:27,31.47,-0.03,8,25176,卖盘,2017-07-03,2017-07-03 13:28:27
13:28:33,13:28:33,31.5,0.03,15,47250,买盘,2017-07-03,2017-07-03 13:28:33
13:28:39,13:28:39,31.53,0.03,8,25224,买盘,2017-07-03,2017-07-03 13:28:39
13:28:42,13:28:42,31.53,--,8,25224,买盘,2017-07-03,2017-07-03 13:28:42
13:28:48,13:28:48,31.54,0.01,8,25232,买盘,2017-07-03,2017-07-03 13:28:48
13:28:57,13:28:57,31.54,--,9,28386,买盘,2017-07-03,2017-07-03 13:28:57
13:29:12,13:29:12,31.54,--,10,31540,买盘,2017-07-03,2017-07-03 13:29:12
13:29:15,13:29:15,31.55,0.01,5,15775,买盘,2017-07-03,2017-07-03 13:29:15
13:29:45,13:29:45,31.51,-0.04,10,31510,卖盘,2017-07-03,2017-07-03 13:29:45
13:29:54,13:29:54,31.5,-0.01,2,6300,卖盘,2017-07-03,2017-07-03 13:29:54
13:29:57,13:29:57,31.51,0.01,6,18906,买盘,2017-07-03,2017-07-03 13:29:57
13:30:00,13:30:00,31.51,--,10,31510,卖盘,2017-07-03,2017-07-03 13:30:00
13:30:12,13:30:12,31.53,0.02,5,15765,买盘,2017-07-03,2017-07-03 13:30:12
13:30:30,13:30:30,31.51,-0.02,7,22057,卖盘,2017-07-03,2017-07-03 13:30:30
13:30:54,13:30:54,31.51,--,5,15755,卖盘,2017-07-03,2017-07-03 13:30:54
13:31:09,13:31:09,31.51,--,5,15755,卖盘,2017-07-03,2017-07-03 13:31:09
13:31:12,13:31:12,31.51,--,15,47265,卖盘,2017-07-03,2017-07-03 13:31:12
13:31:39,13:31:39,31.5,-0.01,4,12600,卖盘,2017-07-03,2017-07-03 13:31:39
13:32:21,13:32:21,31.48,-0.02,16,50368,卖盘,2017-07-03,2017-07-03 13:32:21
13:32:39,13:32:39,31.47,-0.01,1,3147,卖盘,2017-07-03,2017-07-03 13:32:39
13:32:42,13:32:42,31.47,--,12,37764,卖盘,2017-07-03,2017-07-03 13:32:42
13:33:00,13:33:00,31.5,0.03,2,6300,买盘,2017-07-03,2017-07-03 13:33:00
13:33:27,13:33:27,31.5,--,2,6300,卖盘,2017-07-03,2017-07-03 13:33:27
13:33:30,13:33:30,31.5,--,5,15750,卖盘,2017-07-03,2017-07-03 13:33:30
13:34:06,13:34:06,31.5,--,4,12600,买盘,2017-07-03,2017-07-03 13:34:06
13:34:12,13:34:12,31.48,-0.02,5,15740,卖盘,2017-07-03,2017-07-03 13:34:12
13:34:18,13:34:18,31.5,0.02,1,3150,买盘,2017-07-03,2017-07-03 13:34:18
13:34:33,13:34:33,31.48,-0.02,1,3148,卖盘,2017-07-03,2017-07-03 13:34:33
13:34:54,13:34:54,31.48,--,4,12592,卖盘,2017-07-03,2017-07-03 13:34:54
13:35:03,13:35:03,31.48,--,5,15740,买盘,2017-07-03,2017-07-03 13:35:03
13:35:30,13:35:30,31.47,-0.01,5,15735,卖盘,2017-07-03,2017-07-03 13:35:30
13:35:54,13:35:54,31.47,--,1,3147,卖盘,2017-07-03,2017-07-03 13:35:54
13:36:00,13:36:00,31.47,--,25,78675,卖盘,2017-07-03,2017-07-03 13:36:00
13:36:51,13:36:51,31.47,--,6,18882,买盘,2017-07-03,2017-07-03 13:36:51
13:36:57,13:36:57,31.46,-0.01,31,97526,卖盘,2017-07-03,2017-07-03 13:36:57
13:37:12,13:37:12,31.43,-0.03,2,6286,卖盘,2017-07-03,2017-07-03 13:37:12
13:37:36,13:37:36,31.43,--,1,3143,卖盘,2017-07-03,2017-07-03 13:37:36
13:38:06,13:38:06,31.43,--,6,18858,卖盘,2017-07-03,2017-07-03 13:38:06
13:39:00,13:39:00,31.46,0.03,5,15730,买盘,2017-07-03,2017-07-03 13:39:00
13:39:06,13:39:06,31.46,--,5,15730,卖盘,2017-07-03,2017-07-03 13:39:06
13:39:24,13:39:24,31.46,--,2,6292,买盘,2017-07-03,2017-07-03 13:39:24
13:39:33,13:39:33,31.45,-0.01,5,15725,卖盘,2017-07-03,2017-07-03 13:39:33
13:39:48,13:39:48,31.44,-0.01,17,53448,卖盘,2017-07-03,2017-07-03 13:39:48
13:40:03,13:40:03,31.43,-0.01,10,31430,卖盘,2017-07-03,2017-07-03 13:40:03
13:40:21,13:40:21,31.42,-0.01,49,153958,卖盘,2017-07-03,2017-07-03 13:40:21
13:40:27,13:40:27,31.42,--,2,6284,卖盘,2017-07-03,2017-07-03 13:40:27
13:40:39,13:40:39,31.42,--,6,18852,卖盘,2017-07-03,2017-07-03 13:40:39
13:40:57,13:40:57,31.44,0.02,15,47160,买盘,2017-07-03,2017-07-03 13:40:57
13:41:00,13:41:00,31.44,--,1,3144,卖盘,2017-07-03,2017-07-03 13:41:00
13:41:18,13:41:18,31.44,--,1,3144,卖盘,2017-07-03,2017-07-03 13:41:18
13:41:24,13:41:24,31.44,--,1,3144,卖盘,2017-07-03,2017-07-03 13:41:24
13:42:06,13:42:06,31.42,-0.02,4,12568,卖盘,2017-07-03,2017-07-03 13:42:06
13:42:33,13:42:33,31.42,--,5,15710,卖盘,2017-07-03,2017-07-03 13:42:33
13:42:45,13:42:45,31.42,--,1,3142,卖盘,2017-07-03,2017-07-03 13:42:45
13:42:51,13:42:51,31.42,--,1,3142,卖盘,2017-07-03,2017-07-03 13:42:51
13:43:27,13:43:27,31.41,-0.01,4,12564,卖盘,2017-07-03,2017-07-03 13:43:27
13:44:54,13:44:54,31.42,0.01,3,9426,中性盘,2017-07-03,2017-07-03 13:44:54
13:45:09,13:45:09,31.41,-0.01,30,94230,卖盘,2017-07-03,2017-07-03 13:45:09
13:46:36,13:46:36,31.44,0.03,3,9432,买盘,2017-07-03,2017-07-03 13:46:36
13:47:03,13:47:03,31.44,--,4,12576,买盘,2017-07-03,2017-07-03 13:47:03
13:47:06,13:47:06,31.44,--,7,22008,买盘,2017-07-03,2017-07-03 13:47:06
13:48:27,13:48:27,31.46,0.02,10,31460,买盘,2017-07-03,2017-07-03 13:48:27
13:48:51,13:48:51,31.44,-0.02,1,3144,卖盘,2017-07-03,2017-07-03 13:48:51
13:49:15,13:49:15,31.44,--,5,15720,卖盘,2017-07-03,2017-07-03 13:49:15
13:49:51,13:49:51,31.44,--,10,31440,卖盘,2017-07-03,2017-07-03 13:49:51
13:50:00,13:50:00,31.44,--,5,15720,卖盘,2017-07-03,2017-07-03 13:50:00
13:50:09,13:50:09,31.44,--,5,15720,卖盘,2017-07-03,2017-07-03 13:50:09
13:50:24,13:50:24,31.43,-0.01,1,3143,卖盘,2017-07-03,2017-07-03 13:50:24
13:51:45,13:51:45,31.45,0.02,4,12580,中性盘,2017-07-03,2017-07-03 13:51:45
13:52:30,13:52:30,31.4,-0.05,93,292020,卖盘,2017-07-03,2017-07-03 13:52:30
13:52:36,13:52:36,31.4,--,5,15700,买盘,2017-07-03,2017-07-03 13:52:36
13:52:42,13:52:42,31.39,-0.01,16,50224,卖盘,2017-07-03,2017-07-03 13:52:42
13:53:09,13:53:09,31.38,-0.01,36,112968,卖盘,2017-07-03,2017-07-03 13:53:09
13:53:12,13:53:12,31.39,0.01,8,25112,买盘,2017-07-03,2017-07-03 13:53:12
13:53:24,13:53:24,31.38,-0.01,3,9414,卖盘,2017-07-03,2017-07-03 13:53:24
13:53:27,13:53:27,31.38,--,2,6276,卖盘,2017-07-03,2017-07-03 13:53:27
13:53:51,13:53:51,31.38,--,43,134934,卖盘,2017-07-03,2017-07-03 13:53:51
13:54:03,13:54:03,31.38,--,10,31380,卖盘,2017-07-03,2017-07-03 13:54:03
13:54:12,13:54:12,31.38,--,3,9414,买盘,2017-07-03,2017-07-03 13:54:12
13:54:27,13:54:27,31.38,--,2,6276,买盘,2017-07-03,2017-07-03 13:54:27
13:54:54,13:54:54,31.37,-0.01,6,18822,卖盘,2017-07-03,2017-07-03 13:54:54
13:55:00,13:55:00,31.35,-0.02,45,141075,卖盘,2017-07-03,2017-07-03 13:55:00
13:55:33,13:55:33,31.35,--,40,125400,买盘,2017-07-03,2017-07-03 13:55:33
13:55:36,13:55:36,31.35,--,15,47025,买盘,2017-07-03,2017-07-03 13:55:36
13:55:42,13:55:42,31.33,-0.02,3,9399,中性盘,2017-07-03,2017-07-03 13:55:42
13:55:48,13:55:48,31.34,0.01,1,3134,中性盘,2017-07-03,2017-07-03 13:55:48
13:56:03,13:56:03,31.35,0.01,10,31350,买盘,2017-07-03,2017-07-03 13:56:03
13:56:15,13:56:15,31.35,--,4,12540,买盘,2017-07-03,2017-07-03 13:56:15
13:56:21,13:56:21,31.35,--,1,3135,买盘,2017-07-03,2017-07-03 13:56:21
13:56:24,13:56:24,31.35,--,2,6270,买盘,2017-07-03,2017-07-03 13:56:24
13:56:27,13:56:27,31.35,--,36,112860,买盘,2017-07-03,2017-07-03 13:56:27
13:56:30,13:56:30,31.35,--,17,53295,买盘,2017-07-03,2017-07-03 13:56:30
13:56:36,13:56:36,31.35,--,2,6270,卖盘,2017-07-03,2017-07-03 13:56:36
13:56:42,13:56:42,31.38,0.03,6,18828,买盘,2017-07-03,2017-07-03 13:56:42
13:56:51,13:56:51,31.38,--,4,12552,买盘,2017-07-03,2017-07-03 13:56:51
13:57:00,13:57:00,31.36,-0.02,1,3136,卖盘,2017-07-03,2017-07-03 13:57:00
13:57:06,13:57:06,31.3,-0.06,143,447590,卖盘,2017-07-03,2017-07-03 13:57:06
13:57:12,13:57:12,31.36,0.06,3,9408,买盘,2017-07-03,2017-07-03 13:57:12
13:57:57,13:57:57,31.3,-0.06,3,9390,卖盘,2017-07-03,2017-07-03 13:57:57
13:58:27,13:58:27,31.31,0.01,1,3131,中性盘,2017-07-03,2017-07-03 13:58:27
13:58:54,13:58:54,31.31,--,1,3131,卖盘,2017-07-03,2017-07-03 13:58:54
13:59:18,13:59:18,31.36,0.05,18,56448,买盘,2017-07-03,2017-07-03 13:59:18
14:00:18,14:00:18,31.36,--,1,3136,买盘,2017-07-03,2017-07-03 14:00:18
14:01:12,14:01:12,31.36,--,5,15680,买盘,2017-07-03,2017-07-03 14:01:12
14:01:27,14:01:27,31.38,0.02,27,84726,买盘,2017-07-03,2017-07-03 14:01:27
14:01:42,14:01:42,31.38,--,8,25104,买盘,2017-07-03,2017-07-03 14:01:42
14:01:48,14:01:48,31.43,0.05,1,3143,买盘,2017-07-03,2017-07-03 14:01:48
14:02:09,14:02:09,31.45,0.02,1,3145,买盘,2017-07-03,2017-07-03 14:02:09
14:02:30,14:02:30,31.43,-0.02,3,9429,卖盘,2017-07-03,2017-07-03 14:02:30
14:02:42,14:02:42,31.43,--,6,18858,卖盘,2017-07-03,2017-07-03 14:02:42
14:04:27,14:04:27,31.42,-0.01,6,18852,买盘,2017-07-03,2017-07-03 14:04:27
14:04:36,14:04:36,31.38,-0.04,9,28242,卖盘,2017-07-03,2017-07-03 14:04:36
14:04:54,14:04:54,31.38,--,2,6276,卖盘,2017-07-03,2017-07-03 14:04:54
14:05:39,14:05:39,31.38,--,2,6276,卖盘,2017-07-03,2017-07-03 14:05:39
14:06:06,14:06:06,31.38,--,9,28242,卖盘,2017-07-03,2017-07-03 14:06:06
14:06:18,14:06:18,31.38,--,1,3138,买盘,2017-07-03,2017-07-03 14:06:18
14:07:57,14:07:57,31.37,-0.01,10,31370,卖盘,2017-07-03,2017-07-03 14:07:57
14:09:27,14:09:27,31.37,--,1,3137,卖盘,2017-07-03,2017-07-03 14:09:27
14:09:45,14:09:45,31.39,0.02,1,3139,买盘,2017-07-03,2017-07-03 14:09:45
14:09:51,14:09:51,31.37,-0.02,7,21959,卖盘,2017-07-03,2017-07-03 14:09:51
14:10:39,14:10:39,31.37,--,25,78425,卖盘,2017-07-03,2017-07-03 14:10:39
14:11:24,14:11:24,31.37,--,19,59603,卖盘,2017-07-03,2017-07-03 14:11:24
14:11:30,14:11:30,31.39,0.02,1,3139,买盘,2017-07-03,2017-07-03 14:11:30
14:12:06,14:12:06,31.4,0.01,5,15700,买盘,2017-07-03,2017-07-03 14:12:06
14:12:21,14:12:21,31.4,--,1,3140,卖盘,2017-07-03,2017-07-03 14:12:21
14:12:24,14:12:24,31.4,--,4,12560,卖盘,2017-07-03,2017-07-03 14:12:24
14:12:36,14:12:36,31.42,0.02,2,6284,买盘,2017-07-03,2017-07-03 14:12:36
14:12:45,14:12:45,31.42,--,1,3142,卖盘,2017-07-03,2017-07-03 14:12:45
14:14:33,14:14:33,31.39,-0.03,10,31390,中性盘,2017-07-03,2017-07-03 14:14:33
14:15:09,14:15:09,31.38,-0.01,8,25104,卖盘,2017-07-03,2017-07-03 14:15:09
14:15:48,14:15:48,31.38,--,10,31380,卖盘,2017-07-03,2017-07-03 14:15:48
14:16:18,14:16:18,31.38,--,5,15690,卖盘,2017-07-03,2017-07-03 14:16:18
14:17:39,14:17:39,31.37,-0.01,10,31370,卖盘,2017-07-03,2017-07-03 14:17:39
14:18:12,14:18:12,31.38,0.01,0,3012,买盘,2017-07-03,2017-07-03 14:18:12
14:18:30,14:18:30,31.36,-0.02,40,125440,卖盘,2017-07-03,2017-07-03 14:18:30
14:18:39,14:18:39,31.33,-0.03,4,12532,卖盘,2017-07-03,2017-07-03 14:18:39
14:18:51,14:18:51,31.33,--,4,12532,卖盘,2017-07-03,2017-07-03 14:18:51
14:19:03,14:19:03,31.33,--,2,6266,买盘,2017-07-03,2017-07-03 14:19:03
14:19:21,14:19:21,31.32,-0.01,21,65772,卖盘,2017-07-03,2017-07-03 14:19:21
14:19:39,14:19:39,31.36,0.04,10,31360,买盘,2017-07-03,2017-07-03 14:19:39
14:20:03,14:20:03,31.36,--,2,6272,卖盘,2017-07-03,2017-07-03 14:20:03
14:20:15,14:20:15,31.36,--,3,9408,买盘,2017-07-03,2017-07-03 14:20:15
14:20:30,14:20:30,31.33,-0.03,2,6266,中性盘,2017-07-03,2017-07-03 14:20:30
14:20:48,14:20:48,31.36,0.03,3,9408,买盘,2017-07-03,2017-07-03 14:20:48
14:21:00,14:21:00,31.32,-0.04,20,62640,卖盘,2017-07-03,2017-07-03 14:21:00
14:21:03,14:21:03,31.36,0.04,10,31360,买盘,2017-07-03,2017-07-03 14:21:03
14:21:45,14:21:45,31.36,--,1,3136,买盘,2017-07-03,2017-07-03 14:21:45
14:21:48,14:21:48,31.36,--,19,59584,买盘,2017-07-03,2017-07-03 14:21:48
14:22:18,14:22:18,31.4,0.04,4,12560,买盘,2017-07-03,2017-07-03 14:22:18
14:22:45,14:22:45,31.37,-0.03,1,3137,中性盘,2017-07-03,2017-07-03 14:22:45
14:22:48,14:22:48,31.37,--,5,15685,卖盘,2017-07-03,2017-07-03 14:22:48
14:23:00,14:23:00,31.4,0.03,1,3140,买盘,2017-07-03,2017-07-03 14:23:00
14:23:30,14:23:30,31.4,--,1,3140,买盘,2017-07-03,2017-07-03 14:23:30
14:23:42,14:23:42,31.42,0.02,3,9426,买盘,2017-07-03,2017-07-03 14:23:42
14:24:57,14:24:57,31.42,--,4,12568,卖盘,2017-07-03,2017-07-03 14:24:57
14:25:03,14:25:03,31.42,--,10,31420,卖盘,2017-07-03,2017-07-03 14:25:03
14:25:15,14:25:15,31.42,--,1,3142,卖盘,2017-07-03,2017-07-03 14:25:15
14:25:42,14:25:42,31.42,--,1,3142,卖盘,2017-07-03,2017-07-03 14:25:42
14:26:15,14:26:15,31.42,--,1,3142,卖盘,2017-07-03,2017-07-03 14:26:15
14:26:18,14:26:18,31.42,--,3,9426,卖盘,2017-07-03,2017-07-03 14:26:18
14:26:21,14:26:21,31.42,--,1,3142,卖盘,2017-07-03,2017-07-03 14:26:21
14:26:27,14:26:27,31.42,--,1,3142,卖盘,2017-07-03,2017-07-03 14:26:27
14:27:03,14:27:03,31.43,0.01,4,12572,中性盘,2017-07-03,2017-07-03 14:27:03
14:27:42,14:27:42,31.43,--,1,3143,卖盘,2017-07-03,2017-07-03 14:27:42
14:28:51,14:28:51,31.41,-0.02,1,3141,卖盘,2017-07-03,2017-07-03 14:28:51
14:30:06,14:30:06,31.41,--,1,3141,卖盘,2017-07-03,2017-07-03 14:30:06
14:30:30,14:30:30,31.41,--,1,3141,卖盘,2017-07-03,2017-07-03 14:30:30
14:32:00,14:32:00,31.41,--,1,3141,卖盘,2017-07-03,2017-07-03 14:32:00
14:32:54,14:32:54,31.4,-0.01,8,25120,卖盘,2017-07-03,2017-07-03 14:32:54
14:33:15,14:33:15,31.37,-0.03,7,21959,卖盘,2017-07-03,2017-07-03 14:33:15
14:35:09,14:35:09,31.38,0.01,1,3138,中性盘,2017-07-03,2017-07-03 14:35:09
14:36:06,14:36:06,31.4,0.02,4,12560,买盘,2017-07-03,2017-07-03 14:36:06
14:36:21,14:36:21,31.4,--,3,9420,买盘,2017-07-03,2017-07-03 14:36:21
14:36:27,14:36:27,31.4,--,11,34540,买盘,2017-07-03,2017-07-03 14:36:27
14:37:00,14:37:00,31.4,--,2,6280,卖盘,2017-07-03,2017-07-03 14:37:00
14:37:42,14:37:42,31.41,0.01,4,12564,买盘,2017-07-03,2017-07-03 14:37:42
14:37:51,14:37:51,31.43,0.02,5,15715,买盘,2017-07-03,2017-07-03 14:37:51
14:38:09,14:38:09,31.43,--,8,25144,买盘,2017-07-03,2017-07-03 14:38:09
14:38:12,14:38:12,31.45,0.02,39,122655,买盘,2017-07-03,2017-07-03 14:38:12
14:38:24,14:38:24,31.48,0.03,42,132216,买盘,2017-07-03,2017-07-03 14:38:24
14:38:33,14:38:33,31.49,0.01,5,15745,买盘,2017-07-03,2017-07-03 14:38:33
14:39:06,14:39:06,31.49,--,19,59831,买盘,2017-07-03,2017-07-03 14:39:06
14:39:12,14:39:12,31.5,0.01,82,258300,买盘,2017-07-03,2017-07-03 14:39:12
14:39:15,14:39:15,31.5,--,1,3150,买盘,2017-07-03,2017-07-03 14:39:15
14:39:18,14:39:18,31.46,-0.04,1,3146,卖盘,2017-07-03,2017-07-03 14:39:18
14:39:30,14:39:30,31.5,0.04,6,18900,买盘,2017-07-03,2017-07-03 14:39:30
14:40:03,14:40:03,31.49,-0.01,6,18894,中性盘,2017-07-03,2017-07-03 14:40:03
14:40:06,14:40:06,31.46,-0.03,8,25168,卖盘,2017-07-03,2017-07-03 14:40:06
14:40:21,14:40:21,31.49,0.03,1,3149,买盘,2017-07-03,2017-07-03 14:40:21
14:40:27,14:40:27,31.49,--,1,3149,买盘,2017-07-03,2017-07-03 14:40:27
14:41:30,14:41:30,31.46,-0.03,5,15730,卖盘,2017-07-03,2017-07-03 14:41:30
14:41:48,14:41:48,31.46,--,1,3146,卖盘,2017-07-03,2017-07-03 14:41:48
14:41:54,14:41:54,31.47,0.01,1,3147,中性盘,2017-07-03,2017-07-03 14:41:54
14:41:57,14:41:57,31.46,-0.01,6,18876,卖盘,2017-07-03,2017-07-03 14:41:57
14:42:00,14:42:00,31.46,--,2,6292,卖盘,2017-07-03,2017-07-03 14:42:00
14:42:06,14:42:06,31.46,--,1,3146,卖盘,2017-07-03,2017-07-03 14:42:06
14:42:33,14:42:33,31.47,0.01,1,3147,买盘,2017-07-03,2017-07-03 14:42:33
14:42:39,14:42:39,31.46,-0.01,4,12584,卖盘,2017-07-03,2017-07-03 14:42:39
14:43:03,14:43:03,31.45,-0.01,5,15725,卖盘,2017-07-03,2017-07-03 14:43:03
14:43:15,14:43:15,31.45,--,1,3145,卖盘,2017-07-03,2017-07-03 14:43:15
14:43:18,14:43:18,31.46,0.01,2,6292,买盘,2017-07-03,2017-07-03 14:43:18
14:43:24,14:43:24,31.45,-0.01,55,172975,卖盘,2017-07-03,2017-07-03 14:43:24
14:43:27,14:43:27,31.45,--,6,18870,买盘,2017-07-03,2017-07-03 14:43:27
14:43:36,14:43:36,31.45,--,10,31450,买盘,2017-07-03,2017-07-03 14:43:36
14:44:33,14:44:33,31.44,-0.01,4,12576,中性盘,2017-07-03,2017-07-03 14:44:33
14:44:39,14:44:39,31.45,0.01,6,18870,买盘,2017-07-03,2017-07-03 14:44:39
14:44:42,14:44:42,31.44,-0.01,3,9432,卖盘,2017-07-03,2017-07-03 14:44:42
14:44:54,14:44:54,31.44,--,3,9432,卖盘,2017-07-03,2017-07-03 14:44:54
14:44:57,14:44:57,31.45,0.01,7,22015,买盘,2017-07-03,2017-07-03 14:44:57
14:45:09,14:45:09,31.43,-0.02,5,15715,卖盘,2017-07-03,2017-07-03 14:45:09
14:45:30,14:45:30,31.43,--,2,6286,卖盘,2017-07-03,2017-07-03 14:45:30
14:45:39,14:45:39,31.43,--,1,3143,买盘,2017-07-03,2017-07-03 14:45:39
14:45:57,14:45:57,31.42,-0.01,1,3142,卖盘,2017-07-03,2017-07-03 14:45:57
14:46:24,14:46:24,31.42,--,7,21994,卖盘,2017-07-03,2017-07-03 14:46:24
14:46:39,14:46:39,31.42,--,1,3142,卖盘,2017-07-03,2017-07-03 14:46:39
14:47:03,14:47:03,31.42,--,1,3142,卖盘,2017-07-03,2017-07-03 14:47:03
14:48:12,14:48:12,31.41,-0.01,11,34551,卖盘,2017-07-03,2017-07-03 14:48:12
14:48:18,14:48:18,31.42,0.01,4,12568,买盘,2017-07-03,2017-07-03 14:48:18
14:48:51,14:48:51,31.41,-0.01,8,25128,卖盘,2017-07-03,2017-07-03 14:48:51
14:50:00,14:50:00,31.42,0.01,18,56556,买盘,2017-07-03,2017-07-03 14:50:00
14:50:03,14:50:03,31.42,--,2,6284,卖盘,2017-07-03,2017-07-03 14:50:03
14:50:09,14:50:09,31.41,-0.01,9,28269,卖盘,2017-07-03,2017-07-03 14:50:09
14:50:39,14:50:39,31.42,0.01,3,9426,中性盘,2017-07-03,2017-07-03 14:50:39
14:51:15,14:51:15,31.43,0.01,1,3143,买盘,2017-07-03,2017-07-03 14:51:15
14:51:21,14:51:21,31.43,--,5,15715,买盘,2017-07-03,2017-07-03 14:51:21
14:51:27,14:51:27,31.43,--,1,3143,买盘,2017-07-03,2017-07-03 14:51:27
14:51:45,14:51:45,31.43,--,15,47145,买盘,2017-07-03,2017-07-03 14:51:45
14:52:24,14:52:24,31.45,0.02,6,18870,买盘,2017-07-03,2017-07-03 14:52:24
14:52:42,14:52:42,31.45,--,1,3145,买盘,2017-07-03,2017-07-03 14:52:42
14:52:45,14:52:45,31.43,-0.02,3,9429,卖盘,2017-07-03,2017-07-03 14:52:45
14:52:51,14:52:51,31.45,0.02,9,28305,买盘,2017-07-03,2017-07-03 14:52:51
14:52:54,14:52:54,31.43,-0.02,5,15715,卖盘,2017-07-03,2017-07-03 14:52:54
14:52:57,14:52:57,31.45,0.02,1,3145,买盘,2017-07-03,2017-07-03 14:52:57
14:53:03,14:53:03,31.42,-0.03,14,43988,卖盘,2017-07-03,2017-07-03 14:53:03
14:53:33,14:53:33,31.43,0.01,2,6286,中性盘,2017-07-03,2017-07-03 14:53:33
14:53:42,14:53:42,31.45,0.02,1,3145,买盘,2017-07-03,2017-07-03 14:53:42
14:53:48,14:53:48,31.45,--,17,53465,买盘,2017-07-03,2017-07-03 14:53:48
14:53:54,14:53:54,31.44,-0.01,3,9432,中性盘,2017-07-03,2017-07-03 14:53:54
14:54:18,14:54:18,31.45,0.01,17,53465,买盘,2017-07-03,2017-07-03 14:54:18
14:54:27,14:54:27,31.44,-0.01,7,22008,卖盘,2017-07-03,2017-07-03 14:54:27
14:54:30,14:54:30,31.44,--,2,6288,买盘,2017-07-03,2017-07-03 14:54:30
14:54:36,14:54:36,31.44,--,1,3144,买盘,2017-07-03,2017-07-03 14:54:36
14:54:39,14:54:39,31.48,0.04,187,588676,买盘,2017-07-03,2017-07-03 14:54:39
14:54:42,14:54:42,31.48,--,1,3148,卖盘,2017-07-03,2017-07-03 14:54:42
14:54:45,14:54:45,31.49,0.01,3,9447,买盘,2017-07-03,2017-07-03 14:54:45
14:54:51,14:54:51,31.48,-0.01,1,3148,卖盘,2017-07-03,2017-07-03 14:54:51
14:54:57,14:54:57,31.48,--,14,44072,卖盘,2017-07-03,2017-07-03 14:54:57
14:55:06,14:55:06,31.48,--,3,9444,卖盘,2017-07-03,2017-07-03 14:55:06
14:55:09,14:55:09,31.48,--,4,12592,卖盘,2017-07-03,2017-07-03 14:55:09
14:55:24,14:55:24,31.48,--,5,15740,买盘,2017-07-03,2017-07-03 14:55:24
14:55:30,14:55:30,31.48,--,2,6296,卖盘,2017-07-03,2017-07-03 14:55:30
14:55:33,14:55:33,31.49,0.01,3,9447,买盘,2017-07-03,2017-07-03 14:55:33
14:55:36,14:55:36,31.48,-0.01,3,9444,卖盘,2017-07-03,2017-07-03 14:55:36
14:55:39,14:55:39,31.48,--,77,242396,卖盘,2017-07-03,2017-07-03 14:55:39
14:55:42,14:55:42,31.48,--,1,3148,卖盘,2017-07-03,2017-07-03 14:55:42
14:55:54,14:55:54,31.48,--,5,15740,卖盘,2017-07-03,2017-07-03 14:55:54
14:55:57,14:55:57,31.5,0.02,2,6300,买盘,2017-07-03,2017-07-03 14:55:57
14:56:06,14:56:06,31.48,-0.02,8,25184,卖盘,2017-07-03,2017-07-03 14:56:06
14:56:12,14:56:12,31.5,0.02,1,3150,买盘,2017-07-03,2017-07-03 14:56:12
14:56:21,14:56:21,31.48,-0.02,12,37776,卖盘,2017-07-03,2017-07-03 14:56:21
14:56:24,14:56:24,31.5,0.02,12,37800,买盘,2017-07-03,2017-07-03 14:56:24
14:56:27,14:56:27,31.48,-0.02,11,34628,卖盘,2017-07-03,2017-07-03 14:56:27
14:56:33,14:56:33,31.5,0.02,10,31500,买盘,2017-07-03,2017-07-03 14:56:33
14:56:45,14:56:45,31.5,--,5,15750,买盘,2017-07-03,2017-07-03 14:56:45
14:56:54,14:56:54,31.54,0.04,40,126160,买盘,2017-07-03,2017-07-03 14:56:54
14:57:00,14:57:00,31.54,--,0,0,买盘,2017-07-03,2017-07-03 14:57:00
15:00:03,15:00:03,31.57,0.03,242,763994,买盘,2017-07-03,2017-07-03 15:00:03
