idx_time,time,price,change,volume,amount,type,date,date_time
09:25:03,09:25:03,65.19,65.19,27040,176273760,买盘,2017-11-16,2017-11-16 09:25:03
09:30:00,09:30:00,65.22,0.03,4842,31581741,买盘,2017-11-16,2017-11-16 09:30:00
09:30:03,09:30:03,65.21,-0.01,20910,136355805,卖盘,2017-11-16,2017-11-16 09:30:03
09:30:06,09:30:06,65.2,-0.01,2227,14520040,卖盘,2017-11-16,2017-11-16 09:30:06
09:30:09,09:30:09,65.3,0.1,1584,10343520,买盘,2017-11-16,2017-11-16 09:30:09
09:30:12,09:30:12,65.28,-0.02,1597,10425216,中性盘,2017-11-16,2017-11-16 09:30:12
09:30:15,09:30:15,65.22,-0.06,1377,8980794,中性盘,2017-11-16,2017-11-16 09:30:15
09:30:18,09:30:18,65.2,-0.02,4468,29136184,卖盘,2017-11-16,2017-11-16 09:30:18
09:30:21,09:30:21,65.2,--,3634,23693940,买盘,2017-11-16,2017-11-16 09:30:21
09:30:24,09:30:24,65.18,-0.02,4594,29949949,卖盘,2017-11-16,2017-11-16 09:30:24
09:30:27,09:30:27,65.18,--,3576,23308368,买盘,2017-11-16,2017-11-16 09:30:27
09:30:30,09:30:30,65.15,-0.03,1477,9622655,卖盘,2017-11-16,2017-11-16 09:30:30
09:30:33,09:30:33,65.0,-0.15,1231,8001500,卖盘,2017-11-16,2017-11-16 09:30:33
09:30:36,09:30:36,65.0,--,2367,15385500,卖盘,2017-11-16,2017-11-16 09:30:36
09:30:39,09:30:39,64.99,-0.01,627,4074872,卖盘,2017-11-16,2017-11-16 09:30:39
09:30:42,09:30:42,64.92,-0.07,1490,9673080,卖盘,2017-11-16,2017-11-16 09:30:42
09:30:45,09:30:45,64.92,--,555,3604747,买盘,2017-11-16,2017-11-16 09:30:45
09:30:48,09:30:48,64.88,-0.04,990,6423120,卖盘,2017-11-16,2017-11-16 09:30:48
09:30:51,09:30:51,64.87,-0.01,1014,6582618,卖盘,2017-11-16,2017-11-16 09:30:51
09:30:54,09:30:54,64.85,-0.02,1008,6536879,卖盘,2017-11-16,2017-11-16 09:30:54
09:30:57,09:30:57,64.66,-0.19,669,4325754,卖盘,2017-11-16,2017-11-16 09:30:57
09:31:00,09:31:00,64.8,0.14,552,3576960,买盘,2017-11-16,2017-11-16 09:31:00
09:31:03,09:31:03,64.62,-0.18,423,2733426,卖盘,2017-11-16,2017-11-16 09:31:03
09:31:06,09:31:06,64.63,0.01,979,6327277,买盘,2017-11-16,2017-11-16 09:31:06
09:31:09,09:31:09,64.73,0.1,652,4220396,买盘,2017-11-16,2017-11-16 09:31:09
09:31:12,09:31:12,64.87,0.14,2081,13500160,买盘,2017-11-16,2017-11-16 09:31:12
09:31:15,09:31:15,64.75,-0.12,985,6382472,中性盘,2017-11-16,2017-11-16 09:31:15
09:31:18,09:31:18,64.83,0.08,782,5069770,中性盘,2017-11-16,2017-11-16 09:31:18
09:31:21,09:31:21,64.87,0.04,701,4547387,买盘,2017-11-16,2017-11-16 09:31:21
09:31:24,09:31:24,65.0,0.13,1779,11568310,买盘,2017-11-16,2017-11-16 09:31:24
09:31:27,09:31:27,65.0,--,688,4472130,卖盘,2017-11-16,2017-11-16 09:31:27
09:31:30,09:31:30,65.1,0.1,673,4381230,买盘,2017-11-16,2017-11-16 09:31:30
09:31:33,09:31:33,65.1,--,549,3573989,买盘,2017-11-16,2017-11-16 09:31:33
09:31:36,09:31:36,65.17,0.07,1331,8679666,买盘,2017-11-16,2017-11-16 09:31:36
09:31:39,09:31:39,65.17,--,1667,10864230,买盘,2017-11-16,2017-11-16 09:31:39
09:31:42,09:31:42,65.26,0.09,728,4752494,买盘,2017-11-16,2017-11-16 09:31:42
09:31:45,09:31:45,65.26,--,1019,6649994,卖盘,2017-11-16,2017-11-16 09:31:45
09:31:48,09:31:48,65.36,0.1,1146,7490256,中性盘,2017-11-16,2017-11-16 09:31:48
09:31:51,09:31:51,65.43,0.07,1206,7891185,买盘,2017-11-16,2017-11-16 09:31:51
09:31:54,09:31:54,65.54,0.11,887,5813725,买盘,2017-11-16,2017-11-16 09:31:54
09:31:57,09:31:57,65.48,-0.06,1153,7549844,中性盘,2017-11-16,2017-11-16 09:31:57
09:32:00,09:32:00,65.55,0.07,1953,12801915,中性盘,2017-11-16,2017-11-16 09:32:00
09:32:03,09:32:03,65.59,0.04,1347,8835235,买盘,2017-11-16,2017-11-16 09:32:03
09:32:06,09:32:06,65.63,0.04,725,4762900,买盘,2017-11-16,2017-11-16 09:32:06
09:32:09,09:32:09,65.65,0.02,910,5974150,买盘,2017-11-16,2017-11-16 09:32:09
09:32:12,09:32:12,65.8,0.15,2143,14100940,买盘,2017-11-16,2017-11-16 09:32:12
09:32:15,09:32:15,65.69,-0.11,779,5117251,卖盘,2017-11-16,2017-11-16 09:32:15
09:32:18,09:32:18,65.65,-0.04,1216,7984549,卖盘,2017-11-16,2017-11-16 09:32:18
09:32:21,09:32:21,65.65,--,3885,25505025,卖盘,2017-11-16,2017-11-16 09:32:21
09:32:24,09:32:24,65.63,-0.02,2559,16799770,买盘,2017-11-16,2017-11-16 09:32:24
09:32:27,09:32:27,65.57,-0.06,2088,13692589,卖盘,2017-11-16,2017-11-16 09:32:27
09:32:30,09:32:30,65.55,-0.02,5510,36118050,卖盘,2017-11-16,2017-11-16 09:32:30
09:32:33,09:32:33,65.5,-0.05,1207,7905850,中性盘,2017-11-16,2017-11-16 09:32:33
09:32:36,09:32:36,65.4,-0.1,919,6016473,中性盘,2017-11-16,2017-11-16 09:32:36
09:32:39,09:32:39,65.28,-0.12,1631,10647168,卖盘,2017-11-16,2017-11-16 09:32:39
09:32:42,09:32:42,65.3,0.02,508,3317240,买盘,2017-11-16,2017-11-16 09:32:42
09:32:45,09:32:45,65.4,0.1,522,3413880,买盘,2017-11-16,2017-11-16 09:32:45
09:32:48,09:32:48,65.3,-0.1,564,3682920,卖盘,2017-11-16,2017-11-16 09:32:48
09:32:51,09:32:51,65.35,0.05,859,5613695,买盘,2017-11-16,2017-11-16 09:32:51
09:32:54,09:32:54,65.31,-0.04,944,6165264,中性盘,2017-11-16,2017-11-16 09:32:54
09:32:57,09:32:57,65.3,-0.01,1508,9847827,卖盘,2017-11-16,2017-11-16 09:32:57
09:33:00,09:33:00,65.3,--,623,4068190,卖盘,2017-11-16,2017-11-16 09:33:00
09:33:03,09:33:03,65.43,0.13,496,3246963,买盘,2017-11-16,2017-11-16 09:33:03
09:33:06,09:33:06,65.4,-0.03,701,4584540,中性盘,2017-11-16,2017-11-16 09:33:06
09:33:09,09:33:09,65.45,0.05,970,6349108,买盘,2017-11-16,2017-11-16 09:33:09
09:33:12,09:33:12,65.5,0.05,1720,11266327,买盘,2017-11-16,2017-11-16 09:33:12
09:33:15,09:33:15,65.55,0.05,872,5716353,买盘,2017-11-16,2017-11-16 09:33:15
09:33:18,09:33:18,65.5,-0.05,1291,8461879,卖盘,2017-11-16,2017-11-16 09:33:18
09:33:21,09:33:21,65.5,--,993,6504150,买盘,2017-11-16,2017-11-16 09:33:21
09:33:24,09:33:24,65.58,0.08,673,4413861,买盘,2017-11-16,2017-11-16 09:33:24
09:33:27,09:33:27,65.55,-0.03,675,4425673,卖盘,2017-11-16,2017-11-16 09:33:27
09:33:30,09:33:30,65.68,0.13,557,3658376,买盘,2017-11-16,2017-11-16 09:33:30
09:33:33,09:33:33,65.74,0.06,781,5134688,中性盘,2017-11-16,2017-11-16 09:33:33
09:33:36,09:33:36,65.75,0.01,966,6351450,买盘,2017-11-16,2017-11-16 09:33:36
09:33:39,09:33:39,65.68,-0.07,1040,6830720,卖盘,2017-11-16,2017-11-16 09:33:39
09:33:42,09:33:42,65.7,0.02,1382,9080068,买盘,2017-11-16,2017-11-16 09:33:42
09:33:45,09:33:45,65.6,-0.1,1335,8757600,卖盘,2017-11-16,2017-11-16 09:33:45
09:33:48,09:33:48,65.6,--,1221,8015598,买盘,2017-11-16,2017-11-16 09:33:48
09:33:51,09:33:51,65.58,-0.02,1425,9346133,中性盘,2017-11-16,2017-11-16 09:33:51
09:33:54,09:33:54,65.55,-0.03,2089,13698966,卖盘,2017-11-16,2017-11-16 09:33:54
09:33:57,09:33:57,65.47,-0.08,1544,10108568,卖盘,2017-11-16,2017-11-16 09:33:57
09:34:00,09:34:00,65.5,0.03,1487,9739850,买盘,2017-11-16,2017-11-16 09:34:00
09:34:03,09:34:03,65.45,-0.05,1210,7919450,卖盘,2017-11-16,2017-11-16 09:34:03
09:34:06,09:34:06,65.31,-0.14,660,4310460,卖盘,2017-11-16,2017-11-16 09:34:06
09:34:09,09:34:09,65.33,0.02,519,3390627,中性盘,2017-11-16,2017-11-16 09:34:09
09:34:12,09:34:12,65.42,0.09,1648,10781216,买盘,2017-11-16,2017-11-16 09:34:12
09:34:15,09:34:15,65.31,-0.11,618,4036158,卖盘,2017-11-16,2017-11-16 09:34:15
09:34:18,09:34:18,65.3,-0.01,467,3053754,卖盘,2017-11-16,2017-11-16 09:34:18
09:34:21,09:34:21,65.29,-0.01,554,3617066,买盘,2017-11-16,2017-11-16 09:34:21
09:34:24,09:34:24,65.29,--,738,4818402,买盘,2017-11-16,2017-11-16 09:34:24
09:34:27,09:34:27,65.1,-0.19,751,4889010,卖盘,2017-11-16,2017-11-16 09:34:27
09:34:30,09:34:30,65.13,0.03,1525,9932325,买盘,2017-11-16,2017-11-16 09:34:30
09:34:33,09:34:33,65.1,-0.03,475,3092249,卖盘,2017-11-16,2017-11-16 09:34:33
09:34:36,09:34:36,65.1,--,584,3804639,卖盘,2017-11-16,2017-11-16 09:34:36
09:34:39,09:34:39,65.08,-0.02,535,3481780,中性盘,2017-11-16,2017-11-16 09:34:39
09:34:42,09:34:42,65.1,0.02,838,5455379,买盘,2017-11-16,2017-11-16 09:34:42
09:34:45,09:34:45,65.08,-0.02,543,3534559,卖盘,2017-11-16,2017-11-16 09:34:45
09:34:48,09:34:48,65.0,-0.08,498,3239990,卖盘,2017-11-16,2017-11-16 09:34:48
09:34:51,09:34:51,65.0,--,1417,9210500,买盘,2017-11-16,2017-11-16 09:34:51
09:34:54,09:34:54,65.0,--,825,5362500,买盘,2017-11-16,2017-11-16 09:34:54
09:34:57,09:34:57,65.0,--,348,2262000,卖盘,2017-11-16,2017-11-16 09:34:57
09:35:00,09:35:00,65.0,--,245,1592500,中性盘,2017-11-16,2017-11-16 09:35:00
09:35:03,09:35:03,65.02,0.02,323,2100991,买盘,2017-11-16,2017-11-16 09:35:03
09:35:06,09:35:06,65.0,-0.02,423,2749565,卖盘,2017-11-16,2017-11-16 09:35:06
09:35:09,09:35:09,65.0,--,507,3295500,卖盘,2017-11-16,2017-11-16 09:35:09
09:35:12,09:35:12,65.02,0.02,730,4746460,卖盘,2017-11-16,2017-11-16 09:35:12
09:35:15,09:35:15,65.08,0.06,377,2453841,买盘,2017-11-16,2017-11-16 09:35:15
09:35:18,09:35:18,65.08,--,305,1984940,卖盘,2017-11-16,2017-11-16 09:35:18
09:35:21,09:35:21,65.08,--,332,2160656,卖盘,2017-11-16,2017-11-16 09:35:21
09:35:24,09:35:24,65.1,0.02,318,2073760,卖盘,2017-11-16,2017-11-16 09:35:24
09:35:27,09:35:27,65.01,-0.09,902,5863902,卖盘,2017-11-16,2017-11-16 09:35:27
09:35:30,09:35:30,65.2,0.19,247,1610831,买盘,2017-11-16,2017-11-16 09:35:30
09:35:33,09:35:33,65.17,-0.03,280,1824760,卖盘,2017-11-16,2017-11-16 09:35:33
09:35:36,09:35:36,65.18,0.01,182,1186276,买盘,2017-11-16,2017-11-16 09:35:36
09:35:39,09:35:39,65.2,0.02,257,1676878,买盘,2017-11-16,2017-11-16 09:35:39
09:35:42,09:35:42,65.2,--,296,1929920,卖盘,2017-11-16,2017-11-16 09:35:42
09:35:45,09:35:45,65.24,0.04,668,4358032,买盘,2017-11-16,2017-11-16 09:35:45
09:35:48,09:35:48,65.2,-0.04,590,3846800,卖盘,2017-11-16,2017-11-16 09:35:48
09:35:51,09:35:51,65.28,0.08,357,2331083,买盘,2017-11-16,2017-11-16 09:35:51
09:35:54,09:35:54,65.27,-0.01,188,1227076,中性盘,2017-11-16,2017-11-16 09:35:54
09:35:57,09:35:57,65.25,-0.02,454,2962350,中性盘,2017-11-16,2017-11-16 09:35:57
09:36:00,09:36:00,65.24,-0.01,476,3105423,卖盘,2017-11-16,2017-11-16 09:36:00
09:36:03,09:36:03,65.2,-0.04,1104,7198080,卖盘,2017-11-16,2017-11-16 09:36:03
09:36:06,09:36:06,65.18,-0.02,597,3895938,卖盘,2017-11-16,2017-11-16 09:36:06
09:36:09,09:36:09,65.1,-0.08,658,4289699,卖盘,2017-11-16,2017-11-16 09:36:09
09:36:12,09:36:12,65.12,0.02,212,1380544,买盘,2017-11-16,2017-11-16 09:36:12
09:36:15,09:36:15,65.02,-0.1,995,6469490,卖盘,2017-11-16,2017-11-16 09:36:15
09:36:18,09:36:18,65.08,0.06,472,3071776,买盘,2017-11-16,2017-11-16 09:36:18
09:36:21,09:36:21,65.0,-0.08,614,3991000,卖盘,2017-11-16,2017-11-16 09:36:21
09:36:24,09:36:24,65.0,--,991,6441695,买盘,2017-11-16,2017-11-16 09:36:24
09:36:27,09:36:27,64.95,-0.05,378,2461410,卖盘,2017-11-16,2017-11-16 09:36:27
09:36:30,09:36:30,64.9,-0.05,506,3283940,卖盘,2017-11-16,2017-11-16 09:36:30
09:36:33,09:36:33,64.87,-0.03,361,2341807,卖盘,2017-11-16,2017-11-16 09:36:33
09:36:36,09:36:36,64.82,-0.05,314,2039561,卖盘,2017-11-16,2017-11-16 09:36:36
09:36:39,09:36:39,64.8,-0.02,485,3145392,卖盘,2017-11-16,2017-11-16 09:36:39
09:36:42,09:36:42,64.63,-0.17,650,4207089,卖盘,2017-11-16,2017-11-16 09:36:42
09:36:45,09:36:45,64.63,--,70,452409,卖盘,2017-11-16,2017-11-16 09:36:45
09:36:48,09:36:48,64.6,-0.03,360,2326439,卖盘,2017-11-16,2017-11-16 09:36:48
09:36:51,09:36:51,64.61,0.01,747,4826431,中性盘,2017-11-16,2017-11-16 09:36:51
09:36:54,09:36:54,64.53,-0.08,663,4283888,卖盘,2017-11-16,2017-11-16 09:36:54
09:36:57,09:36:57,64.6,0.07,919,5937708,买盘,2017-11-16,2017-11-16 09:36:57
09:37:00,09:37:00,64.56,-0.04,694,4485951,中性盘,2017-11-16,2017-11-16 09:37:00
09:37:03,09:37:03,64.56,--,348,2246688,卖盘,2017-11-16,2017-11-16 09:37:03
09:37:06,09:37:06,64.53,-0.03,809,5220477,卖盘,2017-11-16,2017-11-16 09:37:06
09:37:09,09:37:09,64.53,--,664,4284792,买盘,2017-11-16,2017-11-16 09:37:09
09:37:12,09:37:12,64.45,-0.08,317,2043387,卖盘,2017-11-16,2017-11-16 09:37:12
09:37:15,09:37:15,64.47,0.02,184,1186248,买盘,2017-11-16,2017-11-16 09:37:15
09:37:18,09:37:18,64.41,-0.06,300,1932300,中性盘,2017-11-16,2017-11-16 09:37:18
09:37:21,09:37:21,64.41,--,398,2563518,买盘,2017-11-16,2017-11-16 09:37:21
09:37:24,09:37:24,64.4,-0.01,800,5158375,卖盘,2017-11-16,2017-11-16 09:37:24
09:37:27,09:37:27,64.37,-0.03,486,3129025,卖盘,2017-11-16,2017-11-16 09:37:27
09:37:30,09:37:30,64.4,0.03,699,4501560,买盘,2017-11-16,2017-11-16 09:37:30
09:37:33,09:37:33,64.4,--,551,3554300,买盘,2017-11-16,2017-11-16 09:37:33
09:37:36,09:37:36,64.33,-0.07,677,4355462,卖盘,2017-11-16,2017-11-16 09:37:36
09:37:39,09:37:39,64.37,0.04,376,2420312,买盘,2017-11-16,2017-11-16 09:37:39
09:37:42,09:37:42,64.38,0.01,250,1610594,买盘,2017-11-16,2017-11-16 09:37:42
09:37:45,09:37:45,64.4,0.02,389,2508573,买盘,2017-11-16,2017-11-16 09:37:45
09:37:48,09:37:48,64.47,0.07,262,1689114,买盘,2017-11-16,2017-11-16 09:37:48
09:37:51,09:37:51,64.4,-0.07,240,1545600,卖盘,2017-11-16,2017-11-16 09:37:51
09:37:54,09:37:54,64.48,0.08,538,3469604,买盘,2017-11-16,2017-11-16 09:37:54
09:37:57,09:37:57,64.49,0.01,458,2953641,买盘,2017-11-16,2017-11-16 09:37:57
09:38:00,09:38:00,64.5,0.01,197,1270650,买盘,2017-11-16,2017-11-16 09:38:00
09:38:03,09:38:03,64.5,--,498,3212100,买盘,2017-11-16,2017-11-16 09:38:03
09:38:06,09:38:06,64.51,0.01,261,1684291,买盘,2017-11-16,2017-11-16 09:38:06
09:38:09,09:38:09,64.53,0.02,300,1935900,买盘,2017-11-16,2017-11-16 09:38:09
09:38:12,09:38:12,64.56,0.03,156,1007200,买盘,2017-11-16,2017-11-16 09:38:12
09:38:15,09:38:15,64.56,--,423,2731404,买盘,2017-11-16,2017-11-16 09:38:15
09:38:18,09:38:18,64.6,0.04,135,875071,买盘,2017-11-16,2017-11-16 09:38:18
09:38:21,09:38:21,64.61,0.01,121,783654,买盘,2017-11-16,2017-11-16 09:38:21
09:38:24,09:38:24,64.58,-0.03,364,2351293,卖盘,2017-11-16,2017-11-16 09:38:24
09:38:27,09:38:27,64.64,0.06,217,1402688,买盘,2017-11-16,2017-11-16 09:38:27
09:38:30,09:38:30,64.62,-0.02,186,1201932,卖盘,2017-11-16,2017-11-16 09:38:30
09:38:33,09:38:33,64.78,0.16,60,388680,中性盘,2017-11-16,2017-11-16 09:38:33
09:38:36,09:38:36,64.79,0.01,118,764522,买盘,2017-11-16,2017-11-16 09:38:36
09:38:39,09:38:39,64.8,0.01,211,1367280,买盘,2017-11-16,2017-11-16 09:38:39
09:38:42,09:38:42,64.81,0.01,126,816670,买盘,2017-11-16,2017-11-16 09:38:42
09:38:45,09:38:45,64.82,0.01,1483,9612805,买盘,2017-11-16,2017-11-16 09:38:45
09:38:48,09:38:48,64.84,0.02,246,1595064,中性盘,2017-11-16,2017-11-16 09:38:48
09:38:51,09:38:51,64.98,0.14,108,707047,买盘,2017-11-16,2017-11-16 09:38:51
09:38:54,09:38:54,64.89,-0.09,498,3232106,卖盘,2017-11-16,2017-11-16 09:38:54
09:38:57,09:38:57,64.99,0.1,462,3002537,买盘,2017-11-16,2017-11-16 09:38:57
09:39:00,09:39:00,64.95,-0.04,417,2708415,卖盘,2017-11-16,2017-11-16 09:39:00
09:39:03,09:39:03,64.91,-0.04,770,4998070,卖盘,2017-11-16,2017-11-16 09:39:03
09:39:06,09:39:06,64.88,-0.03,490,3179120,卖盘,2017-11-16,2017-11-16 09:39:06
09:39:09,09:39:09,64.84,-0.04,429,2781636,卖盘,2017-11-16,2017-11-16 09:39:09
09:39:12,09:39:12,64.85,0.01,258,1673129,买盘,2017-11-16,2017-11-16 09:39:12
09:39:15,09:39:15,64.8,-0.05,865,5605200,卖盘,2017-11-16,2017-11-16 09:39:15
09:39:18,09:39:18,64.76,-0.04,645,4183431,卖盘,2017-11-16,2017-11-16 09:39:18
09:39:21,09:39:21,64.7,-0.06,366,2368020,卖盘,2017-11-16,2017-11-16 09:39:21
09:39:24,09:39:24,64.64,-0.06,188,1215232,卖盘,2017-11-16,2017-11-16 09:39:24
09:39:27,09:39:27,64.7,0.06,175,1132314,买盘,2017-11-16,2017-11-16 09:39:27
09:39:30,09:39:30,64.6,-0.1,1020,6593140,卖盘,2017-11-16,2017-11-16 09:39:30
09:39:33,09:39:33,64.6,--,310,2002599,买盘,2017-11-16,2017-11-16 09:39:33
09:39:36,09:39:36,64.61,0.01,396,2561075,买盘,2017-11-16,2017-11-16 09:39:36
09:39:39,09:39:39,64.6,-0.01,331,2142200,卖盘,2017-11-16,2017-11-16 09:39:39
09:39:42,09:39:42,64.6,--,338,2183544,卖盘,2017-11-16,2017-11-16 09:39:42
09:39:45,09:39:45,64.62,0.02,259,1673658,买盘,2017-11-16,2017-11-16 09:39:45
09:39:48,09:39:48,64.64,0.02,850,5494400,中性盘,2017-11-16,2017-11-16 09:39:48
09:39:51,09:39:51,64.64,--,478,3089792,卖盘,2017-11-16,2017-11-16 09:39:51
09:39:54,09:39:54,64.6,-0.04,512,3307519,卖盘,2017-11-16,2017-11-16 09:39:54
09:39:57,09:39:57,64.54,-0.06,220,1419880,卖盘,2017-11-16,2017-11-16 09:39:57
09:40:00,09:40:00,64.64,0.1,409,2643776,买盘,2017-11-16,2017-11-16 09:40:00
09:40:03,09:40:03,64.62,-0.02,190,1227780,中性盘,2017-11-16,2017-11-16 09:40:03
09:40:06,09:40:06,64.64,0.02,240,1551360,买盘,2017-11-16,2017-11-16 09:40:06
09:40:09,09:40:09,64.66,0.02,279,1804078,中性盘,2017-11-16,2017-11-16 09:40:09
09:40:12,09:40:12,64.65,-0.01,135,872775,卖盘,2017-11-16,2017-11-16 09:40:12
09:40:15,09:40:15,64.72,0.07,196,1272006,买盘,2017-11-16,2017-11-16 09:40:15
09:40:18,09:40:18,64.65,-0.07,352,2275680,卖盘,2017-11-16,2017-11-16 09:40:18
09:40:21,09:40:21,64.72,0.07,218,1410896,买盘,2017-11-16,2017-11-16 09:40:21
09:40:24,09:40:24,64.68,-0.04,192,1241856,卖盘,2017-11-16,2017-11-16 09:40:24
09:40:27,09:40:27,64.66,-0.02,92,594872,卖盘,2017-11-16,2017-11-16 09:40:27
09:40:30,09:40:30,64.72,0.06,304,1967488,买盘,2017-11-16,2017-11-16 09:40:30
09:40:33,09:40:33,64.75,0.03,121,783475,买盘,2017-11-16,2017-11-16 09:40:33
09:40:36,09:40:36,64.73,-0.02,711,4602303,买盘,2017-11-16,2017-11-16 09:40:36
09:40:39,09:40:39,64.73,--,390,2524470,卖盘,2017-11-16,2017-11-16 09:40:39
09:40:42,09:40:42,64.81,0.08,470,3046070,中性盘,2017-11-16,2017-11-16 09:40:42
09:40:45,09:40:45,64.85,0.04,162,1050570,买盘,2017-11-16,2017-11-16 09:40:45
09:40:48,09:40:48,64.9,0.05,101,659448,买盘,2017-11-16,2017-11-16 09:40:48
09:40:51,09:40:51,64.92,0.02,66,428472,买盘,2017-11-16,2017-11-16 09:40:51
09:40:54,09:40:54,64.9,-0.02,131,850190,卖盘,2017-11-16,2017-11-16 09:40:54
09:40:57,09:40:57,64.95,0.05,221,1435914,买盘,2017-11-16,2017-11-16 09:40:57
09:41:00,09:41:00,64.91,-0.04,347,2252377,卖盘,2017-11-16,2017-11-16 09:41:00
09:41:03,09:41:03,64.95,0.04,312,2026440,买盘,2017-11-16,2017-11-16 09:41:03
09:41:06,09:41:06,64.91,-0.04,346,2251857,卖盘,2017-11-16,2017-11-16 09:41:06
09:41:09,09:41:09,64.88,-0.03,661,4288568,卖盘,2017-11-16,2017-11-16 09:41:09
09:41:12,09:41:12,64.88,--,215,1394920,买盘,2017-11-16,2017-11-16 09:41:12
09:41:15,09:41:15,64.81,-0.07,539,3495786,卖盘,2017-11-16,2017-11-16 09:41:15
09:41:18,09:41:18,64.89,0.08,156,1012284,买盘,2017-11-16,2017-11-16 09:41:18
09:41:21,09:41:21,64.81,-0.08,288,1866528,卖盘,2017-11-16,2017-11-16 09:41:21
09:41:24,09:41:24,64.81,--,118,764952,买盘,2017-11-16,2017-11-16 09:41:24
09:41:27,09:41:27,64.77,-0.04,165,1074987,卖盘,2017-11-16,2017-11-16 09:41:27
09:41:30,09:41:30,64.82,0.05,185,1199364,买盘,2017-11-16,2017-11-16 09:41:30
09:41:33,09:41:33,64.77,-0.05,192,1249866,卖盘,2017-11-16,2017-11-16 09:41:33
09:41:36,09:41:36,64.74,-0.03,177,1145898,中性盘,2017-11-16,2017-11-16 09:41:36
09:41:39,09:41:39,64.77,0.03,180,1165860,买盘,2017-11-16,2017-11-16 09:41:39
09:41:42,09:41:42,64.73,-0.04,368,2382064,卖盘,2017-11-16,2017-11-16 09:41:42
09:41:45,09:41:45,64.7,-0.03,269,1740753,卖盘,2017-11-16,2017-11-16 09:41:45
09:41:48,09:41:48,64.7,--,331,2147716,卖盘,2017-11-16,2017-11-16 09:41:48
09:41:51,09:41:51,64.7,--,161,1041670,买盘,2017-11-16,2017-11-16 09:41:51
09:41:54,09:41:54,64.7,--,186,1203678,买盘,2017-11-16,2017-11-16 09:41:54
09:41:57,09:41:57,64.69,-0.01,352,2283298,中性盘,2017-11-16,2017-11-16 09:41:57
09:42:00,09:42:00,64.66,-0.03,258,1668228,卖盘,2017-11-16,2017-11-16 09:42:00
09:42:03,09:42:03,64.7,0.04,463,2996192,买盘,2017-11-16,2017-11-16 09:42:03
09:42:06,09:42:06,64.71,0.01,574,3714612,中性盘,2017-11-16,2017-11-16 09:42:06
09:42:09,09:42:09,64.88,0.17,125,811000,买盘,2017-11-16,2017-11-16 09:42:09
09:42:12,09:42:12,64.88,--,665,4314520,买盘,2017-11-16,2017-11-16 09:42:12
09:42:15,09:42:15,64.71,-0.17,424,2746421,中性盘,2017-11-16,2017-11-16 09:42:15
09:42:18,09:42:18,64.88,0.17,217,1407896,中性盘,2017-11-16,2017-11-16 09:42:18
09:42:21,09:42:21,64.9,0.02,201,1305917,买盘,2017-11-16,2017-11-16 09:42:21
09:42:24,09:42:24,64.9,--,169,1101872,卖盘,2017-11-16,2017-11-16 09:42:24
09:42:27,09:42:27,64.91,0.01,212,1376092,买盘,2017-11-16,2017-11-16 09:42:27
09:42:30,09:42:30,64.84,-0.07,288,1867392,卖盘,2017-11-16,2017-11-16 09:42:30
09:42:33,09:42:33,64.96,0.12,1302,8457792,买盘,2017-11-16,2017-11-16 09:42:33
09:42:36,09:42:36,64.89,-0.07,356,2310148,卖盘,2017-11-16,2017-11-16 09:42:36
09:42:39,09:42:39,64.91,0.02,219,1421529,买盘,2017-11-16,2017-11-16 09:42:39
09:42:42,09:42:42,65.0,0.09,801,5206500,买盘,2017-11-16,2017-11-16 09:42:42
09:42:45,09:42:45,65.03,0.03,1020,6636246,买盘,2017-11-16,2017-11-16 09:42:45
09:42:48,09:42:48,65.07,0.04,253,1646270,买盘,2017-11-16,2017-11-16 09:42:48
09:42:51,09:42:51,65.08,0.01,248,1613984,中性盘,2017-11-16,2017-11-16 09:42:51
09:42:54,09:42:54,65.18,0.1,122,795391,买盘,2017-11-16,2017-11-16 09:42:54
09:42:57,09:42:57,65.19,0.01,328,2138232,买盘,2017-11-16,2017-11-16 09:42:57
09:43:00,09:43:00,65.2,0.01,301,1962520,买盘,2017-11-16,2017-11-16 09:43:00
09:43:03,09:43:03,65.2,--,748,4876960,买盘,2017-11-16,2017-11-16 09:43:03
09:43:06,09:43:06,65.26,0.06,522,3407094,买盘,2017-11-16,2017-11-16 09:43:06
09:43:09,09:43:09,65.28,0.02,728,4752384,买盘,2017-11-16,2017-11-16 09:43:09
09:43:12,09:43:12,65.4,0.12,386,2524440,买盘,2017-11-16,2017-11-16 09:43:12
09:43:15,09:43:15,65.44,0.04,194,1269601,买盘,2017-11-16,2017-11-16 09:43:15
09:43:18,09:43:18,65.48,0.04,172,1126256,买盘,2017-11-16,2017-11-16 09:43:18
09:43:21,09:43:21,65.5,0.02,558,3654900,买盘,2017-11-16,2017-11-16 09:43:21
09:43:24,09:43:24,65.46,-0.04,1013,6631097,卖盘,2017-11-16,2017-11-16 09:43:24
09:43:27,09:43:27,65.5,0.04,266,1742300,买盘,2017-11-16,2017-11-16 09:43:27
09:43:30,09:43:30,65.5,--,589,3857950,卖盘,2017-11-16,2017-11-16 09:43:30
09:43:33,09:43:33,65.59,0.09,649,4260595,买盘,2017-11-16,2017-11-16 09:43:33
09:43:36,09:43:36,65.58,-0.01,403,2642874,卖盘,2017-11-16,2017-11-16 09:43:36
09:43:39,09:43:39,65.6,0.02,608,3988479,买盘,2017-11-16,2017-11-16 09:43:39
09:43:42,09:43:42,65.6,--,411,2696159,买盘,2017-11-16,2017-11-16 09:43:42
09:43:45,09:43:45,65.67,0.07,715,4695405,买盘,2017-11-16,2017-11-16 09:43:45
09:43:48,09:43:48,65.69,0.02,466,3064438,买盘,2017-11-16,2017-11-16 09:43:48
09:43:51,09:43:51,65.71,0.02,618,4060877,买盘,2017-11-16,2017-11-16 09:43:51
09:43:54,09:43:54,65.76,0.05,435,2860560,买盘,2017-11-16,2017-11-16 09:43:54
09:43:57,09:43:57,65.78,0.02,332,2183896,买盘,2017-11-16,2017-11-16 09:43:57
09:44:00,09:44:00,65.76,-0.02,1286,8456736,卖盘,2017-11-16,2017-11-16 09:44:00
09:44:03,09:44:03,65.8,0.04,673,4428340,买盘,2017-11-16,2017-11-16 09:44:03
09:44:06,09:44:06,65.79,-0.01,816,5368464,中性盘,2017-11-16,2017-11-16 09:44:06
09:44:09,09:44:09,65.8,0.01,1096,7211811,买盘,2017-11-16,2017-11-16 09:44:09
09:44:12,09:44:12,65.81,0.01,1289,8489358,买盘,2017-11-16,2017-11-16 09:44:12
09:44:15,09:44:15,65.85,0.04,595,3918074,买盘,2017-11-16,2017-11-16 09:44:15
09:44:18,09:44:18,65.85,--,241,1591199,买盘,2017-11-16,2017-11-16 09:44:18
09:44:21,09:44:21,65.87,0.02,593,3906091,买盘,2017-11-16,2017-11-16 09:44:21
09:44:24,09:44:24,65.88,0.01,327,2154276,中性盘,2017-11-16,2017-11-16 09:44:24
09:44:27,09:44:27,65.94,0.06,792,5222513,买盘,2017-11-16,2017-11-16 09:44:27
09:44:30,09:44:30,65.95,0.01,386,2545670,买盘,2017-11-16,2017-11-16 09:44:30
09:44:33,09:44:33,65.95,--,247,1630877,买盘,2017-11-16,2017-11-16 09:44:33
09:44:36,09:44:36,65.95,--,502,3310755,卖盘,2017-11-16,2017-11-16 09:44:36
09:44:39,09:44:39,65.99,0.04,453,2989347,买盘,2017-11-16,2017-11-16 09:44:39
09:44:42,09:44:42,65.96,-0.03,757,4993171,卖盘,2017-11-16,2017-11-16 09:44:42
09:44:45,09:44:45,66.0,0.04,835,5511066,买盘,2017-11-16,2017-11-16 09:44:45
09:44:48,09:44:48,66.0,--,1085,7161000,买盘,2017-11-16,2017-11-16 09:44:48
09:44:51,09:44:51,66.0,--,1163,7675800,买盘,2017-11-16,2017-11-16 09:44:51
09:44:54,09:44:54,66.01,0.01,934,6165400,买盘,2017-11-16,2017-11-16 09:44:54
09:44:57,09:44:57,66.05,0.04,451,2979119,买盘,2017-11-16,2017-11-16 09:44:57
09:45:00,09:45:00,66.07,0.02,1250,8258749,中性盘,2017-11-16,2017-11-16 09:45:00
09:45:03,09:45:03,66.08,0.01,236,1559488,买盘,2017-11-16,2017-11-16 09:45:03
09:45:06,09:45:06,66.13,0.05,630,4166189,买盘,2017-11-16,2017-11-16 09:45:06
09:45:09,09:45:09,66.1,-0.03,483,3192629,卖盘,2017-11-16,2017-11-16 09:45:09
09:45:12,09:45:12,66.08,-0.02,1536,10149888,卖盘,2017-11-16,2017-11-16 09:45:12
09:45:15,09:45:15,66.09,0.01,477,3152493,买盘,2017-11-16,2017-11-16 09:45:15
09:45:18,09:45:18,66.06,-0.03,2204,14559624,卖盘,2017-11-16,2017-11-16 09:45:18
09:45:21,09:45:21,65.99,-0.07,725,4790610,卖盘,2017-11-16,2017-11-16 09:45:21
09:45:24,09:45:24,66.0,0.01,758,5003856,买盘,2017-11-16,2017-11-16 09:45:24
09:45:27,09:45:27,65.99,-0.01,670,4426741,买盘,2017-11-16,2017-11-16 09:45:27
09:45:30,09:45:30,65.95,-0.04,341,2248895,卖盘,2017-11-16,2017-11-16 09:45:30
09:45:33,09:45:33,65.9,-0.05,594,3919073,卖盘,2017-11-16,2017-11-16 09:45:33
09:45:36,09:45:36,65.91,0.01,977,6439407,买盘,2017-11-16,2017-11-16 09:45:36
09:45:39,09:45:39,65.89,-0.02,119,784091,卖盘,2017-11-16,2017-11-16 09:45:39
09:45:42,09:45:42,65.87,-0.02,480,3161760,卖盘,2017-11-16,2017-11-16 09:45:42
09:45:45,09:45:45,65.88,0.01,341,2246508,买盘,2017-11-16,2017-11-16 09:45:45
09:45:48,09:45:48,65.87,-0.01,209,1377078,中性盘,2017-11-16,2017-11-16 09:45:48
09:45:51,09:45:51,65.87,--,589,3879743,卖盘,2017-11-16,2017-11-16 09:45:51
09:45:54,09:45:54,65.85,-0.02,423,2785454,中性盘,2017-11-16,2017-11-16 09:45:54
09:45:57,09:45:57,65.82,-0.03,582,3830723,卖盘,2017-11-16,2017-11-16 09:45:57
09:46:00,09:46:00,65.83,0.01,770,5068910,中性盘,2017-11-16,2017-11-16 09:46:00
09:46:03,09:46:03,65.88,0.05,268,1767428,买盘,2017-11-16,2017-11-16 09:46:03
09:46:06,09:46:06,65.82,-0.06,989,6509597,卖盘,2017-11-16,2017-11-16 09:46:06
09:46:09,09:46:09,65.98,0.16,1651,10893693,买盘,2017-11-16,2017-11-16 09:46:09
09:46:12,09:46:12,66.03,0.05,2514,16603111,买盘,2017-11-16,2017-11-16 09:46:12
09:46:15,09:46:15,66.08,0.05,789,5213712,买盘,2017-11-16,2017-11-16 09:46:15
09:46:18,09:46:18,66.12,0.04,532,3517716,买盘,2017-11-16,2017-11-16 09:46:18
09:46:21,09:46:21,66.18,0.06,878,5810604,买盘,2017-11-16,2017-11-16 09:46:21
09:46:24,09:46:24,66.22,0.04,1125,7449882,买盘,2017-11-16,2017-11-16 09:46:24
09:46:27,09:46:27,66.3,0.08,677,4488510,买盘,2017-11-16,2017-11-16 09:46:27
09:46:30,09:46:30,66.38,0.08,218,1447216,买盘,2017-11-16,2017-11-16 09:46:30
09:46:33,09:46:33,66.39,0.01,731,4853109,买盘,2017-11-16,2017-11-16 09:46:33
09:46:36,09:46:36,66.5,0.11,197,1310050,买盘,2017-11-16,2017-11-16 09:46:36
09:46:39,09:46:39,66.5,--,1207,8026550,买盘,2017-11-16,2017-11-16 09:46:39
09:46:42,09:46:42,66.58,0.08,962,6405129,买盘,2017-11-16,2017-11-16 09:46:42
09:46:45,09:46:45,66.6,0.02,587,3909419,买盘,2017-11-16,2017-11-16 09:46:45
09:46:48,09:46:48,66.65,0.05,561,3739065,买盘,2017-11-16,2017-11-16 09:46:48
09:46:51,09:46:51,66.67,0.02,1137,7580379,买盘,2017-11-16,2017-11-16 09:46:51
09:46:54,09:46:54,66.67,--,810,5400536,买盘,2017-11-16,2017-11-16 09:46:54
09:46:57,09:46:57,66.7,0.03,794,5295980,中性盘,2017-11-16,2017-11-16 09:46:57
09:47:00,09:47:00,66.72,0.02,2031,13550832,买盘,2017-11-16,2017-11-16 09:47:00
09:47:03,09:47:03,66.72,--,782,5217837,卖盘,2017-11-16,2017-11-16 09:47:03
09:47:06,09:47:06,66.69,-0.03,1530,10209905,卖盘,2017-11-16,2017-11-16 09:47:06
09:47:09,09:47:09,66.66,-0.03,1097,7319001,卖盘,2017-11-16,2017-11-16 09:47:09
09:47:12,09:47:12,66.67,0.01,1200,8000400,买盘,2017-11-16,2017-11-16 09:47:12
09:47:15,09:47:15,66.54,-0.13,771,5130234,卖盘,2017-11-16,2017-11-16 09:47:15
09:47:18,09:47:18,66.57,0.03,1435,9552794,买盘,2017-11-16,2017-11-16 09:47:18
09:47:21,09:47:21,66.51,-0.06,1841,12244491,中性盘,2017-11-16,2017-11-16 09:47:21
09:47:24,09:47:24,66.5,-0.01,775,5153750,卖盘,2017-11-16,2017-11-16 09:47:24
09:47:27,09:47:27,66.5,--,810,5391820,买盘,2017-11-16,2017-11-16 09:47:27
09:47:30,09:47:30,66.5,--,282,1875300,买盘,2017-11-16,2017-11-16 09:47:30
09:47:33,09:47:33,66.4,-0.1,286,1899040,卖盘,2017-11-16,2017-11-16 09:47:33
09:47:36,09:47:36,66.39,-0.01,465,3087135,卖盘,2017-11-16,2017-11-16 09:47:36
09:47:39,09:47:39,66.5,0.11,338,2247700,买盘,2017-11-16,2017-11-16 09:47:39
09:47:42,09:47:42,66.38,-0.12,469,3113222,卖盘,2017-11-16,2017-11-16 09:47:42
09:47:45,09:47:45,66.37,-0.01,498,3305226,中性盘,2017-11-16,2017-11-16 09:47:45
09:47:48,09:47:48,66.49,0.12,469,3119178,买盘,2017-11-16,2017-11-16 09:47:48
09:47:51,09:47:51,66.47,-0.02,296,1967512,中性盘,2017-11-16,2017-11-16 09:47:51
09:47:54,09:47:54,66.5,0.03,819,5446483,买盘,2017-11-16,2017-11-16 09:47:54
09:47:57,09:47:57,66.5,--,555,3690750,卖盘,2017-11-16,2017-11-16 09:47:57
09:48:00,09:48:00,66.6,0.1,228,1518479,买盘,2017-11-16,2017-11-16 09:48:00
09:48:03,09:48:03,66.63,0.03,1121,7469356,买盘,2017-11-16,2017-11-16 09:48:03
09:48:06,09:48:06,66.67,0.04,402,2680134,买盘,2017-11-16,2017-11-16 09:48:06
09:48:09,09:48:09,66.73,0.06,1580,10543340,买盘,2017-11-16,2017-11-16 09:48:09
09:48:12,09:48:12,66.79,0.06,1001,6685679,买盘,2017-11-16,2017-11-16 09:48:12
09:48:15,09:48:15,66.88,0.09,1167,7804895,买盘,2017-11-16,2017-11-16 09:48:15
09:48:18,09:48:18,66.9,0.02,254,1702605,买盘,2017-11-16,2017-11-16 09:48:18
09:48:21,09:48:21,66.93,0.03,898,6010314,买盘,2017-11-16,2017-11-16 09:48:21
09:48:24,09:48:24,66.96,0.03,264,1768413,买盘,2017-11-16,2017-11-16 09:48:24
09:48:27,09:48:27,67.0,0.04,2152,14418400,买盘,2017-11-16,2017-11-16 09:48:27
09:48:30,09:48:30,67.0,--,1597,10699900,买盘,2017-11-16,2017-11-16 09:48:30
09:48:33,09:48:33,67.0,--,1007,6746900,买盘,2017-11-16,2017-11-16 09:48:33
09:48:36,09:48:36,67.04,0.04,1334,8943136,买盘,2017-11-16,2017-11-16 09:48:36
09:48:39,09:48:39,67.03,-0.01,1347,9028941,卖盘,2017-11-16,2017-11-16 09:48:39
09:48:42,09:48:42,67.09,0.06,487,3269027,买盘,2017-11-16,2017-11-16 09:48:42
09:48:45,09:48:45,67.13,0.04,324,2175012,中性盘,2017-11-16,2017-11-16 09:48:45
09:48:48,09:48:48,67.2,0.07,1106,7432588,买盘,2017-11-16,2017-11-16 09:48:48
09:48:51,09:48:51,67.19,-0.01,936,6292343,中性盘,2017-11-16,2017-11-16 09:48:51
09:48:54,09:48:54,67.05,-0.14,1993,13363065,卖盘,2017-11-16,2017-11-16 09:48:54
09:48:57,09:48:57,67.03,-0.02,2342,15698426,中性盘,2017-11-16,2017-11-16 09:48:57
09:49:00,09:49:00,66.99,-0.04,2180,14605159,卖盘,2017-11-16,2017-11-16 09:49:00
09:49:03,09:49:03,66.91,-0.08,1547,10350977,卖盘,2017-11-16,2017-11-16 09:49:03
09:49:06,09:49:06,66.9,-0.01,596,3987240,卖盘,2017-11-16,2017-11-16 09:49:06
09:49:09,09:49:09,66.87,-0.03,937,6271737,卖盘,2017-11-16,2017-11-16 09:49:09
09:49:12,09:49:12,66.89,0.02,622,4160558,买盘,2017-11-16,2017-11-16 09:49:12
09:49:15,09:49:15,66.8,-0.09,561,3747480,卖盘,2017-11-16,2017-11-16 09:49:15
09:49:18,09:49:18,66.77,-0.03,448,2991296,卖盘,2017-11-16,2017-11-16 09:49:18
09:49:21,09:49:21,66.77,--,202,1348754,买盘,2017-11-16,2017-11-16 09:49:21
09:49:24,09:49:24,66.7,-0.07,616,4108720,买盘,2017-11-16,2017-11-16 09:49:24
09:49:27,09:49:27,66.7,--,665,4435550,买盘,2017-11-16,2017-11-16 09:49:27
09:49:30,09:49:30,66.7,--,781,5209270,卖盘,2017-11-16,2017-11-16 09:49:30
09:49:33,09:49:33,66.78,0.08,595,3973410,买盘,2017-11-16,2017-11-16 09:49:33
09:49:36,09:49:36,66.7,-0.08,516,3441720,卖盘,2017-11-16,2017-11-16 09:49:36
09:49:39,09:49:39,66.7,--,325,2167750,买盘,2017-11-16,2017-11-16 09:49:39
09:49:42,09:49:42,66.68,-0.02,965,6434620,中性盘,2017-11-16,2017-11-16 09:49:42
09:49:45,09:49:45,66.6,-0.08,453,3016979,中性盘,2017-11-16,2017-11-16 09:49:45
09:49:48,09:49:48,66.5,-0.1,426,2832900,卖盘,2017-11-16,2017-11-16 09:49:48
09:49:51,09:49:51,66.68,0.18,323,2153764,买盘,2017-11-16,2017-11-16 09:49:51
09:49:54,09:49:54,66.71,0.03,318,2121378,买盘,2017-11-16,2017-11-16 09:49:54
09:49:57,09:49:57,66.68,-0.03,234,1560312,买盘,2017-11-16,2017-11-16 09:49:57
09:50:00,09:50:00,66.61,-0.07,136,905896,中性盘,2017-11-16,2017-11-16 09:50:00
09:50:03,09:50:03,66.65,0.04,414,2759310,买盘,2017-11-16,2017-11-16 09:50:03
09:50:06,09:50:06,66.6,-0.05,217,1445219,卖盘,2017-11-16,2017-11-16 09:50:06
09:50:09,09:50:09,66.61,0.01,246,1638606,买盘,2017-11-16,2017-11-16 09:50:09
09:50:12,09:50:12,66.63,0.02,223,1485849,买盘,2017-11-16,2017-11-16 09:50:12
09:50:15,09:50:15,66.65,0.02,343,2286095,买盘,2017-11-16,2017-11-16 09:50:15
09:50:18,09:50:18,66.68,0.03,264,1760352,买盘,2017-11-16,2017-11-16 09:50:18
09:50:21,09:50:21,66.63,-0.05,632,4211016,卖盘,2017-11-16,2017-11-16 09:50:21
09:50:24,09:50:24,66.69,0.06,251,1673919,买盘,2017-11-16,2017-11-16 09:50:24
09:50:27,09:50:27,66.7,0.01,382,2547940,买盘,2017-11-16,2017-11-16 09:50:27
09:50:30,09:50:30,66.66,-0.04,174,1159884,卖盘,2017-11-16,2017-11-16 09:50:30
09:50:33,09:50:33,66.7,0.04,456,3044588,买盘,2017-11-16,2017-11-16 09:50:33
09:50:36,09:50:36,66.7,--,543,3625878,买盘,2017-11-16,2017-11-16 09:50:36
09:50:39,09:50:39,66.7,--,216,1440720,卖盘,2017-11-16,2017-11-16 09:50:39
09:50:42,09:50:42,66.76,0.06,437,2921083,买盘,2017-11-16,2017-11-16 09:50:42
09:50:45,09:50:45,66.76,--,232,1548832,买盘,2017-11-16,2017-11-16 09:50:45
09:50:48,09:50:48,66.76,--,328,2189728,卖盘,2017-11-16,2017-11-16 09:50:48
09:50:51,09:50:51,66.69,-0.07,548,3657613,卖盘,2017-11-16,2017-11-16 09:50:51
09:50:54,09:50:54,66.66,-0.03,1074,7159284,卖盘,2017-11-16,2017-11-16 09:50:54
09:50:57,09:50:57,66.66,--,447,2979702,买盘,2017-11-16,2017-11-16 09:50:57
09:51:00,09:51:00,66.7,0.04,732,4882440,买盘,2017-11-16,2017-11-16 09:51:00
09:51:03,09:51:03,66.68,-0.02,140,933520,中性盘,2017-11-16,2017-11-16 09:51:03
09:51:06,09:51:06,66.67,-0.01,513,3420171,卖盘,2017-11-16,2017-11-16 09:51:06
09:51:09,09:51:09,66.6,-0.07,859,5720939,卖盘,2017-11-16,2017-11-16 09:51:09
09:51:12,09:51:12,66.68,0.08,490,3273521,买盘,2017-11-16,2017-11-16 09:51:12
09:51:15,09:51:15,66.69,0.01,242,1613898,买盘,2017-11-16,2017-11-16 09:51:15
09:51:18,09:51:18,66.59,-0.1,1081,7198379,卖盘,2017-11-16,2017-11-16 09:51:18
09:51:21,09:51:21,66.61,0.02,543,3616923,买盘,2017-11-16,2017-11-16 09:51:21
09:51:24,09:51:24,66.67,0.06,208,1386736,买盘,2017-11-16,2017-11-16 09:51:24
09:51:27,09:51:27,66.66,-0.01,133,886578,中性盘,2017-11-16,2017-11-16 09:51:27
09:51:30,09:51:30,66.66,--,460,3066360,买盘,2017-11-16,2017-11-16 09:51:30
09:51:33,09:51:33,66.59,-0.07,155,1032145,卖盘,2017-11-16,2017-11-16 09:51:33
09:51:36,09:51:36,66.6,0.01,158,1052280,买盘,2017-11-16,2017-11-16 09:51:36
09:51:39,09:51:39,66.6,--,446,2970359,买盘,2017-11-16,2017-11-16 09:51:39
09:51:42,09:51:42,66.6,--,202,1345320,中性盘,2017-11-16,2017-11-16 09:51:42
09:51:45,09:51:45,66.59,-0.01,311,2071148,买盘,2017-11-16,2017-11-16 09:51:45
09:51:48,09:51:48,66.6,0.01,166,1106292,买盘,2017-11-16,2017-11-16 09:51:48
09:51:51,09:51:51,66.59,-0.01,228,1518252,买盘,2017-11-16,2017-11-16 09:51:51
09:51:54,09:51:54,66.55,-0.04,159,1058145,卖盘,2017-11-16,2017-11-16 09:51:54
09:51:57,09:51:57,66.59,0.04,462,3076591,买盘,2017-11-16,2017-11-16 09:51:57
09:52:00,09:52:00,66.57,-0.02,237,1577708,卖盘,2017-11-16,2017-11-16 09:52:00
09:52:03,09:52:03,66.56,-0.01,425,2828800,卖盘,2017-11-16,2017-11-16 09:52:03
09:52:06,09:52:06,66.52,-0.04,129,858108,卖盘,2017-11-16,2017-11-16 09:52:06
09:52:09,09:52:09,66.56,0.04,310,2063559,买盘,2017-11-16,2017-11-16 09:52:09
09:52:12,09:52:12,66.56,--,279,1857024,买盘,2017-11-16,2017-11-16 09:52:12
09:52:15,09:52:15,66.57,0.01,561,3734576,买盘,2017-11-16,2017-11-16 09:52:15
09:52:18,09:52:18,66.55,-0.02,712,4738892,卖盘,2017-11-16,2017-11-16 09:52:18
09:52:21,09:52:21,66.53,-0.02,307,2048591,卖盘,2017-11-16,2017-11-16 09:52:21
09:52:24,09:52:24,66.55,0.02,186,1237830,买盘,2017-11-16,2017-11-16 09:52:24
09:52:27,09:52:27,66.52,-0.03,140,931280,卖盘,2017-11-16,2017-11-16 09:52:27
09:52:30,09:52:30,66.55,0.03,359,2389677,买盘,2017-11-16,2017-11-16 09:52:30
09:52:33,09:52:33,66.53,-0.02,103,685259,卖盘,2017-11-16,2017-11-16 09:52:33
09:52:36,09:52:36,66.53,--,1247,8296291,卖盘,2017-11-16,2017-11-16 09:52:36
09:52:39,09:52:39,66.55,0.02,195,1297725,买盘,2017-11-16,2017-11-16 09:52:39
09:52:42,09:52:42,66.55,--,195,1297725,买盘,2017-11-16,2017-11-16 09:52:42
09:52:45,09:52:45,66.53,-0.02,326,2168878,卖盘,2017-11-16,2017-11-16 09:52:45
09:52:48,09:52:48,66.54,0.01,203,1350762,买盘,2017-11-16,2017-11-16 09:52:48
09:52:51,09:52:51,66.52,-0.02,310,2062119,卖盘,2017-11-16,2017-11-16 09:52:51
09:52:54,09:52:54,66.52,--,176,1170752,卖盘,2017-11-16,2017-11-16 09:52:54
09:52:57,09:52:57,66.52,--,882,5867064,买盘,2017-11-16,2017-11-16 09:52:57
09:53:00,09:53:00,66.5,-0.02,157,1044050,卖盘,2017-11-16,2017-11-16 09:53:00
09:53:03,09:53:03,66.51,0.01,232,1546357,买盘,2017-11-16,2017-11-16 09:53:03
09:53:06,09:53:06,66.49,-0.02,313,2082998,卖盘,2017-11-16,2017-11-16 09:53:06
09:53:09,09:53:09,66.5,0.01,1143,7606270,买盘,2017-11-16,2017-11-16 09:53:09
09:53:12,09:53:12,66.5,--,222,1476300,买盘,2017-11-16,2017-11-16 09:53:12
09:53:15,09:53:15,66.49,-0.01,85,565165,中性盘,2017-11-16,2017-11-16 09:53:15
09:53:18,09:53:18,66.49,--,97,646482,买盘,2017-11-16,2017-11-16 09:53:18
09:53:21,09:53:21,66.42,-0.07,197,1314916,中性盘,2017-11-16,2017-11-16 09:53:21
09:53:24,09:53:24,66.43,0.01,105,697515,中性盘,2017-11-16,2017-11-16 09:53:24
09:53:27,09:53:27,66.38,-0.05,116,770008,卖盘,2017-11-16,2017-11-16 09:53:27
09:53:30,09:53:30,66.41,0.03,5,33205,卖盘,2017-11-16,2017-11-16 09:53:30
09:53:33,09:53:33,66.41,--,111,737151,买盘,2017-11-16,2017-11-16 09:53:33
09:53:36,09:53:36,66.4,-0.01,122,810080,买盘,2017-11-16,2017-11-16 09:53:36
09:53:39,09:53:39,66.39,-0.01,126,836514,卖盘,2017-11-16,2017-11-16 09:53:39
09:53:42,09:53:42,66.38,-0.01,155,1028889,卖盘,2017-11-16,2017-11-16 09:53:42
09:53:45,09:53:45,66.39,0.01,427,2834853,买盘,2017-11-16,2017-11-16 09:53:45
09:53:48,09:53:48,66.38,-0.01,232,1540016,卖盘,2017-11-16,2017-11-16 09:53:48
09:53:51,09:53:51,66.38,--,450,2987100,买盘,2017-11-16,2017-11-16 09:53:51
09:53:54,09:53:54,66.36,-0.02,214,1426607,卖盘,2017-11-16,2017-11-16 09:53:54
09:53:57,09:53:57,66.38,0.02,307,2037865,买盘,2017-11-16,2017-11-16 09:53:57
09:54:00,09:54:00,66.37,-0.01,155,1028735,卖盘,2017-11-16,2017-11-16 09:54:00
09:54:03,09:54:03,66.38,0.01,450,2987299,买盘,2017-11-16,2017-11-16 09:54:03
09:54:06,09:54:06,66.35,-0.03,154,1021789,卖盘,2017-11-16,2017-11-16 09:54:06
09:54:09,09:54:09,66.33,-0.02,109,723195,卖盘,2017-11-16,2017-11-16 09:54:09
09:54:12,09:54:12,66.38,0.05,272,1805535,买盘,2017-11-16,2017-11-16 09:54:12
09:54:15,09:54:15,66.33,-0.05,362,2401146,卖盘,2017-11-16,2017-11-16 09:54:15
09:54:18,09:54:18,66.44,0.11,1223,8125612,买盘,2017-11-16,2017-11-16 09:54:18
09:54:21,09:54:21,66.39,-0.05,489,3246736,买盘,2017-11-16,2017-11-16 09:54:21
09:54:24,09:54:24,66.42,0.03,91,604422,买盘,2017-11-16,2017-11-16 09:54:24
09:54:27,09:54:27,66.5,0.08,348,2316727,买盘,2017-11-16,2017-11-16 09:54:27
09:54:30,09:54:30,66.48,-0.02,333,2213784,卖盘,2017-11-16,2017-11-16 09:54:30
09:54:33,09:54:33,66.6,0.12,290,1931399,买盘,2017-11-16,2017-11-16 09:54:33
09:54:36,09:54:36,66.6,--,123,819179,买盘,2017-11-16,2017-11-16 09:54:36
09:54:39,09:54:39,66.59,-0.01,238,1584842,中性盘,2017-11-16,2017-11-16 09:54:39
09:54:42,09:54:42,66.66,0.07,293,1958337,买盘,2017-11-16,2017-11-16 09:54:42
09:54:45,09:54:45,66.69,0.03,336,2240784,买盘,2017-11-16,2017-11-16 09:54:45
09:54:48,09:54:48,66.7,0.01,325,2167750,买盘,2017-11-16,2017-11-16 09:54:48
09:54:51,09:54:51,66.75,0.05,115,767625,买盘,2017-11-16,2017-11-16 09:54:51
09:54:54,09:54:54,66.77,0.02,165,1101705,买盘,2017-11-16,2017-11-16 09:54:54
09:54:57,09:54:57,66.78,0.01,501,3345678,买盘,2017-11-16,2017-11-16 09:54:57
09:55:00,09:55:00,66.76,-0.02,113,754388,卖盘,2017-11-16,2017-11-16 09:55:00
09:55:03,09:55:03,66.78,0.02,534,3566052,中性盘,2017-11-16,2017-11-16 09:55:03
09:55:06,09:55:06,66.87,0.09,184,1230408,买盘,2017-11-16,2017-11-16 09:55:06
09:55:09,09:55:09,66.87,--,105,702135,买盘,2017-11-16,2017-11-16 09:55:09
09:55:12,09:55:12,66.91,0.04,136,909976,买盘,2017-11-16,2017-11-16 09:55:12
09:55:15,09:55:15,66.96,0.05,183,1226372,买盘,2017-11-16,2017-11-16 09:55:15
09:55:18,09:55:18,66.96,--,226,1514166,卖盘,2017-11-16,2017-11-16 09:55:18
09:55:21,09:55:21,66.98,0.02,247,1654406,买盘,2017-11-16,2017-11-16 09:55:21
09:55:24,09:55:24,66.98,--,611,4092478,买盘,2017-11-16,2017-11-16 09:55:24
09:55:27,09:55:27,66.99,0.01,330,2210670,中性盘,2017-11-16,2017-11-16 09:55:27
09:55:30,09:55:30,67.0,0.01,941,6304700,买盘,2017-11-16,2017-11-16 09:55:30
09:55:33,09:55:33,67.06,0.06,574,3849244,买盘,2017-11-16,2017-11-16 09:55:33
09:55:36,09:55:36,67.12,0.06,324,2174688,买盘,2017-11-16,2017-11-16 09:55:36
09:55:39,09:55:39,67.11,-0.01,331,2221341,中性盘,2017-11-16,2017-11-16 09:55:39
09:55:42,09:55:42,67.12,0.01,295,1980040,中性盘,2017-11-16,2017-11-16 09:55:42
09:55:45,09:55:45,67.0,-0.12,1758,11778600,卖盘,2017-11-16,2017-11-16 09:55:45
09:55:48,09:55:48,67.0,--,1167,7819101,买盘,2017-11-16,2017-11-16 09:55:48
09:55:51,09:55:51,66.99,-0.01,707,4742691,中性盘,2017-11-16,2017-11-16 09:55:51
09:55:54,09:55:54,67.07,0.08,273,1831212,买盘,2017-11-16,2017-11-16 09:55:54
09:55:57,09:55:57,67.0,-0.07,590,3953000,卖盘,2017-11-16,2017-11-16 09:55:57
09:56:00,09:56:00,67.05,0.05,456,3057480,中性盘,2017-11-16,2017-11-16 09:56:00
09:56:03,09:56:03,67.0,-0.05,701,4696700,卖盘,2017-11-16,2017-11-16 09:56:03
09:56:06,09:56:06,66.98,-0.02,457,3060986,卖盘,2017-11-16,2017-11-16 09:56:06
09:56:09,09:56:09,66.97,-0.01,487,3266729,卖盘,2017-11-16,2017-11-16 09:56:09
09:56:12,09:56:12,66.97,--,396,2653217,卖盘,2017-11-16,2017-11-16 09:56:12
09:56:15,09:56:15,66.95,-0.02,287,1921465,卖盘,2017-11-16,2017-11-16 09:56:15
09:56:18,09:56:18,66.91,-0.04,546,3653286,卖盘,2017-11-16,2017-11-16 09:56:18
09:56:21,09:56:21,66.91,--,216,1445256,买盘,2017-11-16,2017-11-16 09:56:21
09:56:24,09:56:24,66.88,-0.03,477,3194255,卖盘,2017-11-16,2017-11-16 09:56:24
09:56:27,09:56:27,66.89,0.01,209,1398736,买盘,2017-11-16,2017-11-16 09:56:27
09:56:30,09:56:30,66.84,-0.05,309,2065356,卖盘,2017-11-16,2017-11-16 09:56:30
09:56:33,09:56:33,66.8,-0.04,138,921840,卖盘,2017-11-16,2017-11-16 09:56:33
09:56:36,09:56:36,66.84,0.04,116,775344,买盘,2017-11-16,2017-11-16 09:56:36
09:56:39,09:56:39,66.8,-0.04,84,561120,卖盘,2017-11-16,2017-11-16 09:56:39
09:56:42,09:56:42,66.8,--,182,1215760,卖盘,2017-11-16,2017-11-16 09:56:42
09:56:45,09:56:45,66.8,--,111,741480,买盘,2017-11-16,2017-11-16 09:56:45
09:56:48,09:56:48,66.76,-0.04,228,1522128,卖盘,2017-11-16,2017-11-16 09:56:48
09:56:51,09:56:51,66.7,-0.06,187,1247290,卖盘,2017-11-16,2017-11-16 09:56:51
09:56:54,09:56:54,66.75,0.05,212,1415100,买盘,2017-11-16,2017-11-16 09:56:54
09:56:57,09:56:57,66.75,--,143,954525,卖盘,2017-11-16,2017-11-16 09:56:57
09:57:00,09:57:00,66.7,-0.05,115,767050,买盘,2017-11-16,2017-11-16 09:57:00
09:57:03,09:57:03,66.7,--,66,440686,买盘,2017-11-16,2017-11-16 09:57:03
09:57:06,09:57:06,66.7,--,770,5135900,买盘,2017-11-16,2017-11-16 09:57:06
09:57:09,09:57:09,66.7,--,211,1407370,买盘,2017-11-16,2017-11-16 09:57:09
09:57:12,09:57:12,66.7,--,353,2354510,买盘,2017-11-16,2017-11-16 09:57:12
09:57:15,09:57:15,66.7,--,311,2077905,卖盘,2017-11-16,2017-11-16 09:57:15
09:57:18,09:57:18,66.71,0.01,253,1687762,中性盘,2017-11-16,2017-11-16 09:57:18
09:57:21,09:57:21,66.7,-0.01,334,2227780,卖盘,2017-11-16,2017-11-16 09:57:21
09:57:24,09:57:24,66.71,0.01,114,760493,卖盘,2017-11-16,2017-11-16 09:57:24
09:57:27,09:57:27,66.76,0.05,96,640896,买盘,2017-11-16,2017-11-16 09:57:27
09:57:30,09:57:30,66.76,--,65,433940,卖盘,2017-11-16,2017-11-16 09:57:30
09:57:33,09:57:33,66.78,0.02,42,280476,买盘,2017-11-16,2017-11-16 09:57:33
09:57:36,09:57:36,66.78,--,133,888174,买盘,2017-11-16,2017-11-16 09:57:36
09:57:39,09:57:39,66.79,0.01,333,2224107,买盘,2017-11-16,2017-11-16 09:57:39
09:57:42,09:57:42,66.78,-0.01,224,1495872,卖盘,2017-11-16,2017-11-16 09:57:42
09:57:45,09:57:45,66.8,0.02,351,2344680,买盘,2017-11-16,2017-11-16 09:57:45
09:57:48,09:57:48,66.82,0.02,485,3240769,买盘,2017-11-16,2017-11-16 09:57:48
09:57:51,09:57:51,66.82,--,50,334099,卖盘,2017-11-16,2017-11-16 09:57:51
09:57:54,09:57:54,66.88,0.06,236,1578368,买盘,2017-11-16,2017-11-16 09:57:54
09:57:57,09:57:57,66.88,--,114,762432,买盘,2017-11-16,2017-11-16 09:57:57
09:58:00,09:58:00,66.88,--,459,3069792,买盘,2017-11-16,2017-11-16 09:58:00
09:58:03,09:58:03,66.9,0.02,65,434850,买盘,2017-11-16,2017-11-16 09:58:03
09:58:06,09:58:06,66.91,0.01,215,1438565,买盘,2017-11-16,2017-11-16 09:58:06
09:58:09,09:58:09,66.9,-0.01,107,715830,卖盘,2017-11-16,2017-11-16 09:58:09
09:58:12,09:58:12,66.95,0.05,96,642720,买盘,2017-11-16,2017-11-16 09:58:12
09:58:15,09:58:15,66.92,-0.03,162,1084237,卖盘,2017-11-16,2017-11-16 09:58:15
09:58:18,09:58:18,66.96,0.04,464,3106943,买盘,2017-11-16,2017-11-16 09:58:18
09:58:21,09:58:21,66.99,0.03,433,2900667,买盘,2017-11-16,2017-11-16 09:58:21
09:58:24,09:58:24,67.02,0.03,1942,13015351,买盘,2017-11-16,2017-11-16 09:58:24
09:58:27,09:58:27,67.0,-0.02,1567,10498900,卖盘,2017-11-16,2017-11-16 09:58:27
09:58:30,09:58:30,67.15,0.15,49,329035,买盘,2017-11-16,2017-11-16 09:58:30
09:58:33,09:58:33,67.16,0.01,261,1757711,买盘,2017-11-16,2017-11-16 09:58:33
09:58:36,09:58:36,67.15,-0.01,185,1247244,卖盘,2017-11-16,2017-11-16 09:58:36
09:58:39,09:58:39,67.18,0.03,592,3977056,买盘,2017-11-16,2017-11-16 09:58:39
09:58:42,09:58:42,67.18,--,365,2452070,买盘,2017-11-16,2017-11-16 09:58:42
09:58:45,09:58:45,67.2,0.02,2171,14589120,买盘,2017-11-16,2017-11-16 09:58:45
09:58:48,09:58:48,67.3,0.1,613,4125490,买盘,2017-11-16,2017-11-16 09:58:48
09:58:51,09:58:51,67.3,--,993,6682890,买盘,2017-11-16,2017-11-16 09:58:51
09:58:54,09:58:54,67.3,--,748,5034511,买盘,2017-11-16,2017-11-16 09:58:54
09:58:57,09:58:57,67.4,0.1,1313,8849620,买盘,2017-11-16,2017-11-16 09:58:57
09:59:00,09:59:00,67.4,--,437,2945380,买盘,2017-11-16,2017-11-16 09:59:00
09:59:03,09:59:03,67.46,0.06,145,978304,买盘,2017-11-16,2017-11-16 09:59:03
09:59:06,09:59:06,67.34,-0.12,560,3777639,卖盘,2017-11-16,2017-11-16 09:59:06
09:59:09,09:59:09,67.43,0.09,540,3641220,买盘,2017-11-16,2017-11-16 09:59:09
09:59:12,09:59:12,67.3,-0.13,721,4852330,卖盘,2017-11-16,2017-11-16 09:59:12
09:59:15,09:59:15,67.28,-0.02,409,2751752,中性盘,2017-11-16,2017-11-16 09:59:15
09:59:18,09:59:18,67.2,-0.08,489,3286080,中性盘,2017-11-16,2017-11-16 09:59:18
09:59:21,09:59:21,67.18,-0.02,649,4359982,卖盘,2017-11-16,2017-11-16 09:59:21
09:59:24,09:59:24,67.15,-0.03,609,4089435,中性盘,2017-11-16,2017-11-16 09:59:24
09:59:27,09:59:27,67.0,-0.15,270,1809000,卖盘,2017-11-16,2017-11-16 09:59:27
09:59:30,09:59:30,67.0,--,293,1963100,买盘,2017-11-16,2017-11-16 09:59:30
09:59:33,09:59:33,67.1,0.1,360,2415600,买盘,2017-11-16,2017-11-16 09:59:33
09:59:36,09:59:36,67.0,-0.1,215,1440500,中性盘,2017-11-16,2017-11-16 09:59:36
09:59:39,09:59:39,67.0,--,235,1574500,买盘,2017-11-16,2017-11-16 09:59:39
09:59:42,09:59:42,67.01,0.01,231,1547931,买盘,2017-11-16,2017-11-16 09:59:42
09:59:45,09:59:45,67.0,-0.01,104,696800,卖盘,2017-11-16,2017-11-16 09:59:45
09:59:48,09:59:48,67.01,0.01,68,455668,中性盘,2017-11-16,2017-11-16 09:59:48
09:59:51,09:59:51,67.0,-0.01,762,5105400,卖盘,2017-11-16,2017-11-16 09:59:51
09:59:54,09:59:54,66.96,-0.04,225,1506599,卖盘,2017-11-16,2017-11-16 09:59:54
09:59:57,09:59:57,66.95,-0.01,392,2624440,卖盘,2017-11-16,2017-11-16 09:59:57
10:00:00,10:00:00,67.0,0.05,109,730300,中性盘,2017-11-16,2017-11-16 10:00:00
10:00:03,10:00:03,67.05,0.05,170,1139850,买盘,2017-11-16,2017-11-16 10:00:03
10:00:06,10:00:06,67.01,-0.04,192,1287061,卖盘,2017-11-16,2017-11-16 10:00:06
10:00:09,10:00:09,67.05,0.04,76,509580,买盘,2017-11-16,2017-11-16 10:00:09
10:00:12,10:00:12,67.06,0.01,260,1748723,买盘,2017-11-16,2017-11-16 10:00:12
10:00:15,10:00:15,67.06,--,185,1240610,卖盘,2017-11-16,2017-11-16 10:00:15
10:00:18,10:00:18,67.06,--,334,2240005,卖盘,2017-11-16,2017-11-16 10:00:18
10:00:21,10:00:21,67.09,0.03,219,1469271,买盘,2017-11-16,2017-11-16 10:00:21
10:00:24,10:00:24,67.1,0.01,293,1966029,买盘,2017-11-16,2017-11-16 10:00:24
10:00:27,10:00:27,67.12,0.02,230,1543760,卖盘,2017-11-16,2017-11-16 10:00:27
10:00:30,10:00:30,67.13,0.01,35,234954,中性盘,2017-11-16,2017-11-16 10:00:30
10:00:33,10:00:33,67.16,0.03,118,792488,买盘,2017-11-16,2017-11-16 10:00:33
10:00:36,10:00:36,67.15,-0.01,420,2820300,卖盘,2017-11-16,2017-11-16 10:00:36
10:00:39,10:00:39,67.19,0.04,328,2203832,买盘,2017-11-16,2017-11-16 10:00:39
10:00:42,10:00:42,67.24,0.05,308,2076976,买盘,2017-11-16,2017-11-16 10:00:42
10:00:45,10:00:45,67.25,0.01,68,457300,买盘,2017-11-16,2017-11-16 10:00:45
10:00:48,10:00:48,67.23,-0.02,85,571455,卖盘,2017-11-16,2017-11-16 10:00:48
10:00:51,10:00:51,67.25,0.02,163,1096175,买盘,2017-11-16,2017-11-16 10:00:51
10:00:54,10:00:54,67.25,--,106,712850,卖盘,2017-11-16,2017-11-16 10:00:54
10:00:57,10:00:57,67.23,-0.02,255,1714365,卖盘,2017-11-16,2017-11-16 10:00:57
10:01:00,10:01:00,67.2,-0.03,567,3810240,卖盘,2017-11-16,2017-11-16 10:01:00
10:01:03,10:01:03,67.18,-0.02,739,4964602,中性盘,2017-11-16,2017-11-16 10:01:03
10:01:06,10:01:06,67.15,-0.03,818,5492870,中性盘,2017-11-16,2017-11-16 10:01:06
10:01:09,10:01:09,67.12,-0.03,513,3443256,中性盘,2017-11-16,2017-11-16 10:01:09
10:01:12,10:01:12,67.05,-0.07,160,1073537,卖盘,2017-11-16,2017-11-16 10:01:12
10:01:15,10:01:15,67.0,-0.05,308,2063600,卖盘,2017-11-16,2017-11-16 10:01:15
10:01:18,10:01:18,67.0,--,645,4321500,卖盘,2017-11-16,2017-11-16 10:01:18
10:01:21,10:01:21,67.0,--,782,5245631,卖盘,2017-11-16,2017-11-16 10:01:21
10:01:24,10:01:24,67.0,--,247,1654900,买盘,2017-11-16,2017-11-16 10:01:24
10:01:27,10:01:27,66.96,-0.04,152,1017791,中性盘,2017-11-16,2017-11-16 10:01:27
10:01:30,10:01:30,66.92,-0.04,349,2340527,卖盘,2017-11-16,2017-11-16 10:01:30
10:01:33,10:01:33,66.9,-0.02,420,2811338,卖盘,2017-11-16,2017-11-16 10:01:33
10:01:36,10:01:36,66.9,--,183,1224270,买盘,2017-11-16,2017-11-16 10:01:36
10:01:39,10:01:39,66.9,--,269,1804761,买盘,2017-11-16,2017-11-16 10:01:39
10:01:42,10:01:42,66.91,0.01,205,1371655,买盘,2017-11-16,2017-11-16 10:01:42
10:01:45,10:01:45,66.85,-0.06,439,2936252,卖盘,2017-11-16,2017-11-16 10:01:45
10:01:48,10:01:48,66.82,-0.03,52,347463,卖盘,2017-11-16,2017-11-16 10:01:48
10:01:51,10:01:51,66.81,-0.01,262,1750555,卖盘,2017-11-16,2017-11-16 10:01:51
10:01:54,10:01:54,66.81,--,61,407541,卖盘,2017-11-16,2017-11-16 10:01:54
10:01:57,10:01:57,66.88,0.07,173,1157024,买盘,2017-11-16,2017-11-16 10:01:57
10:02:00,10:02:00,66.82,-0.06,967,6461493,卖盘,2017-11-16,2017-11-16 10:02:00
10:02:03,10:02:03,66.83,0.01,146,975718,买盘,2017-11-16,2017-11-16 10:02:03
10:02:06,10:02:06,66.81,-0.02,135,901935,卖盘,2017-11-16,2017-11-16 10:02:06
10:02:09,10:02:09,66.82,0.01,51,340781,买盘,2017-11-16,2017-11-16 10:02:09
10:02:12,10:02:12,66.82,--,357,2386743,卖盘,2017-11-16,2017-11-16 10:02:12
10:02:15,10:02:15,66.82,--,455,3040309,卖盘,2017-11-16,2017-11-16 10:02:15
10:02:18,10:02:18,66.9,0.08,403,2696070,买盘,2017-11-16,2017-11-16 10:02:18
10:02:21,10:02:21,66.9,--,120,802800,卖盘,2017-11-16,2017-11-16 10:02:21
10:02:24,10:02:24,66.88,-0.02,150,1003199,卖盘,2017-11-16,2017-11-16 10:02:24
10:02:27,10:02:27,66.89,0.01,119,795991,中性盘,2017-11-16,2017-11-16 10:02:27
10:02:30,10:02:30,66.85,-0.04,240,1604399,卖盘,2017-11-16,2017-11-16 10:02:30
10:02:33,10:02:33,66.88,0.03,100,668800,买盘,2017-11-16,2017-11-16 10:02:33
10:02:36,10:02:36,66.88,--,85,568480,买盘,2017-11-16,2017-11-16 10:02:36
10:02:39,10:02:39,66.88,--,67,448095,买盘,2017-11-16,2017-11-16 10:02:39
10:02:42,10:02:42,66.87,-0.01,414,2768418,中性盘,2017-11-16,2017-11-16 10:02:42
10:02:45,10:02:45,66.88,0.01,443,2962784,买盘,2017-11-16,2017-11-16 10:02:45
10:02:48,10:02:48,66.88,--,254,1698752,买盘,2017-11-16,2017-11-16 10:02:48
10:02:51,10:02:51,66.9,0.02,136,909840,买盘,2017-11-16,2017-11-16 10:02:51
10:02:54,10:02:54,66.86,-0.04,114,762204,卖盘,2017-11-16,2017-11-16 10:02:54
10:02:57,10:02:57,66.92,0.06,99,662508,买盘,2017-11-16,2017-11-16 10:02:57
10:03:00,10:03:00,66.95,0.03,39,261105,买盘,2017-11-16,2017-11-16 10:03:00
10:03:03,10:03:03,66.95,--,117,783315,买盘,2017-11-16,2017-11-16 10:03:03
10:03:06,10:03:06,66.95,--,54,361530,买盘,2017-11-16,2017-11-16 10:03:06
10:03:09,10:03:09,66.95,--,1084,7257380,卖盘,2017-11-16,2017-11-16 10:03:09
10:03:12,10:03:12,66.96,0.01,553,3704628,中性盘,2017-11-16,2017-11-16 10:03:12
10:03:15,10:03:15,67.0,0.04,557,3736858,买盘,2017-11-16,2017-11-16 10:03:15
10:03:18,10:03:18,67.0,--,107,716900,买盘,2017-11-16,2017-11-16 10:03:18
10:03:21,10:03:21,67.0,--,195,1306500,买盘,2017-11-16,2017-11-16 10:03:21
10:03:24,10:03:24,67.01,0.01,574,3848585,买盘,2017-11-16,2017-11-16 10:03:24
10:03:27,10:03:27,67.0,-0.01,61,408700,卖盘,2017-11-16,2017-11-16 10:03:27
10:03:30,10:03:30,67.04,0.04,62,415648,买盘,2017-11-16,2017-11-16 10:03:30
10:03:33,10:03:33,67.03,-0.01,73,489319,中性盘,2017-11-16,2017-11-16 10:03:33
10:03:36,10:03:36,67.07,0.04,106,710941,买盘,2017-11-16,2017-11-16 10:03:36
10:03:39,10:03:39,67.02,-0.05,281,1883262,卖盘,2017-11-16,2017-11-16 10:03:39
10:03:42,10:03:42,67.02,--,110,737220,买盘,2017-11-16,2017-11-16 10:03:42
10:03:45,10:03:45,67.02,--,533,3572166,买盘,2017-11-16,2017-11-16 10:03:45
10:03:48,10:03:48,67.0,-0.02,182,1219400,卖盘,2017-11-16,2017-11-16 10:03:48
10:03:51,10:03:51,67.0,--,503,3374589,卖盘,2017-11-16,2017-11-16 10:03:51
10:03:54,10:03:54,66.88,-0.12,254,1698752,卖盘,2017-11-16,2017-11-16 10:03:54
10:03:57,10:03:57,66.9,0.02,216,1445040,中性盘,2017-11-16,2017-11-16 10:03:57
10:04:00,10:04:00,66.88,-0.02,60,401280,卖盘,2017-11-16,2017-11-16 10:04:00
10:04:03,10:04:03,66.88,--,149,996511,卖盘,2017-11-16,2017-11-16 10:04:03
10:04:06,10:04:06,66.97,0.09,205,1372885,买盘,2017-11-16,2017-11-16 10:04:06
10:04:09,10:04:09,66.89,-0.08,147,987965,卖盘,2017-11-16,2017-11-16 10:04:09
10:04:12,10:04:12,66.87,-0.02,109,730889,卖盘,2017-11-16,2017-11-16 10:04:12
10:04:15,10:04:15,66.87,--,71,477719,卖盘,2017-11-16,2017-11-16 10:04:15
10:04:18,10:04:18,66.88,0.01,36,240767,买盘,2017-11-16,2017-11-16 10:04:18
10:04:21,10:04:21,66.88,--,249,1665312,买盘,2017-11-16,2017-11-16 10:04:21
10:04:24,10:04:24,66.88,--,135,907561,买盘,2017-11-16,2017-11-16 10:04:24
10:04:27,10:04:27,66.86,-0.02,115,770895,卖盘,2017-11-16,2017-11-16 10:04:27
10:04:30,10:04:30,66.86,--,100,668600,买盘,2017-11-16,2017-11-16 10:04:30
10:04:33,10:04:33,66.85,-0.01,152,1019863,卖盘,2017-11-16,2017-11-16 10:04:33
10:04:36,10:04:36,66.83,-0.02,139,928937,卖盘,2017-11-16,2017-11-16 10:04:36
10:04:39,10:04:39,66.85,0.02,83,554855,买盘,2017-11-16,2017-11-16 10:04:39
10:04:42,10:04:42,66.83,-0.02,275,1837825,中性盘,2017-11-16,2017-11-16 10:04:42
10:04:45,10:04:45,66.82,-0.01,138,922115,卖盘,2017-11-16,2017-11-16 10:04:45
10:04:48,10:04:48,66.83,0.01,233,1557139,卖盘,2017-11-16,2017-11-16 10:04:48
10:04:51,10:04:51,66.83,--,131,875473,卖盘,2017-11-16,2017-11-16 10:04:51
10:04:54,10:04:54,66.83,--,199,1329917,卖盘,2017-11-16,2017-11-16 10:04:54
10:04:57,10:04:57,66.82,-0.01,187,1249533,卖盘,2017-11-16,2017-11-16 10:04:57
10:05:00,10:05:00,66.81,-0.01,115,768315,卖盘,2017-11-16,2017-11-16 10:05:00
10:05:03,10:05:03,66.82,0.01,135,902069,买盘,2017-11-16,2017-11-16 10:05:03
10:05:06,10:05:06,66.84,0.02,475,3174900,买盘,2017-11-16,2017-11-16 10:05:06
10:05:09,10:05:09,66.82,-0.02,147,987332,卖盘,2017-11-16,2017-11-16 10:05:09
10:05:12,10:05:12,66.83,0.01,552,3689016,买盘,2017-11-16,2017-11-16 10:05:12
10:05:15,10:05:15,66.82,-0.01,69,462661,卖盘,2017-11-16,2017-11-16 10:05:15
10:05:18,10:05:18,66.84,0.02,41,279992,买盘,2017-11-16,2017-11-16 10:05:18
10:05:21,10:05:21,66.84,--,76,507984,卖盘,2017-11-16,2017-11-16 10:05:21
10:05:24,10:05:24,66.84,--,75,501300,卖盘,2017-11-16,2017-11-16 10:05:24
10:05:27,10:05:27,66.81,-0.03,165,1102365,卖盘,2017-11-16,2017-11-16 10:05:27
10:05:30,10:05:30,66.8,-0.01,742,4962572,卖盘,2017-11-16,2017-11-16 10:05:30
10:05:33,10:05:33,66.84,0.04,311,2083536,买盘,2017-11-16,2017-11-16 10:05:33
10:05:36,10:05:36,66.83,-0.01,122,817197,买盘,2017-11-16,2017-11-16 10:05:36
10:05:39,10:05:39,66.79,-0.04,153,1021887,中性盘,2017-11-16,2017-11-16 10:05:39
10:05:42,10:05:42,66.77,-0.02,159,1061643,中性盘,2017-11-16,2017-11-16 10:05:42
10:05:45,10:05:45,66.8,0.03,62,416364,买盘,2017-11-16,2017-11-16 10:05:45
10:05:48,10:05:48,66.75,-0.05,310,2069250,卖盘,2017-11-16,2017-11-16 10:05:48
10:05:51,10:05:51,66.77,0.02,103,688198,买盘,2017-11-16,2017-11-16 10:05:51
10:05:54,10:05:54,66.77,--,148,988195,卖盘,2017-11-16,2017-11-16 10:05:54
10:05:57,10:05:57,66.77,--,485,3238345,卖盘,2017-11-16,2017-11-16 10:05:57
10:06:00,10:06:00,66.75,-0.02,220,1468500,卖盘,2017-11-16,2017-11-16 10:06:00
10:06:03,10:06:03,66.77,0.02,248,1655896,买盘,2017-11-16,2017-11-16 10:06:03
10:06:06,10:06:06,66.73,-0.04,87,580551,中性盘,2017-11-16,2017-11-16 10:06:06
10:06:09,10:06:09,66.75,0.02,145,967875,买盘,2017-11-16,2017-11-16 10:06:09
10:06:12,10:06:12,66.72,-0.03,144,960768,卖盘,2017-11-16,2017-11-16 10:06:12
10:06:15,10:06:15,66.72,--,357,2381904,卖盘,2017-11-16,2017-11-16 10:06:15
10:06:18,10:06:18,66.71,-0.01,414,2761793,卖盘,2017-11-16,2017-11-16 10:06:18
10:06:21,10:06:21,66.73,0.02,147,980931,买盘,2017-11-16,2017-11-16 10:06:21
10:06:24,10:06:24,66.73,--,68,453764,卖盘,2017-11-16,2017-11-16 10:06:24
10:06:27,10:06:27,66.75,0.02,67,447225,买盘,2017-11-16,2017-11-16 10:06:27
10:06:30,10:06:30,66.73,-0.02,245,1634885,卖盘,2017-11-16,2017-11-16 10:06:30
10:06:33,10:06:33,66.73,--,52,346996,买盘,2017-11-16,2017-11-16 10:06:33
10:06:36,10:06:36,66.73,--,146,974258,买盘,2017-11-16,2017-11-16 10:06:36
10:06:39,10:06:39,66.71,-0.02,195,1300844,卖盘,2017-11-16,2017-11-16 10:06:39
10:06:42,10:06:42,66.71,--,71,473640,买盘,2017-11-16,2017-11-16 10:06:42
10:06:45,10:06:45,66.69,-0.02,326,2174094,卖盘,2017-11-16,2017-11-16 10:06:45
10:06:48,10:06:48,66.7,0.01,36,240120,买盘,2017-11-16,2017-11-16 10:06:48
10:06:51,10:06:51,66.69,-0.01,68,453492,卖盘,2017-11-16,2017-11-16 10:06:51
10:06:54,10:06:54,66.7,0.01,194,1293980,买盘,2017-11-16,2017-11-16 10:06:54
10:06:57,10:06:57,66.69,-0.01,174,1160406,卖盘,2017-11-16,2017-11-16 10:06:57
10:07:00,10:07:00,66.7,0.01,382,2547940,买盘,2017-11-16,2017-11-16 10:07:00
10:07:03,10:07:03,66.69,-0.01,456,3041064,卖盘,2017-11-16,2017-11-16 10:07:03
10:07:06,10:07:06,66.69,--,601,4012070,卖盘,2017-11-16,2017-11-16 10:07:06
10:07:09,10:07:09,66.69,--,169,1127061,买盘,2017-11-16,2017-11-16 10:07:09
10:07:12,10:07:12,66.66,-0.03,124,826584,卖盘,2017-11-16,2017-11-16 10:07:12
10:07:15,10:07:15,66.66,--,185,1233210,卖盘,2017-11-16,2017-11-16 10:07:15
10:07:18,10:07:18,66.69,0.03,189,1264309,买盘,2017-11-16,2017-11-16 10:07:18
10:07:21,10:07:21,66.69,--,403,2690274,买盘,2017-11-16,2017-11-16 10:07:21
10:07:24,10:07:24,66.69,--,138,920322,卖盘,2017-11-16,2017-11-16 10:07:24
10:07:27,10:07:27,66.65,-0.04,234,1565941,卖盘,2017-11-16,2017-11-16 10:07:27
10:07:30,10:07:30,66.69,0.04,1556,10376964,买盘,2017-11-16,2017-11-16 10:07:30
10:07:33,10:07:33,66.66,-0.03,123,819918,买盘,2017-11-16,2017-11-16 10:07:33
10:07:36,10:07:36,66.67,0.01,87,580029,中性盘,2017-11-16,2017-11-16 10:07:36
10:07:39,10:07:39,66.7,0.03,348,2321626,买盘,2017-11-16,2017-11-16 10:07:39
10:07:42,10:07:42,66.71,0.01,280,1867879,买盘,2017-11-16,2017-11-16 10:07:42
10:07:45,10:07:45,66.7,-0.01,51,340170,卖盘,2017-11-16,2017-11-16 10:07:45
10:07:48,10:07:48,66.71,0.01,217,1448540,中性盘,2017-11-16,2017-11-16 10:07:48
10:07:51,10:07:51,66.75,0.04,196,1308300,买盘,2017-11-16,2017-11-16 10:07:51
10:07:54,10:07:54,66.84,0.09,1567,10473828,买盘,2017-11-16,2017-11-16 10:07:54
10:07:57,10:07:57,66.75,-0.09,17,113475,卖盘,2017-11-16,2017-11-16 10:07:57
10:08:00,10:08:00,66.75,--,22,146850,卖盘,2017-11-16,2017-11-16 10:08:00
10:08:03,10:08:03,66.85,0.1,145,969324,买盘,2017-11-16,2017-11-16 10:08:03
10:08:06,10:08:06,66.86,0.01,198,1326769,买盘,2017-11-16,2017-11-16 10:08:06
10:08:09,10:08:09,66.95,0.09,161,1077895,买盘,2017-11-16,2017-11-16 10:08:09
10:08:12,10:08:12,66.95,--,8,53560,买盘,2017-11-16,2017-11-16 10:08:12
10:08:15,10:08:15,66.96,0.01,92,616032,买盘,2017-11-16,2017-11-16 10:08:15
10:08:18,10:08:18,66.96,--,18,120527,卖盘,2017-11-16,2017-11-16 10:08:18
10:08:21,10:08:21,67.0,0.04,662,4435400,买盘,2017-11-16,2017-11-16 10:08:21
10:08:24,10:08:24,67.02,0.02,230,1541460,买盘,2017-11-16,2017-11-16 10:08:24
10:08:27,10:08:27,67.03,0.01,747,5007141,买盘,2017-11-16,2017-11-16 10:08:27
10:08:30,10:08:30,67.06,0.03,93,623658,买盘,2017-11-16,2017-11-16 10:08:30
10:08:33,10:08:33,67.06,--,137,918722,卖盘,2017-11-16,2017-11-16 10:08:33
10:08:36,10:08:36,67.15,0.09,286,1920490,买盘,2017-11-16,2017-11-16 10:08:36
10:08:39,10:08:39,67.1,-0.05,176,1180960,卖盘,2017-11-16,2017-11-16 10:08:39
10:08:42,10:08:42,67.18,0.08,57,382926,买盘,2017-11-16,2017-11-16 10:08:42
10:08:45,10:08:45,67.2,0.02,486,3265920,买盘,2017-11-16,2017-11-16 10:08:45
10:08:48,10:08:48,67.22,0.02,265,1781330,买盘,2017-11-16,2017-11-16 10:08:48
10:08:51,10:08:51,67.22,--,148,994856,卖盘,2017-11-16,2017-11-16 10:08:51
10:08:54,10:08:54,67.3,0.08,1119,7530870,买盘,2017-11-16,2017-11-16 10:08:54
10:08:57,10:08:57,67.34,0.04,119,801346,买盘,2017-11-16,2017-11-16 10:08:57
10:09:00,10:09:00,67.4,0.06,411,2770140,买盘,2017-11-16,2017-11-16 10:09:00
10:09:03,10:09:03,67.43,0.03,3121,21044903,买盘,2017-11-16,2017-11-16 10:09:03
10:09:06,10:09:06,67.5,0.07,428,2889000,买盘,2017-11-16,2017-11-16 10:09:06
10:09:09,10:09:09,67.5,--,550,3712500,买盘,2017-11-16,2017-11-16 10:09:09
10:09:12,10:09:12,67.49,-0.01,2107,14220142,卖盘,2017-11-16,2017-11-16 10:09:12
10:09:15,10:09:15,67.52,0.03,172,1162694,买盘,2017-11-16,2017-11-16 10:09:15
10:09:18,10:09:18,67.5,-0.02,395,2666250,卖盘,2017-11-16,2017-11-16 10:09:18
10:09:21,10:09:21,67.58,0.08,702,4744116,买盘,2017-11-16,2017-11-16 10:09:21
10:09:24,10:09:24,67.52,-0.06,691,4665632,中性盘,2017-11-16,2017-11-16 10:09:24
10:09:27,10:09:27,67.56,0.04,458,3094248,中性盘,2017-11-16,2017-11-16 10:09:27
10:09:30,10:09:30,67.54,-0.02,298,2012692,卖盘,2017-11-16,2017-11-16 10:09:30
10:09:33,10:09:33,67.55,0.01,998,6741490,买盘,2017-11-16,2017-11-16 10:09:33
10:09:36,10:09:36,67.5,-0.05,646,4365900,卖盘,2017-11-16,2017-11-16 10:09:36
10:09:39,10:09:39,67.45,-0.05,281,1895345,卖盘,2017-11-16,2017-11-16 10:09:39
10:09:42,10:09:42,67.35,-0.1,279,1879064,卖盘,2017-11-16,2017-11-16 10:09:42
10:09:45,10:09:45,67.33,-0.02,200,1346600,卖盘,2017-11-16,2017-11-16 10:09:45
10:09:48,10:09:48,67.39,0.06,42,283307,中性盘,2017-11-16,2017-11-16 10:09:48
10:09:51,10:09:51,67.4,0.01,146,984040,买盘,2017-11-16,2017-11-16 10:09:51
10:09:54,10:09:54,67.33,-0.07,175,1184738,卖盘,2017-11-16,2017-11-16 10:09:54
10:09:57,10:09:57,67.33,--,199,1339867,买盘,2017-11-16,2017-11-16 10:09:57
10:10:00,10:10:00,67.39,0.06,348,2345441,买盘,2017-11-16,2017-11-16 10:10:00
10:10:03,10:10:03,67.33,-0.06,170,1144610,卖盘,2017-11-16,2017-11-16 10:10:03
10:10:06,10:10:06,67.39,0.06,130,876070,买盘,2017-11-16,2017-11-16 10:10:06
10:10:09,10:10:09,67.38,-0.01,223,1508436,买盘,2017-11-16,2017-11-16 10:10:09
10:10:12,10:10:12,67.29,-0.09,174,1170846,卖盘,2017-11-16,2017-11-16 10:10:12
10:10:15,10:10:15,67.24,-0.05,312,2097888,卖盘,2017-11-16,2017-11-16 10:10:15
10:10:18,10:10:18,67.29,0.05,189,1276154,买盘,2017-11-16,2017-11-16 10:10:18
10:10:21,10:10:21,67.29,--,69,464301,买盘,2017-11-16,2017-11-16 10:10:21
10:10:24,10:10:24,67.27,-0.02,130,874510,中性盘,2017-11-16,2017-11-16 10:10:24
10:10:27,10:10:27,67.16,-0.11,224,1504384,卖盘,2017-11-16,2017-11-16 10:10:27
10:10:30,10:10:30,67.18,0.02,317,2129606,中性盘,2017-11-16,2017-11-16 10:10:30
10:10:33,10:10:33,67.16,-0.02,162,1087992,卖盘,2017-11-16,2017-11-16 10:10:33
10:10:36,10:10:36,67.17,0.01,88,591096,中性盘,2017-11-16,2017-11-16 10:10:36
10:10:39,10:10:39,67.18,0.01,202,1357036,买盘,2017-11-16,2017-11-16 10:10:39
10:10:42,10:10:42,67.18,--,217,1457806,卖盘,2017-11-16,2017-11-16 10:10:42
10:10:45,10:10:45,67.17,-0.01,329,2209893,卖盘,2017-11-16,2017-11-16 10:10:45
10:10:48,10:10:48,67.28,0.11,59,396952,买盘,2017-11-16,2017-11-16 10:10:48
10:10:51,10:10:51,67.19,-0.09,216,1451304,卖盘,2017-11-16,2017-11-16 10:10:51
10:10:54,10:10:54,67.18,-0.01,109,732262,卖盘,2017-11-16,2017-11-16 10:10:54
10:10:57,10:10:57,67.21,0.03,133,893892,中性盘,2017-11-16,2017-11-16 10:10:57
10:11:00,10:11:00,67.21,--,59,396538,买盘,2017-11-16,2017-11-16 10:11:00
10:11:03,10:11:03,67.22,0.01,187,1257014,卖盘,2017-11-16,2017-11-16 10:11:03
10:11:06,10:11:06,67.29,0.07,240,1614960,买盘,2017-11-16,2017-11-16 10:11:06
10:11:09,10:11:09,67.38,0.09,302,2034875,买盘,2017-11-16,2017-11-16 10:11:09
10:11:12,10:11:12,67.5,0.12,860,5805000,买盘,2017-11-16,2017-11-16 10:11:12
10:11:15,10:11:15,67.55,0.05,1281,8653155,买盘,2017-11-16,2017-11-16 10:11:15
10:11:18,10:11:18,67.57,0.02,187,1263558,中性盘,2017-11-16,2017-11-16 10:11:18
10:11:21,10:11:21,67.6,0.03,534,3609839,买盘,2017-11-16,2017-11-16 10:11:21
10:11:24,10:11:24,67.66,0.06,1026,6941916,买盘,2017-11-16,2017-11-16 10:11:24
10:11:27,10:11:27,67.71,0.05,407,2757151,买盘,2017-11-16,2017-11-16 10:11:27
10:11:30,10:11:30,67.76,0.05,281,1904056,买盘,2017-11-16,2017-11-16 10:11:30
10:11:33,10:11:33,67.72,-0.04,543,3677196,中性盘,2017-11-16,2017-11-16 10:11:33
10:11:36,10:11:36,67.76,0.04,719,4871944,中性盘,2017-11-16,2017-11-16 10:11:36
10:11:39,10:11:39,67.76,--,906,6139056,买盘,2017-11-16,2017-11-16 10:11:39
10:11:42,10:11:42,67.82,0.06,1204,8165527,买盘,2017-11-16,2017-11-16 10:11:42
10:11:45,10:11:45,67.79,-0.03,673,4562267,卖盘,2017-11-16,2017-11-16 10:11:45
10:11:48,10:11:48,67.81,0.02,535,3630547,买盘,2017-11-16,2017-11-16 10:11:48
10:11:51,10:11:51,67.8,-0.01,511,3464580,卖盘,2017-11-16,2017-11-16 10:11:51
10:11:54,10:11:54,67.77,-0.03,1463,9914751,卖盘,2017-11-16,2017-11-16 10:11:54
10:11:57,10:11:57,67.76,-0.01,740,5014240,卖盘,2017-11-16,2017-11-16 10:11:57
10:12:00,10:12:00,67.7,-0.06,683,4627972,卖盘,2017-11-16,2017-11-16 10:12:00
10:12:03,10:12:03,67.7,--,840,5686800,卖盘,2017-11-16,2017-11-16 10:12:03
10:12:06,10:12:06,67.66,-0.04,299,2023034,中性盘,2017-11-16,2017-11-16 10:12:06
10:12:09,10:12:09,67.65,-0.01,374,2530110,中性盘,2017-11-16,2017-11-16 10:12:09
10:12:12,10:12:12,67.63,-0.02,135,913004,中性盘,2017-11-16,2017-11-16 10:12:12
10:12:15,10:12:15,67.65,0.02,105,710325,买盘,2017-11-16,2017-11-16 10:12:15
10:12:18,10:12:18,67.61,-0.04,189,1277829,中性盘,2017-11-16,2017-11-16 10:12:18
10:12:21,10:12:21,67.6,-0.01,318,2149680,中性盘,2017-11-16,2017-11-16 10:12:21
10:12:24,10:12:24,67.6,--,846,5718959,卖盘,2017-11-16,2017-11-16 10:12:24
10:12:27,10:12:27,67.6,--,169,1142440,买盘,2017-11-16,2017-11-16 10:12:27
10:12:30,10:12:30,67.56,-0.04,170,1148520,卖盘,2017-11-16,2017-11-16 10:12:30
10:12:33,10:12:33,67.59,0.03,224,1514016,中性盘,2017-11-16,2017-11-16 10:12:33
10:12:36,10:12:36,67.56,-0.03,118,797208,中性盘,2017-11-16,2017-11-16 10:12:36
10:12:39,10:12:39,67.55,-0.01,171,1155105,卖盘,2017-11-16,2017-11-16 10:12:39
10:12:42,10:12:42,67.55,--,65,439075,买盘,2017-11-16,2017-11-16 10:12:42
10:12:45,10:12:45,67.52,-0.03,96,648192,中性盘,2017-11-16,2017-11-16 10:12:45
10:12:48,10:12:48,67.49,-0.03,134,904365,卖盘,2017-11-16,2017-11-16 10:12:48
10:12:51,10:12:51,67.5,0.01,114,769500,买盘,2017-11-16,2017-11-16 10:12:51
10:12:54,10:12:54,67.52,0.02,134,904768,买盘,2017-11-16,2017-11-16 10:12:54
10:12:57,10:12:57,67.48,-0.04,646,4359208,卖盘,2017-11-16,2017-11-16 10:12:57
10:13:00,10:13:00,67.5,0.02,218,1471500,中性盘,2017-11-16,2017-11-16 10:13:00
10:13:03,10:13:03,67.48,-0.02,139,937972,卖盘,2017-11-16,2017-11-16 10:13:03
10:13:06,10:13:06,67.48,--,53,357644,买盘,2017-11-16,2017-11-16 10:13:06
10:13:09,10:13:09,67.44,-0.04,90,606960,卖盘,2017-11-16,2017-11-16 10:13:09
10:13:12,10:13:12,67.41,-0.03,147,990927,卖盘,2017-11-16,2017-11-16 10:13:12
10:13:15,10:13:15,67.4,-0.01,50,337000,卖盘,2017-11-16,2017-11-16 10:13:15
10:13:18,10:13:18,67.44,0.04,214,1443216,买盘,2017-11-16,2017-11-16 10:13:18
10:13:21,10:13:21,67.4,-0.04,178,1199720,卖盘,2017-11-16,2017-11-16 10:13:21
10:13:24,10:13:24,67.48,0.08,72,485856,买盘,2017-11-16,2017-11-16 10:13:24
10:13:27,10:13:27,67.4,-0.08,199,1341260,卖盘,2017-11-16,2017-11-16 10:13:27
10:13:30,10:13:30,67.41,0.01,79,532539,买盘,2017-11-16,2017-11-16 10:13:30
10:13:33,10:13:33,67.41,--,61,411201,买盘,2017-11-16,2017-11-16 10:13:33
10:13:36,10:13:36,67.4,-0.01,113,761620,卖盘,2017-11-16,2017-11-16 10:13:36
10:13:39,10:13:39,67.4,--,63,424620,买盘,2017-11-16,2017-11-16 10:13:39
10:13:42,10:13:42,67.4,--,84,566160,买盘,2017-11-16,2017-11-16 10:13:42
10:13:45,10:13:45,67.4,--,250,1685000,买盘,2017-11-16,2017-11-16 10:13:45
10:13:48,10:13:48,67.44,0.04,111,748584,买盘,2017-11-16,2017-11-16 10:13:48
10:13:51,10:13:51,67.43,-0.01,195,1314885,卖盘,2017-11-16,2017-11-16 10:13:51
10:13:54,10:13:54,67.49,0.06,768,5183232,买盘,2017-11-16,2017-11-16 10:13:54
10:13:57,10:13:57,67.55,0.06,409,2762795,买盘,2017-11-16,2017-11-16 10:13:57
10:14:00,10:14:00,67.56,0.01,136,918816,买盘,2017-11-16,2017-11-16 10:14:00
10:14:03,10:14:03,67.56,--,41,276996,买盘,2017-11-16,2017-11-16 10:14:03
10:14:06,10:14:06,67.58,0.02,152,1027216,买盘,2017-11-16,2017-11-16 10:14:06
10:14:09,10:14:09,67.56,-0.02,109,736404,卖盘,2017-11-16,2017-11-16 10:14:09
10:14:12,10:14:12,67.6,0.04,360,2433600,买盘,2017-11-16,2017-11-16 10:14:12
10:14:15,10:14:15,67.63,0.03,189,1278207,买盘,2017-11-16,2017-11-16 10:14:15
10:14:18,10:14:18,67.61,-0.02,24,162264,卖盘,2017-11-16,2017-11-16 10:14:18
10:14:21,10:14:21,67.64,0.03,76,514064,买盘,2017-11-16,2017-11-16 10:14:21
10:14:24,10:14:24,67.63,-0.01,124,838612,卖盘,2017-11-16,2017-11-16 10:14:24
10:14:27,10:14:27,67.63,--,190,1284970,卖盘,2017-11-16,2017-11-16 10:14:27
10:14:30,10:14:30,67.63,--,184,1244392,卖盘,2017-11-16,2017-11-16 10:14:30
10:14:33,10:14:33,67.63,--,414,2799882,买盘,2017-11-16,2017-11-16 10:14:33
10:14:36,10:14:36,67.6,-0.03,181,1223560,卖盘,2017-11-16,2017-11-16 10:14:36
10:14:39,10:14:39,67.52,-0.08,152,1026303,中性盘,2017-11-16,2017-11-16 10:14:39
10:14:42,10:14:42,67.51,-0.01,242,1633742,卖盘,2017-11-16,2017-11-16 10:14:42
10:14:45,10:14:45,67.5,-0.01,245,1653750,卖盘,2017-11-16,2017-11-16 10:14:45
10:14:48,10:14:48,67.45,-0.05,123,829635,卖盘,2017-11-16,2017-11-16 10:14:48
10:14:51,10:14:51,67.46,0.01,133,897217,买盘,2017-11-16,2017-11-16 10:14:51
10:14:54,10:14:54,67.45,-0.01,210,1416450,中性盘,2017-11-16,2017-11-16 10:14:54
10:14:57,10:14:57,67.4,-0.05,92,620080,卖盘,2017-11-16,2017-11-16 10:14:57
10:15:00,10:15:00,67.45,0.05,168,1133160,买盘,2017-11-16,2017-11-16 10:15:00
10:15:03,10:15:03,67.4,-0.05,150,1012011,卖盘,2017-11-16,2017-11-16 10:15:03
10:15:06,10:15:06,67.4,--,80,544929,卖盘,2017-11-16,2017-11-16 10:15:06
10:15:09,10:15:09,67.45,0.05,155,1045475,买盘,2017-11-16,2017-11-16 10:15:09
10:15:12,10:15:12,67.44,-0.01,81,546264,买盘,2017-11-16,2017-11-16 10:15:12
10:15:15,10:15:15,67.4,-0.04,138,930861,卖盘,2017-11-16,2017-11-16 10:15:15
10:15:18,10:15:18,67.45,0.05,197,1328765,买盘,2017-11-16,2017-11-16 10:15:18
10:15:21,10:15:21,67.44,-0.01,134,903696,卖盘,2017-11-16,2017-11-16 10:15:21
10:15:24,10:15:24,67.44,--,157,1058808,卖盘,2017-11-16,2017-11-16 10:15:24
10:15:27,10:15:27,67.49,0.05,88,593912,买盘,2017-11-16,2017-11-16 10:15:27
10:15:30,10:15:30,67.46,-0.03,52,350791,中性盘,2017-11-16,2017-11-16 10:15:30
10:15:33,10:15:33,67.5,0.04,472,3186000,买盘,2017-11-16,2017-11-16 10:15:33
10:15:36,10:15:36,67.51,0.01,156,1053156,买盘,2017-11-16,2017-11-16 10:15:36
10:15:39,10:15:39,67.52,0.01,80,540160,中性盘,2017-11-16,2017-11-16 10:15:39
10:15:42,10:15:42,67.53,0.01,71,479463,卖盘,2017-11-16,2017-11-16 10:15:42
10:15:45,10:15:45,67.6,0.07,83,561080,买盘,2017-11-16,2017-11-16 10:15:45
10:15:48,10:15:48,67.54,-0.06,47,317438,卖盘,2017-11-16,2017-11-16 10:15:48
10:15:51,10:15:51,67.6,0.06,156,1054560,买盘,2017-11-16,2017-11-16 10:15:51
10:15:54,10:15:54,67.6,--,151,1023463,买盘,2017-11-16,2017-11-16 10:15:54
10:15:57,10:15:57,67.63,0.03,222,1501386,买盘,2017-11-16,2017-11-16 10:15:57
10:16:00,10:16:00,67.6,-0.03,256,1730559,卖盘,2017-11-16,2017-11-16 10:16:00
10:16:03,10:16:03,67.69,0.09,200,1353800,买盘,2017-11-16,2017-11-16 10:16:03
10:16:06,10:16:06,67.6,-0.09,107,723319,卖盘,2017-11-16,2017-11-16 10:16:06
10:16:09,10:16:09,67.6,--,74,500239,卖盘,2017-11-16,2017-11-16 10:16:09
10:16:12,10:16:12,67.63,0.03,120,811560,买盘,2017-11-16,2017-11-16 10:16:12
10:16:15,10:16:15,67.65,0.02,120,811800,中性盘,2017-11-16,2017-11-16 10:16:15
10:16:18,10:16:18,67.62,-0.03,358,2420796,中性盘,2017-11-16,2017-11-16 10:16:18
10:16:21,10:16:21,67.63,0.01,107,723641,买盘,2017-11-16,2017-11-16 10:16:21
10:16:24,10:16:24,67.66,0.03,245,1657670,买盘,2017-11-16,2017-11-16 10:16:24
10:16:27,10:16:27,67.66,--,191,1292306,买盘,2017-11-16,2017-11-16 10:16:27
10:16:30,10:16:30,67.64,-0.02,297,2008908,卖盘,2017-11-16,2017-11-16 10:16:30
10:16:33,10:16:33,67.66,0.02,235,1590010,买盘,2017-11-16,2017-11-16 10:16:33
10:16:36,10:16:36,67.63,-0.03,163,1102369,卖盘,2017-11-16,2017-11-16 10:16:36
10:16:39,10:16:39,67.63,--,113,764219,卖盘,2017-11-16,2017-11-16 10:16:39
10:16:42,10:16:42,67.64,0.01,255,1724820,买盘,2017-11-16,2017-11-16 10:16:42
10:16:45,10:16:45,67.64,--,257,1738348,买盘,2017-11-16,2017-11-16 10:16:45
10:16:48,10:16:48,67.6,-0.04,514,3474639,卖盘,2017-11-16,2017-11-16 10:16:48
10:16:51,10:16:51,67.6,--,91,615160,买盘,2017-11-16,2017-11-16 10:16:51
10:16:54,10:16:54,67.66,0.06,641,4337006,买盘,2017-11-16,2017-11-16 10:16:54
10:16:57,10:16:57,67.65,-0.01,114,771210,卖盘,2017-11-16,2017-11-16 10:16:57
10:17:00,10:17:00,67.6,-0.05,84,567840,卖盘,2017-11-16,2017-11-16 10:17:00
10:17:03,10:17:03,67.6,--,147,997099,卖盘,2017-11-16,2017-11-16 10:17:03
10:17:06,10:17:06,67.6,--,101,682760,买盘,2017-11-16,2017-11-16 10:17:06
10:17:09,10:17:09,67.58,-0.02,105,709590,中性盘,2017-11-16,2017-11-16 10:17:09
10:17:12,10:17:12,67.5,-0.08,350,2362500,卖盘,2017-11-16,2017-11-16 10:17:12
10:17:15,10:17:15,67.56,0.06,139,939084,买盘,2017-11-16,2017-11-16 10:17:15
10:17:18,10:17:18,67.53,-0.03,18,122904,卖盘,2017-11-16,2017-11-16 10:17:18
10:17:21,10:17:21,67.5,-0.03,164,1107000,卖盘,2017-11-16,2017-11-16 10:17:21
10:17:24,10:17:24,67.5,--,285,1925775,卖盘,2017-11-16,2017-11-16 10:17:24
10:17:27,10:17:27,67.5,--,193,1302750,买盘,2017-11-16,2017-11-16 10:17:27
10:17:30,10:17:30,67.49,-0.01,132,890867,中性盘,2017-11-16,2017-11-16 10:17:30
10:17:33,10:17:33,67.44,-0.05,328,2212032,卖盘,2017-11-16,2017-11-16 10:17:33
10:17:36,10:17:36,67.41,-0.03,423,2851443,卖盘,2017-11-16,2017-11-16 10:17:36
10:17:39,10:17:39,67.41,--,411,2771696,卖盘,2017-11-16,2017-11-16 10:17:39
10:17:42,10:17:42,67.49,0.08,289,1950460,买盘,2017-11-16,2017-11-16 10:17:42
10:17:45,10:17:45,67.41,-0.08,153,1031373,卖盘,2017-11-16,2017-11-16 10:17:45
10:17:48,10:17:48,67.44,0.03,204,1375776,买盘,2017-11-16,2017-11-16 10:17:48
10:17:51,10:17:51,67.49,0.05,116,782883,买盘,2017-11-16,2017-11-16 10:17:51
10:17:54,10:17:54,67.41,-0.08,241,1624581,卖盘,2017-11-16,2017-11-16 10:17:54
10:17:57,10:17:57,67.43,0.02,50,337150,买盘,2017-11-16,2017-11-16 10:17:57
10:18:00,10:18:00,67.41,-0.02,76,516360,卖盘,2017-11-16,2017-11-16 10:18:00
10:18:03,10:18:03,67.41,--,119,802179,卖盘,2017-11-16,2017-11-16 10:18:03
10:18:06,10:18:06,67.43,0.02,187,1260941,买盘,2017-11-16,2017-11-16 10:18:06
10:18:09,10:18:09,67.4,-0.03,311,2096140,卖盘,2017-11-16,2017-11-16 10:18:09
10:18:12,10:18:12,67.41,0.01,34,229194,买盘,2017-11-16,2017-11-16 10:18:12
10:18:15,10:18:15,67.4,-0.01,178,1200528,卖盘,2017-11-16,2017-11-16 10:18:15
10:18:18,10:18:18,67.39,-0.01,60,404340,卖盘,2017-11-16,2017-11-16 10:18:18
10:18:21,10:18:21,67.38,-0.01,421,2836698,卖盘,2017-11-16,2017-11-16 10:18:21
10:18:24,10:18:24,67.36,-0.02,45,303120,中性盘,2017-11-16,2017-11-16 10:18:24
10:18:27,10:18:27,67.3,-0.06,33,222090,卖盘,2017-11-16,2017-11-16 10:18:27
10:18:30,10:18:30,67.31,0.01,154,1036574,买盘,2017-11-16,2017-11-16 10:18:30
10:18:33,10:18:33,67.3,-0.01,207,1393110,卖盘,2017-11-16,2017-11-16 10:18:33
10:18:36,10:18:36,67.3,--,258,1736340,卖盘,2017-11-16,2017-11-16 10:18:36
10:18:39,10:18:39,67.3,--,190,1278700,卖盘,2017-11-16,2017-11-16 10:18:39
10:18:42,10:18:42,67.3,--,85,572050,买盘,2017-11-16,2017-11-16 10:18:42
10:18:45,10:18:45,67.24,-0.06,546,3671303,卖盘,2017-11-16,2017-11-16 10:18:45
10:18:48,10:18:48,67.23,-0.01,35,235305,卖盘,2017-11-16,2017-11-16 10:18:48
10:18:51,10:18:51,67.22,-0.01,375,2520750,卖盘,2017-11-16,2017-11-16 10:18:51
10:18:54,10:18:54,67.22,--,112,752864,卖盘,2017-11-16,2017-11-16 10:18:54
10:18:57,10:18:57,67.2,-0.02,385,2587200,卖盘,2017-11-16,2017-11-16 10:18:57
10:19:00,10:19:00,67.2,--,57,383040,买盘,2017-11-16,2017-11-16 10:19:00
10:19:03,10:19:03,67.18,-0.02,70,470260,卖盘,2017-11-16,2017-11-16 10:19:03
10:19:06,10:19:06,67.16,-0.02,69,463404,卖盘,2017-11-16,2017-11-16 10:19:06
10:19:09,10:19:09,67.16,--,120,805920,卖盘,2017-11-16,2017-11-16 10:19:09
10:19:12,10:19:12,67.15,-0.01,258,1732470,卖盘,2017-11-16,2017-11-16 10:19:12
10:19:15,10:19:15,67.11,-0.04,199,1335489,卖盘,2017-11-16,2017-11-16 10:19:15
10:19:18,10:19:18,67.14,0.03,86,577404,买盘,2017-11-16,2017-11-16 10:19:18
10:19:21,10:19:21,67.1,-0.04,65,436149,卖盘,2017-11-16,2017-11-16 10:19:21
10:19:24,10:19:24,67.1,--,83,556930,卖盘,2017-11-16,2017-11-16 10:19:24
10:19:27,10:19:27,67.1,--,279,1872089,卖盘,2017-11-16,2017-11-16 10:19:27
10:19:30,10:19:30,67.1,--,151,1013209,买盘,2017-11-16,2017-11-16 10:19:30
10:19:33,10:19:33,67.05,-0.05,125,838125,卖盘,2017-11-16,2017-11-16 10:19:33
10:19:36,10:19:36,67.03,-0.02,202,1354006,卖盘,2017-11-16,2017-11-16 10:19:36
10:19:39,10:19:39,67.03,--,56,375502,卖盘,2017-11-16,2017-11-16 10:19:39
10:19:42,10:19:42,67.02,-0.01,107,723681,卖盘,2017-11-16,2017-11-16 10:19:42
10:19:45,10:19:45,67.03,0.01,234,1568502,买盘,2017-11-16,2017-11-16 10:19:45
10:19:48,10:19:48,67.02,-0.01,150,1005299,中性盘,2017-11-16,2017-11-16 10:19:48
10:19:51,10:19:51,67.0,-0.02,286,1916200,卖盘,2017-11-16,2017-11-16 10:19:51
10:19:54,10:19:54,67.02,0.02,324,2171448,买盘,2017-11-16,2017-11-16 10:19:54
10:19:57,10:19:57,67.0,-0.02,166,1112200,卖盘,2017-11-16,2017-11-16 10:19:57
10:20:00,10:20:00,67.03,0.03,402,2694606,买盘,2017-11-16,2017-11-16 10:20:00
10:20:03,10:20:03,67.01,-0.02,202,1353602,卖盘,2017-11-16,2017-11-16 10:20:03
10:20:06,10:20:06,67.02,0.01,70,469140,买盘,2017-11-16,2017-11-16 10:20:06
10:20:09,10:20:09,67.01,-0.01,82,549482,卖盘,2017-11-16,2017-11-16 10:20:09
10:20:12,10:20:12,67.02,0.01,303,2030705,买盘,2017-11-16,2017-11-16 10:20:12
10:20:15,10:20:15,67.07,0.05,304,2044897,买盘,2017-11-16,2017-11-16 10:20:15
10:20:18,10:20:18,67.09,0.02,515,3455135,买盘,2017-11-16,2017-11-16 10:20:18
10:20:21,10:20:21,67.1,0.01,98,657580,买盘,2017-11-16,2017-11-16 10:20:21
10:20:24,10:20:24,67.1,--,40,268400,买盘,2017-11-16,2017-11-16 10:20:24
10:20:27,10:20:27,67.09,-0.01,172,1153948,卖盘,2017-11-16,2017-11-16 10:20:27
10:20:30,10:20:30,67.11,0.02,61,409371,买盘,2017-11-16,2017-11-16 10:20:30
10:20:33,10:20:33,67.13,0.02,47,315511,买盘,2017-11-16,2017-11-16 10:20:33
10:20:36,10:20:36,67.13,--,49,328937,中性盘,2017-11-16,2017-11-16 10:20:36
10:20:39,10:20:39,67.22,0.09,159,1068798,买盘,2017-11-16,2017-11-16 10:20:39
10:20:42,10:20:42,67.22,--,28,188216,买盘,2017-11-16,2017-11-16 10:20:42
10:20:45,10:20:45,67.19,-0.03,50,335950,卖盘,2017-11-16,2017-11-16 10:20:45
10:20:48,10:20:48,67.16,-0.03,106,711896,卖盘,2017-11-16,2017-11-16 10:20:48
10:20:51,10:20:51,67.2,0.04,95,638400,买盘,2017-11-16,2017-11-16 10:20:51
10:20:54,10:20:54,67.2,--,35,235200,买盘,2017-11-16,2017-11-16 10:20:54
10:20:57,10:20:57,67.23,0.03,376,2532217,买盘,2017-11-16,2017-11-16 10:20:57
10:21:00,10:21:00,67.25,0.02,27,181575,买盘,2017-11-16,2017-11-16 10:21:00
10:21:03,10:21:03,67.25,--,26,174850,卖盘,2017-11-16,2017-11-16 10:21:03
10:21:06,10:21:06,67.24,-0.01,141,948083,卖盘,2017-11-16,2017-11-16 10:21:06
10:21:09,10:21:09,67.28,0.04,52,349856,买盘,2017-11-16,2017-11-16 10:21:09
10:21:12,10:21:12,67.28,--,25,168200,买盘,2017-11-16,2017-11-16 10:21:12
10:21:15,10:21:15,67.25,-0.03,124,833900,卖盘,2017-11-16,2017-11-16 10:21:15
10:21:18,10:21:18,67.28,0.03,104,699712,买盘,2017-11-16,2017-11-16 10:21:18
10:21:21,10:21:21,67.26,-0.02,95,638970,卖盘,2017-11-16,2017-11-16 10:21:21
10:21:24,10:21:24,67.29,0.03,53,356637,买盘,2017-11-16,2017-11-16 10:21:24
10:21:27,10:21:27,67.3,0.01,72,484560,买盘,2017-11-16,2017-11-16 10:21:27
10:21:30,10:21:30,67.29,-0.01,47,316263,卖盘,2017-11-16,2017-11-16 10:21:30
10:21:33,10:21:33,67.3,0.01,32,215360,买盘,2017-11-16,2017-11-16 10:21:33
10:21:36,10:21:36,67.29,-0.01,60,403740,中性盘,2017-11-16,2017-11-16 10:21:36
10:21:39,10:21:39,67.34,0.05,150,1010100,买盘,2017-11-16,2017-11-16 10:21:39
10:21:42,10:21:42,67.34,--,128,861952,买盘,2017-11-16,2017-11-16 10:21:42
10:21:45,10:21:45,67.34,--,25,168350,中性盘,2017-11-16,2017-11-16 10:21:45
10:21:48,10:21:48,67.34,--,5,33670,卖盘,2017-11-16,2017-11-16 10:21:48
10:21:51,10:21:51,67.35,0.01,18,121229,买盘,2017-11-16,2017-11-16 10:21:51
10:21:54,10:21:54,67.3,-0.05,138,928740,卖盘,2017-11-16,2017-11-16 10:21:54
10:21:57,10:21:57,67.3,--,38,255740,卖盘,2017-11-16,2017-11-16 10:21:57
10:22:00,10:22:00,67.34,0.04,36,242424,中性盘,2017-11-16,2017-11-16 10:22:00
10:22:03,10:22:03,67.34,--,120,808080,买盘,2017-11-16,2017-11-16 10:22:03
10:22:06,10:22:06,67.31,-0.03,157,1056767,卖盘,2017-11-16,2017-11-16 10:22:06
10:22:09,10:22:09,67.3,-0.01,214,1440220,卖盘,2017-11-16,2017-11-16 10:22:09
10:22:12,10:22:12,67.3,--,114,767220,卖盘,2017-11-16,2017-11-16 10:22:12
10:22:15,10:22:15,67.26,-0.04,190,1277940,卖盘,2017-11-16,2017-11-16 10:22:15
10:22:18,10:22:18,67.22,-0.04,150,1013475,卖盘,2017-11-16,2017-11-16 10:22:18
10:22:21,10:22:21,67.22,--,12,80664,卖盘,2017-11-16,2017-11-16 10:22:21
10:22:24,10:22:24,67.2,-0.02,238,1600905,卖盘,2017-11-16,2017-11-16 10:22:24
10:22:27,10:22:27,67.2,--,195,1310400,买盘,2017-11-16,2017-11-16 10:22:27
10:22:30,10:22:30,67.18,-0.02,186,1249548,中性盘,2017-11-16,2017-11-16 10:22:30
10:22:33,10:22:33,67.15,-0.03,136,913240,卖盘,2017-11-16,2017-11-16 10:22:33
10:22:36,10:22:36,67.1,-0.05,321,2153910,卖盘,2017-11-16,2017-11-16 10:22:36
10:22:39,10:22:39,67.1,--,48,322080,卖盘,2017-11-16,2017-11-16 10:22:39
10:22:42,10:22:42,67.09,-0.01,71,476339,卖盘,2017-11-16,2017-11-16 10:22:42
10:22:45,10:22:45,67.1,0.01,30,206131,买盘,2017-11-16,2017-11-16 10:22:45
10:22:48,10:22:48,67.1,--,101,679588,买盘,2017-11-16,2017-11-16 10:22:48
10:22:51,10:22:51,67.09,-0.01,254,1704086,买盘,2017-11-16,2017-11-16 10:22:51
10:22:54,10:22:54,67.01,-0.08,40,268040,卖盘,2017-11-16,2017-11-16 10:22:54
10:22:57,10:22:57,67.05,0.04,966,6477030,买盘,2017-11-16,2017-11-16 10:22:57
10:23:00,10:23:00,66.98,-0.07,483,3239956,卖盘,2017-11-16,2017-11-16 10:23:00
10:23:03,10:23:03,66.98,--,48,322374,卖盘,2017-11-16,2017-11-16 10:23:03
10:23:06,10:23:06,66.99,0.01,76,509123,中性盘,2017-11-16,2017-11-16 10:23:06
10:23:09,10:23:09,66.98,-0.01,760,5091484,卖盘,2017-11-16,2017-11-16 10:23:09
10:23:12,10:23:12,66.89,-0.09,9,60201,卖盘,2017-11-16,2017-11-16 10:23:12
10:23:15,10:23:15,66.9,0.01,43,287670,买盘,2017-11-16,2017-11-16 10:23:15
10:23:18,10:23:18,66.85,-0.05,78,521429,卖盘,2017-11-16,2017-11-16 10:23:18
10:23:21,10:23:21,66.88,0.03,136,909567,买盘,2017-11-16,2017-11-16 10:23:21
10:23:24,10:23:24,66.83,-0.05,88,588104,卖盘,2017-11-16,2017-11-16 10:23:24
10:23:27,10:23:27,66.88,0.05,188,1262560,买盘,2017-11-16,2017-11-16 10:23:27
10:23:30,10:23:30,66.8,-0.08,70,467600,卖盘,2017-11-16,2017-11-16 10:23:30
10:23:33,10:23:33,66.83,0.03,171,1142793,买盘,2017-11-16,2017-11-16 10:23:33
10:23:36,10:23:36,66.8,-0.03,521,3481749,卖盘,2017-11-16,2017-11-16 10:23:36
10:23:39,10:23:39,66.75,-0.05,117,780975,卖盘,2017-11-16,2017-11-16 10:23:39
10:23:42,10:23:42,66.74,-0.01,34,227049,卖盘,2017-11-16,2017-11-16 10:23:42
10:23:45,10:23:45,66.78,0.04,62,420580,中性盘,2017-11-16,2017-11-16 10:23:45
10:23:48,10:23:48,66.74,-0.04,66,440483,卖盘,2017-11-16,2017-11-16 10:23:48
10:23:51,10:23:51,66.75,0.01,77,513975,买盘,2017-11-16,2017-11-16 10:23:51
10:23:54,10:23:54,66.72,-0.03,167,1114224,卖盘,2017-11-16,2017-11-16 10:23:54
10:23:57,10:23:57,66.72,--,219,1461168,中性盘,2017-11-16,2017-11-16 10:23:57
10:24:00,10:24:00,66.69,-0.03,125,833625,卖盘,2017-11-16,2017-11-16 10:24:00
10:24:03,10:24:03,66.69,--,68,453492,卖盘,2017-11-16,2017-11-16 10:24:03
10:24:06,10:24:06,66.7,0.01,481,3208270,买盘,2017-11-16,2017-11-16 10:24:06
10:24:09,10:24:09,66.75,0.05,961,6414675,买盘,2017-11-16,2017-11-16 10:24:09
10:24:12,10:24:12,66.8,0.05,278,1857040,买盘,2017-11-16,2017-11-16 10:24:12
10:24:15,10:24:15,66.78,-0.02,99,661122,中性盘,2017-11-16,2017-11-16 10:24:15
10:24:18,10:24:18,66.81,0.03,443,2964894,买盘,2017-11-16,2017-11-16 10:24:18
10:24:21,10:24:21,66.83,0.02,79,527957,买盘,2017-11-16,2017-11-16 10:24:21
10:24:24,10:24:24,66.81,-0.02,96,641376,卖盘,2017-11-16,2017-11-16 10:24:24
10:24:27,10:24:27,66.88,0.07,57,381617,买盘,2017-11-16,2017-11-16 10:24:27
10:24:30,10:24:30,66.86,-0.02,136,909296,中性盘,2017-11-16,2017-11-16 10:24:30
10:24:33,10:24:33,66.86,--,43,287498,卖盘,2017-11-16,2017-11-16 10:24:33
10:24:36,10:24:36,66.89,0.03,312,2086968,买盘,2017-11-16,2017-11-16 10:24:36
10:24:39,10:24:39,66.89,--,161,1076929,买盘,2017-11-16,2017-11-16 10:24:39
10:24:42,10:24:42,66.89,--,108,722412,买盘,2017-11-16,2017-11-16 10:24:42
10:24:45,10:24:45,66.92,0.03,400,2676800,买盘,2017-11-16,2017-11-16 10:24:45
10:24:48,10:24:48,66.9,-0.02,156,1043640,卖盘,2017-11-16,2017-11-16 10:24:48
10:24:51,10:24:51,66.93,0.03,58,388194,中性盘,2017-11-16,2017-11-16 10:24:51
10:24:54,10:24:54,66.97,0.04,15,100455,买盘,2017-11-16,2017-11-16 10:24:54
10:24:57,10:24:57,66.96,-0.01,366,2450736,中性盘,2017-11-16,2017-11-16 10:24:57
10:25:00,10:25:00,66.96,--,208,1392767,买盘,2017-11-16,2017-11-16 10:25:00
10:25:03,10:25:03,66.95,-0.01,60,401700,卖盘,2017-11-16,2017-11-16 10:25:03
10:25:06,10:25:06,66.95,--,112,749840,买盘,2017-11-16,2017-11-16 10:25:06
10:25:09,10:25:09,66.89,-0.06,183,1224087,卖盘,2017-11-16,2017-11-16 10:25:09
10:25:12,10:25:12,66.89,--,47,314383,买盘,2017-11-16,2017-11-16 10:25:12
10:25:15,10:25:15,66.93,0.04,150,1003950,买盘,2017-11-16,2017-11-16 10:25:15
10:25:18,10:25:18,66.95,0.02,142,950690,买盘,2017-11-16,2017-11-16 10:25:18
10:25:21,10:25:21,66.9,-0.05,228,1525320,卖盘,2017-11-16,2017-11-16 10:25:21
10:25:24,10:25:24,66.94,0.04,294,1968036,买盘,2017-11-16,2017-11-16 10:25:24
10:25:27,10:25:27,66.85,-0.09,73,488004,卖盘,2017-11-16,2017-11-16 10:25:27
10:25:30,10:25:30,66.85,--,59,394414,买盘,2017-11-16,2017-11-16 10:25:30
10:25:33,10:25:33,66.82,-0.03,64,427647,中性盘,2017-11-16,2017-11-16 10:25:33
10:25:36,10:25:36,66.82,--,60,400919,买盘,2017-11-16,2017-11-16 10:25:36
10:25:39,10:25:39,66.82,--,75,501149,买盘,2017-11-16,2017-11-16 10:25:39
10:25:42,10:25:42,66.82,--,260,1737319,买盘,2017-11-16,2017-11-16 10:25:42
10:25:45,10:25:45,66.82,--,99,661517,买盘,2017-11-16,2017-11-16 10:25:45
10:25:48,10:25:48,66.8,-0.02,179,1195720,卖盘,2017-11-16,2017-11-16 10:25:48
10:25:51,10:25:51,66.82,0.02,188,1256215,买盘,2017-11-16,2017-11-16 10:25:51
10:25:54,10:25:54,66.81,-0.01,43,287283,中性盘,2017-11-16,2017-11-16 10:25:54
10:25:57,10:25:57,66.81,--,69,460989,卖盘,2017-11-16,2017-11-16 10:25:57
10:26:00,10:26:00,66.81,--,336,2245751,卖盘,2017-11-16,2017-11-16 10:26:00
10:26:03,10:26:03,66.83,0.02,53,354199,买盘,2017-11-16,2017-11-16 10:26:03
10:26:06,10:26:06,66.85,0.02,628,4198180,买盘,2017-11-16,2017-11-16 10:26:06
10:26:09,10:26:09,66.81,-0.04,108,721548,卖盘,2017-11-16,2017-11-16 10:26:09
10:26:12,10:26:12,66.82,0.01,129,861977,买盘,2017-11-16,2017-11-16 10:26:12
10:26:15,10:26:15,66.82,--,42,280644,卖盘,2017-11-16,2017-11-16 10:26:15
10:26:18,10:26:18,66.82,--,145,968889,卖盘,2017-11-16,2017-11-16 10:26:18
10:26:21,10:26:21,66.82,--,112,748383,卖盘,2017-11-16,2017-11-16 10:26:21
10:26:24,10:26:24,66.85,0.03,311,2079034,买盘,2017-11-16,2017-11-16 10:26:24
10:26:27,10:26:27,66.85,--,134,895789,卖盘,2017-11-16,2017-11-16 10:26:27
10:26:30,10:26:30,66.88,0.03,252,1685376,买盘,2017-11-16,2017-11-16 10:26:30
10:26:33,10:26:33,66.88,--,27,180576,卖盘,2017-11-16,2017-11-16 10:26:33
10:26:36,10:26:36,66.9,0.02,72,481680,买盘,2017-11-16,2017-11-16 10:26:36
10:26:39,10:26:39,66.9,--,90,602100,买盘,2017-11-16,2017-11-16 10:26:39
10:26:42,10:26:42,66.91,0.01,41,274331,买盘,2017-11-16,2017-11-16 10:26:42
10:26:45,10:26:45,66.92,0.01,13,86996,买盘,2017-11-16,2017-11-16 10:26:45
10:26:48,10:26:48,66.92,--,51,341292,买盘,2017-11-16,2017-11-16 10:26:48
10:26:51,10:26:51,66.92,--,66,441672,卖盘,2017-11-16,2017-11-16 10:26:51
10:26:54,10:26:54,66.94,0.02,98,656012,中性盘,2017-11-16,2017-11-16 10:26:54
10:26:57,10:26:57,66.95,0.01,59,395005,买盘,2017-11-16,2017-11-16 10:26:57
10:27:00,10:27:00,66.98,0.03,53,354994,买盘,2017-11-16,2017-11-16 10:27:00
10:27:03,10:27:03,66.99,0.01,46,308154,买盘,2017-11-16,2017-11-16 10:27:03
10:27:06,10:27:06,66.99,--,27,180873,买盘,2017-11-16,2017-11-16 10:27:06
10:27:09,10:27:09,66.99,--,60,401939,买盘,2017-11-16,2017-11-16 10:27:09
10:27:12,10:27:12,67.0,0.01,203,1360100,买盘,2017-11-16,2017-11-16 10:27:12
10:27:15,10:27:15,67.0,--,61,408700,买盘,2017-11-16,2017-11-16 10:27:15
10:27:18,10:27:18,67.0,--,128,857600,买盘,2017-11-16,2017-11-16 10:27:18
10:27:21,10:27:21,67.0,--,122,817400,买盘,2017-11-16,2017-11-16 10:27:21
10:27:24,10:27:24,67.0,--,114,763800,买盘,2017-11-16,2017-11-16 10:27:24
10:27:27,10:27:27,67.0,--,177,1186771,买盘,2017-11-16,2017-11-16 10:27:27
10:27:30,10:27:30,67.0,--,182,1219400,买盘,2017-11-16,2017-11-16 10:27:30
10:27:33,10:27:33,67.05,0.05,103,690615,买盘,2017-11-16,2017-11-16 10:27:33
10:27:36,10:27:36,67.05,--,86,576630,买盘,2017-11-16,2017-11-16 10:27:36
10:27:39,10:27:39,67.07,0.02,25,167674,买盘,2017-11-16,2017-11-16 10:27:39
10:27:42,10:27:42,67.07,--,42,281694,买盘,2017-11-16,2017-11-16 10:27:42
10:27:45,10:27:45,67.07,--,44,295107,买盘,2017-11-16,2017-11-16 10:27:45
10:27:48,10:27:48,67.07,--,24,160967,卖盘,2017-11-16,2017-11-16 10:27:48
10:27:51,10:27:51,67.1,0.03,79,530090,买盘,2017-11-16,2017-11-16 10:27:51
10:27:54,10:27:54,67.1,--,114,764939,买盘,2017-11-16,2017-11-16 10:27:54
10:27:57,10:27:57,67.12,0.02,32,214784,买盘,2017-11-16,2017-11-16 10:27:57
10:28:00,10:28:00,67.15,0.03,63,423045,买盘,2017-11-16,2017-11-16 10:28:00
10:28:03,10:28:03,67.15,--,35,235025,买盘,2017-11-16,2017-11-16 10:28:03
10:28:06,10:28:06,67.12,-0.03,46,308752,卖盘,2017-11-16,2017-11-16 10:28:06
10:28:09,10:28:09,67.14,0.02,65,436410,买盘,2017-11-16,2017-11-16 10:28:09
10:28:12,10:28:12,67.13,-0.01,256,1718528,中性盘,2017-11-16,2017-11-16 10:28:12
10:28:15,10:28:15,67.1,-0.03,245,1643949,卖盘,2017-11-16,2017-11-16 10:28:15
10:28:18,10:28:18,67.09,-0.01,28,187852,卖盘,2017-11-16,2017-11-16 10:28:18
10:28:21,10:28:21,67.09,--,56,375704,卖盘,2017-11-16,2017-11-16 10:28:21
10:28:24,10:28:24,67.09,--,113,758117,卖盘,2017-11-16,2017-11-16 10:28:24
10:28:27,10:28:27,67.09,--,69,462921,卖盘,2017-11-16,2017-11-16 10:28:27
10:28:30,10:28:30,67.07,-0.02,65,435954,卖盘,2017-11-16,2017-11-16 10:28:30
10:28:33,10:28:33,67.05,-0.02,125,838125,卖盘,2017-11-16,2017-11-16 10:28:33
10:28:36,10:28:36,67.0,-0.05,308,2063600,卖盘,2017-11-16,2017-11-16 10:28:36
10:28:39,10:28:39,66.99,-0.01,51,341649,卖盘,2017-11-16,2017-11-16 10:28:39
10:28:42,10:28:42,66.97,-0.02,65,435305,卖盘,2017-11-16,2017-11-16 10:28:42
10:28:45,10:28:45,66.94,-0.03,61,408334,卖盘,2017-11-16,2017-11-16 10:28:45
10:28:48,10:28:48,66.9,-0.04,139,929910,卖盘,2017-11-16,2017-11-16 10:28:48
10:28:51,10:28:51,66.9,--,49,327810,买盘,2017-11-16,2017-11-16 10:28:51
10:28:54,10:28:54,66.9,--,66,441540,买盘,2017-11-16,2017-11-16 10:28:54
10:28:57,10:28:57,66.89,-0.01,140,936460,中性盘,2017-11-16,2017-11-16 10:28:57
10:29:00,10:29:00,66.88,-0.01,62,414656,卖盘,2017-11-16,2017-11-16 10:29:00
10:29:03,10:29:03,66.88,--,226,1511488,买盘,2017-11-16,2017-11-16 10:29:03
10:29:06,10:29:06,66.86,-0.02,63,421218,卖盘,2017-11-16,2017-11-16 10:29:06
10:29:09,10:29:09,66.85,-0.01,40,267400,中性盘,2017-11-16,2017-11-16 10:29:09
10:29:12,10:29:12,66.8,-0.05,43,287240,卖盘,2017-11-16,2017-11-16 10:29:12
10:29:15,10:29:15,66.82,0.02,51,340781,中性盘,2017-11-16,2017-11-16 10:29:15
10:29:18,10:29:18,66.82,--,225,1505320,卖盘,2017-11-16,2017-11-16 10:29:18
10:29:21,10:29:21,66.81,-0.01,88,587928,中性盘,2017-11-16,2017-11-16 10:29:21
10:29:24,10:29:24,66.8,-0.01,132,881760,卖盘,2017-11-16,2017-11-16 10:29:24
10:29:27,10:29:27,66.82,0.02,66,441011,买盘,2017-11-16,2017-11-16 10:29:27
10:29:30,10:29:30,66.81,-0.01,117,785551,中性盘,2017-11-16,2017-11-16 10:29:30
10:29:33,10:29:33,66.82,0.01,183,1228285,买盘,2017-11-16,2017-11-16 10:29:33
10:29:36,10:29:36,66.82,--,73,487785,卖盘,2017-11-16,2017-11-16 10:29:36
10:29:39,10:29:39,66.85,0.03,44,294140,买盘,2017-11-16,2017-11-16 10:29:39
10:29:42,10:29:42,66.86,0.01,72,481392,买盘,2017-11-16,2017-11-16 10:29:42
10:29:45,10:29:45,66.82,-0.04,120,803042,卖盘,2017-11-16,2017-11-16 10:29:45
10:29:48,10:29:48,66.81,-0.01,71,474351,卖盘,2017-11-16,2017-11-16 10:29:48
10:29:51,10:29:51,66.82,0.01,84,561288,买盘,2017-11-16,2017-11-16 10:29:51
10:29:54,10:29:54,66.8,-0.02,81,541080,卖盘,2017-11-16,2017-11-16 10:29:54
10:29:57,10:29:57,66.8,--,50,334000,卖盘,2017-11-16,2017-11-16 10:29:57
10:30:00,10:30:00,66.81,0.01,116,774996,买盘,2017-11-16,2017-11-16 10:30:00
10:30:03,10:30:03,66.8,-0.01,86,574480,卖盘,2017-11-16,2017-11-16 10:30:03
10:30:06,10:30:06,66.8,--,36,240480,买盘,2017-11-16,2017-11-16 10:30:06
10:30:09,10:30:09,66.8,--,171,1142280,买盘,2017-11-16,2017-11-16 10:30:09
10:30:12,10:30:12,66.81,0.01,23,153663,买盘,2017-11-16,2017-11-16 10:30:12
10:30:15,10:30:15,66.81,--,147,982107,买盘,2017-11-16,2017-11-16 10:30:15
10:30:18,10:30:18,66.81,--,59,394179,卖盘,2017-11-16,2017-11-16 10:30:18
10:30:21,10:30:21,66.85,0.04,59,394414,中性盘,2017-11-16,2017-11-16 10:30:21
10:30:24,10:30:24,66.86,0.01,40,267440,买盘,2017-11-16,2017-11-16 10:30:24
10:30:27,10:30:27,66.85,-0.01,29,198076,卖盘,2017-11-16,2017-11-16 10:30:27
10:30:30,10:30:30,66.86,0.01,104,695344,中性盘,2017-11-16,2017-11-16 10:30:30
10:30:33,10:30:33,66.88,0.02,19,127071,中性盘,2017-11-16,2017-11-16 10:30:33
10:30:36,10:30:36,66.89,0.01,125,836125,买盘,2017-11-16,2017-11-16 10:30:36
10:30:39,10:30:39,66.97,0.08,73,488881,买盘,2017-11-16,2017-11-16 10:30:39
10:30:42,10:30:42,66.98,0.01,49,328202,买盘,2017-11-16,2017-11-16 10:30:42
10:30:45,10:30:45,66.98,--,78,522444,买盘,2017-11-16,2017-11-16 10:30:45
10:30:48,10:30:48,66.98,--,47,314806,卖盘,2017-11-16,2017-11-16 10:30:48
10:30:51,10:30:51,66.99,0.01,25,167475,买盘,2017-11-16,2017-11-16 10:30:51
10:30:54,10:30:54,66.99,--,114,763685,买盘,2017-11-16,2017-11-16 10:30:54
10:30:57,10:30:57,66.99,--,143,957956,卖盘,2017-11-16,2017-11-16 10:30:57
10:31:00,10:31:00,67.0,0.01,256,1715669,买盘,2017-11-16,2017-11-16 10:31:00
10:31:03,10:31:03,67.0,--,15,100500,卖盘,2017-11-16,2017-11-16 10:31:03
10:31:06,10:31:06,67.02,0.02,11,73722,买盘,2017-11-16,2017-11-16 10:31:06
10:31:09,10:31:09,67.01,-0.01,94,629894,中性盘,2017-11-16,2017-11-16 10:31:09
10:31:12,10:31:12,67.02,0.01,20,134040,中性盘,2017-11-16,2017-11-16 10:31:12
10:31:15,10:31:15,67.0,-0.02,53,355100,卖盘,2017-11-16,2017-11-16 10:31:15
10:31:18,10:31:18,67.03,0.03,211,1414333,买盘,2017-11-16,2017-11-16 10:31:18
10:31:21,10:31:21,67.03,--,27,180981,卖盘,2017-11-16,2017-11-16 10:31:21
10:31:24,10:31:24,67.07,0.04,182,1220673,买盘,2017-11-16,2017-11-16 10:31:24
10:31:27,10:31:27,67.07,--,174,1172718,买盘,2017-11-16,2017-11-16 10:31:27
10:31:30,10:31:30,67.07,--,207,1388348,卖盘,2017-11-16,2017-11-16 10:31:30
10:31:33,10:31:33,67.08,0.01,106,711048,买盘,2017-11-16,2017-11-16 10:31:33
10:31:36,10:31:36,67.09,0.01,102,684318,买盘,2017-11-16,2017-11-16 10:31:36
10:31:39,10:31:39,67.08,-0.01,320,2146560,卖盘,2017-11-16,2017-11-16 10:31:39
10:31:42,10:31:42,67.08,--,40,268320,买盘,2017-11-16,2017-11-16 10:31:42
10:31:45,10:31:45,67.08,--,39,261612,买盘,2017-11-16,2017-11-16 10:31:45
10:31:48,10:31:48,67.07,-0.01,154,1032877,卖盘,2017-11-16,2017-11-16 10:31:48
10:31:51,10:31:51,67.02,-0.05,60,402120,卖盘,2017-11-16,2017-11-16 10:31:51
10:31:54,10:31:54,67.07,0.05,172,1153603,买盘,2017-11-16,2017-11-16 10:31:54
10:31:57,10:31:57,67.07,--,26,174381,买盘,2017-11-16,2017-11-16 10:31:57
10:32:00,10:32:00,67.01,-0.06,237,1588137,中性盘,2017-11-16,2017-11-16 10:32:00
10:32:03,10:32:03,67.04,0.03,62,415648,买盘,2017-11-16,2017-11-16 10:32:03
10:32:06,10:32:06,67.01,-0.03,51,342756,中性盘,2017-11-16,2017-11-16 10:32:06
10:32:09,10:32:09,66.99,-0.02,47,314853,中性盘,2017-11-16,2017-11-16 10:32:09
10:32:12,10:32:12,66.98,-0.01,43,288014,买盘,2017-11-16,2017-11-16 10:32:12
10:32:15,10:32:15,66.98,--,22,147356,买盘,2017-11-16,2017-11-16 10:32:15
10:32:18,10:32:18,66.88,-0.1,59,394592,卖盘,2017-11-16,2017-11-16 10:32:18
10:32:21,10:32:21,66.89,0.01,14,93646,中性盘,2017-11-16,2017-11-16 10:32:21
10:32:24,10:32:24,66.94,0.05,53,354782,买盘,2017-11-16,2017-11-16 10:32:24
10:32:27,10:32:27,66.95,0.01,282,1887990,买盘,2017-11-16,2017-11-16 10:32:27
10:32:30,10:32:30,66.95,--,24,160680,买盘,2017-11-16,2017-11-16 10:32:30
10:32:33,10:32:33,66.88,-0.07,206,1384349,卖盘,2017-11-16,2017-11-16 10:32:33
10:32:36,10:32:36,66.87,-0.01,126,842628,卖盘,2017-11-16,2017-11-16 10:32:36
10:32:39,10:32:39,66.88,0.01,261,1745567,买盘,2017-11-16,2017-11-16 10:32:39
10:32:42,10:32:42,66.88,--,15,100320,买盘,2017-11-16,2017-11-16 10:32:42
10:32:45,10:32:45,66.88,--,58,387904,买盘,2017-11-16,2017-11-16 10:32:45
10:32:48,10:32:48,66.87,-0.01,84,563580,卖盘,2017-11-16,2017-11-16 10:32:48
10:32:51,10:32:51,66.9,0.03,194,1304483,买盘,2017-11-16,2017-11-16 10:32:51
10:32:54,10:32:54,66.88,-0.02,276,1845887,卖盘,2017-11-16,2017-11-16 10:32:54
10:32:57,10:32:57,66.94,0.06,204,1365576,买盘,2017-11-16,2017-11-16 10:32:57
10:33:00,10:33:00,66.87,-0.07,86,575082,卖盘,2017-11-16,2017-11-16 10:33:00
10:33:03,10:33:03,66.87,--,132,887565,卖盘,2017-11-16,2017-11-16 10:33:03
10:33:06,10:33:06,66.87,--,53,354411,买盘,2017-11-16,2017-11-16 10:33:06
10:33:09,10:33:09,66.88,0.01,123,824429,买盘,2017-11-16,2017-11-16 10:33:09
10:33:12,10:33:12,66.87,-0.01,64,427968,卖盘,2017-11-16,2017-11-16 10:33:12
10:33:15,10:33:15,66.87,--,215,1442586,卖盘,2017-11-16,2017-11-16 10:33:15
10:33:18,10:33:18,66.87,--,35,234045,买盘,2017-11-16,2017-11-16 10:33:18
10:33:21,10:33:21,66.85,-0.02,186,1245214,卖盘,2017-11-16,2017-11-16 10:33:21
10:33:24,10:33:24,66.85,--,33,224081,卖盘,2017-11-16,2017-11-16 10:33:24
10:33:27,10:33:27,66.85,--,205,1370424,卖盘,2017-11-16,2017-11-16 10:33:27
10:33:30,10:33:30,66.9,0.05,57,381330,买盘,2017-11-16,2017-11-16 10:33:30
10:33:33,10:33:33,66.9,--,116,776040,卖盘,2017-11-16,2017-11-16 10:33:33
10:33:36,10:33:36,66.9,--,589,3940410,卖盘,2017-11-16,2017-11-16 10:33:36
10:33:39,10:33:39,67.0,0.1,946,6338200,买盘,2017-11-16,2017-11-16 10:33:39
10:33:42,10:33:42,67.01,0.01,156,1045356,买盘,2017-11-16,2017-11-16 10:33:42
10:33:45,10:33:45,67.0,-0.01,262,1761095,卖盘,2017-11-16,2017-11-16 10:33:45
10:33:48,10:33:48,67.03,0.03,49,328447,买盘,2017-11-16,2017-11-16 10:33:48
10:33:51,10:33:51,67.01,-0.02,250,1675250,卖盘,2017-11-16,2017-11-16 10:33:51
10:33:54,10:33:54,67.06,0.05,247,1656382,中性盘,2017-11-16,2017-11-16 10:33:54
10:33:57,10:33:57,67.08,0.02,654,4387032,卖盘,2017-11-16,2017-11-16 10:33:57
10:34:00,10:34:00,67.19,0.11,178,1195982,买盘,2017-11-16,2017-11-16 10:34:00
10:34:03,10:34:03,67.2,0.01,120,806400,买盘,2017-11-16,2017-11-16 10:34:03
10:34:06,10:34:06,67.2,--,120,806400,买盘,2017-11-16,2017-11-16 10:34:06
10:34:09,10:34:09,67.33,0.13,491,3305903,买盘,2017-11-16,2017-11-16 10:34:09
10:34:12,10:34:12,67.28,-0.05,62,417136,中性盘,2017-11-16,2017-11-16 10:34:12
10:34:15,10:34:15,67.34,0.06,28,188552,买盘,2017-11-16,2017-11-16 10:34:15
10:34:18,10:34:18,67.35,0.01,81,545535,买盘,2017-11-16,2017-11-16 10:34:18
10:34:21,10:34:21,67.35,--,74,498389,买盘,2017-11-16,2017-11-16 10:34:21
10:34:24,10:34:24,67.38,0.03,271,1825997,买盘,2017-11-16,2017-11-16 10:34:24
10:34:27,10:34:27,67.36,-0.02,1301,8763536,卖盘,2017-11-16,2017-11-16 10:34:27
10:34:30,10:34:30,67.39,0.03,136,916504,买盘,2017-11-16,2017-11-16 10:34:30
10:34:33,10:34:33,67.41,0.02,123,829143,买盘,2017-11-16,2017-11-16 10:34:33
10:34:36,10:34:36,67.38,-0.03,267,1799045,卖盘,2017-11-16,2017-11-16 10:34:36
10:34:39,10:34:39,67.5,0.12,162,1093500,买盘,2017-11-16,2017-11-16 10:34:39
10:34:42,10:34:42,67.49,-0.01,69,465680,中性盘,2017-11-16,2017-11-16 10:34:42
10:34:45,10:34:45,67.49,--,53,357697,买盘,2017-11-16,2017-11-16 10:34:45
10:34:48,10:34:48,67.5,0.01,243,1640250,买盘,2017-11-16,2017-11-16 10:34:48
10:34:51,10:34:51,67.5,--,296,1998000,买盘,2017-11-16,2017-11-16 10:34:51
10:34:54,10:34:54,67.5,--,507,3422250,买盘,2017-11-16,2017-11-16 10:34:54
10:34:57,10:34:57,67.44,-0.06,174,1173456,卖盘,2017-11-16,2017-11-16 10:34:57
10:35:00,10:35:00,67.5,0.06,203,1376190,买盘,2017-11-16,2017-11-16 10:35:00
10:35:03,10:35:03,67.44,-0.06,482,3251417,卖盘,2017-11-16,2017-11-16 10:35:03
10:35:06,10:35:06,67.4,-0.04,214,1442360,卖盘,2017-11-16,2017-11-16 10:35:06
10:35:09,10:35:09,67.45,0.05,64,431680,买盘,2017-11-16,2017-11-16 10:35:09
10:35:12,10:35:12,67.38,-0.07,47,316686,卖盘,2017-11-16,2017-11-16 10:35:12
10:35:15,10:35:15,67.35,-0.03,177,1192095,卖盘,2017-11-16,2017-11-16 10:35:15
10:35:18,10:35:18,67.34,-0.01,26,175084,卖盘,2017-11-16,2017-11-16 10:35:18
10:35:21,10:35:21,67.46,0.12,85,573410,买盘,2017-11-16,2017-11-16 10:35:21
10:35:24,10:35:24,67.28,-0.18,100,672800,卖盘,2017-11-16,2017-11-16 10:35:24
10:35:27,10:35:27,67.3,0.02,86,578780,买盘,2017-11-16,2017-11-16 10:35:27
10:35:30,10:35:30,67.3,--,87,585510,买盘,2017-11-16,2017-11-16 10:35:30
10:35:33,10:35:33,67.35,0.05,222,1495169,买盘,2017-11-16,2017-11-16 10:35:33
10:35:36,10:35:36,67.33,-0.02,37,249121,卖盘,2017-11-16,2017-11-16 10:35:36
10:35:39,10:35:39,67.3,-0.03,69,464370,卖盘,2017-11-16,2017-11-16 10:35:39
10:35:42,10:35:42,67.3,--,239,1608470,卖盘,2017-11-16,2017-11-16 10:35:42
10:35:45,10:35:45,67.3,--,149,1002770,买盘,2017-11-16,2017-11-16 10:35:45
10:35:48,10:35:48,67.32,0.02,47,316403,买盘,2017-11-16,2017-11-16 10:35:48
10:35:51,10:35:51,67.3,-0.02,178,1197940,卖盘,2017-11-16,2017-11-16 10:35:51
10:35:54,10:35:54,67.3,--,70,471100,中性盘,2017-11-16,2017-11-16 10:35:54
10:35:57,10:35:57,67.35,0.05,139,936164,买盘,2017-11-16,2017-11-16 10:35:57
10:36:00,10:36:00,67.35,--,24,161640,卖盘,2017-11-16,2017-11-16 10:36:00
10:36:03,10:36:03,67.35,--,110,740849,卖盘,2017-11-16,2017-11-16 10:36:03
10:36:06,10:36:06,67.4,0.05,163,1098620,买盘,2017-11-16,2017-11-16 10:36:06
10:36:09,10:36:09,67.35,-0.05,409,2754615,卖盘,2017-11-16,2017-11-16 10:36:09
10:36:12,10:36:12,67.38,0.03,132,889415,买盘,2017-11-16,2017-11-16 10:36:12
10:36:15,10:36:15,67.39,0.01,25,168475,买盘,2017-11-16,2017-11-16 10:36:15
10:36:18,10:36:18,67.39,--,72,485208,买盘,2017-11-16,2017-11-16 10:36:18
10:36:21,10:36:21,67.49,0.1,767,5176483,买盘,2017-11-16,2017-11-16 10:36:21
10:36:24,10:36:24,67.49,--,1103,7444146,卖盘,2017-11-16,2017-11-16 10:36:24
10:36:27,10:36:27,67.55,0.06,612,4134060,买盘,2017-11-16,2017-11-16 10:36:27
10:36:30,10:36:30,67.59,0.04,206,1392354,买盘,2017-11-16,2017-11-16 10:36:30
10:36:33,10:36:33,67.56,-0.03,194,1310664,中性盘,2017-11-16,2017-11-16 10:36:33
10:36:36,10:36:36,67.6,0.04,395,2670200,买盘,2017-11-16,2017-11-16 10:36:36
10:36:39,10:36:39,67.63,0.03,173,1175950,买盘,2017-11-16,2017-11-16 10:36:39
10:36:42,10:36:42,67.61,-0.02,53,358333,卖盘,2017-11-16,2017-11-16 10:36:42
10:36:45,10:36:45,67.66,0.05,259,1752394,买盘,2017-11-16,2017-11-16 10:36:45
10:36:48,10:36:48,67.66,--,129,872814,买盘,2017-11-16,2017-11-16 10:36:48
10:36:51,10:36:51,67.66,--,89,602174,买盘,2017-11-16,2017-11-16 10:36:51
10:36:54,10:36:54,67.7,0.04,3666,24818820,买盘,2017-11-16,2017-11-16 10:36:54
10:36:57,10:36:57,67.8,0.1,375,2542500,买盘,2017-11-16,2017-11-16 10:36:57
10:37:00,10:37:00,67.8,--,389,2637420,买盘,2017-11-16,2017-11-16 10:37:00
10:37:03,10:37:03,67.8,--,129,874620,买盘,2017-11-16,2017-11-16 10:37:03
10:37:06,10:37:06,67.75,-0.05,187,1266925,中性盘,2017-11-16,2017-11-16 10:37:06
