idx_time,time,price,change,volume,amount,type,date,date_time
09:25:03,09:25:03,8.62,8.62,463,399105,买盘,2017-06-27,2017-06-27 09:25:03
09:30:00,09:30:00,8.62,--,0,0,买盘,2017-06-27,2017-06-27 09:30:00
09:30:03,09:30:03,8.62,--,369,318078,买盘,2017-06-27,2017-06-27 09:30:03
09:30:06,09:30:06,8.62,--,22,18964,卖盘,2017-06-27,2017-06-27 09:30:06
09:30:09,09:30:09,8.63,0.01,5,4315,买盘,2017-06-27,2017-06-27 09:30:09
09:30:12,09:30:12,8.62,-0.01,2,1723,卖盘,2017-06-27,2017-06-27 09:30:12
09:30:21,09:30:21,8.63,0.01,31,26753,买盘,2017-06-27,2017-06-27 09:30:21
09:30:24,09:30:24,8.63,--,3,2589,卖盘,2017-06-27,2017-06-27 09:30:24
09:30:27,09:30:27,8.63,--,12,10356,卖盘,2017-06-27,2017-06-27 09:30:27
09:30:30,09:30:30,8.63,--,25,21575,卖盘,2017-06-27,2017-06-27 09:30:30
09:30:33,09:30:33,8.63,--,4,3452,卖盘,2017-06-27,2017-06-27 09:30:33
09:30:36,09:30:36,8.63,--,15,12945,卖盘,2017-06-27,2017-06-27 09:30:36
09:30:39,09:30:39,8.63,--,34,29342,卖盘,2017-06-27,2017-06-27 09:30:39
09:30:42,09:30:42,8.62,-0.01,9,7757,卖盘,2017-06-27,2017-06-27 09:30:42
09:30:45,09:30:45,8.62,--,1,861,卖盘,2017-06-27,2017-06-27 09:30:45
09:30:48,09:30:48,8.63,0.01,8,6904,买盘,2017-06-27,2017-06-27 09:30:48
09:30:51,09:30:51,8.62,-0.01,3,2585,卖盘,2017-06-27,2017-06-27 09:30:51
09:30:54,09:30:54,8.62,--,13,11205,卖盘,2017-06-27,2017-06-27 09:30:54
09:30:57,09:30:57,8.62,--,6,5171,卖盘,2017-06-27,2017-06-27 09:30:57
09:31:00,09:31:00,8.62,--,2,1723,卖盘,2017-06-27,2017-06-27 09:31:00
09:31:03,09:31:03,8.62,--,87,74994,卖盘,2017-06-27,2017-06-27 09:31:03
09:31:12,09:31:12,8.62,--,21,18102,卖盘,2017-06-27,2017-06-27 09:31:12
09:31:18,09:31:18,8.62,--,10,8620,买盘,2017-06-27,2017-06-27 09:31:18
09:31:21,09:31:21,8.62,--,6,5171,买盘,2017-06-27,2017-06-27 09:31:21
09:31:24,09:31:24,8.62,--,40,34480,买盘,2017-06-27,2017-06-27 09:31:24
09:31:27,09:31:27,8.6,-0.02,40,34400,卖盘,2017-06-27,2017-06-27 09:31:27
09:31:45,09:31:45,8.59,-0.01,4,3436,卖盘,2017-06-27,2017-06-27 09:31:45
09:31:48,09:31:48,8.59,--,44,37796,卖盘,2017-06-27,2017-06-27 09:31:48
09:32:00,09:32:00,8.58,-0.01,100,85800,卖盘,2017-06-27,2017-06-27 09:32:00
09:32:03,09:32:03,8.6,0.02,42,36120,买盘,2017-06-27,2017-06-27 09:32:03
09:32:12,09:32:12,8.59,-0.01,2,1718,买盘,2017-06-27,2017-06-27 09:32:12
09:32:15,09:32:15,8.58,-0.01,8,6864,卖盘,2017-06-27,2017-06-27 09:32:15
09:32:21,09:32:21,8.59,0.01,5,4295,买盘,2017-06-27,2017-06-27 09:32:21
09:32:24,09:32:24,8.58,-0.01,12,10296,卖盘,2017-06-27,2017-06-27 09:32:24
09:32:27,09:32:27,8.59,0.01,3,2577,买盘,2017-06-27,2017-06-27 09:32:27
09:32:36,09:32:36,8.59,--,5,4295,买盘,2017-06-27,2017-06-27 09:32:36
09:32:39,09:32:39,8.59,--,8,6872,买盘,2017-06-27,2017-06-27 09:32:39
09:32:42,09:32:42,8.58,-0.01,46,39468,卖盘,2017-06-27,2017-06-27 09:32:42
09:32:45,09:32:45,8.58,--,2,1716,买盘,2017-06-27,2017-06-27 09:32:45
09:32:48,09:32:48,8.58,--,2,1716,买盘,2017-06-27,2017-06-27 09:32:48
09:33:03,09:33:03,8.56,-0.02,1,856,卖盘,2017-06-27,2017-06-27 09:33:03
09:33:06,09:33:06,8.57,0.01,23,19711,中性盘,2017-06-27,2017-06-27 09:33:06
09:33:18,09:33:18,8.56,-0.01,50,42800,卖盘,2017-06-27,2017-06-27 09:33:18
09:33:21,09:33:21,8.57,0.01,3,2571,买盘,2017-06-27,2017-06-27 09:33:21
09:33:36,09:33:36,8.57,--,18,15426,买盘,2017-06-27,2017-06-27 09:33:36
09:33:39,09:33:39,8.57,--,12,10284,买盘,2017-06-27,2017-06-27 09:33:39
09:33:42,09:33:42,8.56,-0.01,23,19688,卖盘,2017-06-27,2017-06-27 09:33:42
09:33:48,09:33:48,8.56,--,29,24824,买盘,2017-06-27,2017-06-27 09:33:48
09:33:51,09:33:51,8.55,-0.01,155,132525,卖盘,2017-06-27,2017-06-27 09:33:51
09:33:54,09:33:54,8.55,--,51,43605,卖盘,2017-06-27,2017-06-27 09:33:54
09:33:57,09:33:57,8.55,--,3,2565,卖盘,2017-06-27,2017-06-27 09:33:57
09:34:03,09:34:03,8.55,--,20,17100,卖盘,2017-06-27,2017-06-27 09:34:03
09:34:06,09:34:06,8.55,--,5,4275,卖盘,2017-06-27,2017-06-27 09:34:06
09:34:09,09:34:09,8.55,--,63,53865,卖盘,2017-06-27,2017-06-27 09:34:09
09:34:12,09:34:12,8.56,0.01,2,1712,买盘,2017-06-27,2017-06-27 09:34:12
09:34:18,09:34:18,8.56,--,13,11128,买盘,2017-06-27,2017-06-27 09:34:18
09:34:21,09:34:21,8.56,--,10,8560,卖盘,2017-06-27,2017-06-27 09:34:21
09:34:24,09:34:24,8.56,--,11,9416,卖盘,2017-06-27,2017-06-27 09:34:24
09:34:27,09:34:27,8.57,0.01,50,42850,买盘,2017-06-27,2017-06-27 09:34:27
09:34:33,09:34:33,8.57,--,12,10284,买盘,2017-06-27,2017-06-27 09:34:33
09:34:39,09:34:39,8.57,--,13,11141,买盘,2017-06-27,2017-06-27 09:34:39
09:34:42,09:34:42,8.57,--,6,5142,卖盘,2017-06-27,2017-06-27 09:34:42
09:34:45,09:34:45,8.57,--,45,38565,卖盘,2017-06-27,2017-06-27 09:34:45
09:34:51,09:34:51,8.57,--,5,4285,中性盘,2017-06-27,2017-06-27 09:34:51
09:34:54,09:34:54,8.57,--,1,857,买盘,2017-06-27,2017-06-27 09:34:54
09:35:03,09:35:03,8.57,--,54,46278,卖盘,2017-06-27,2017-06-27 09:35:03
09:35:06,09:35:06,8.57,--,6,5142,卖盘,2017-06-27,2017-06-27 09:35:06
09:35:09,09:35:09,8.57,--,15,12855,卖盘,2017-06-27,2017-06-27 09:35:09
09:35:18,09:35:18,8.57,--,82,70274,卖盘,2017-06-27,2017-06-27 09:35:18
09:35:27,09:35:27,8.57,--,25,21425,卖盘,2017-06-27,2017-06-27 09:35:27
09:35:33,09:35:33,8.58,0.01,38,32604,买盘,2017-06-27,2017-06-27 09:35:33
09:35:36,09:35:36,8.58,--,34,29172,卖盘,2017-06-27,2017-06-27 09:35:36
09:35:42,09:35:42,8.58,--,5,4290,买盘,2017-06-27,2017-06-27 09:35:42
09:35:45,09:35:45,8.58,--,21,18018,买盘,2017-06-27,2017-06-27 09:35:45
09:35:54,09:35:54,8.58,--,45,38610,卖盘,2017-06-27,2017-06-27 09:35:54
09:36:00,09:36:00,8.59,0.01,22,18898,买盘,2017-06-27,2017-06-27 09:36:00
09:36:09,09:36:09,8.58,-0.01,7,6006,卖盘,2017-06-27,2017-06-27 09:36:09
09:36:15,09:36:15,8.59,0.01,5,4295,买盘,2017-06-27,2017-06-27 09:36:15
09:36:21,09:36:21,8.58,-0.01,1,858,卖盘,2017-06-27,2017-06-27 09:36:21
09:36:24,09:36:24,8.59,0.01,50,42950,买盘,2017-06-27,2017-06-27 09:36:24
09:36:27,09:36:27,8.59,--,64,54976,买盘,2017-06-27,2017-06-27 09:36:27
09:36:36,09:36:36,8.59,--,49,42091,买盘,2017-06-27,2017-06-27 09:36:36
09:36:39,09:36:39,8.58,-0.01,45,38610,卖盘,2017-06-27,2017-06-27 09:36:39
09:36:45,09:36:45,8.59,0.01,50,42950,买盘,2017-06-27,2017-06-27 09:36:45
09:36:57,09:36:57,8.58,-0.01,3,2574,卖盘,2017-06-27,2017-06-27 09:36:57
09:37:06,09:37:06,8.59,0.01,10,8590,买盘,2017-06-27,2017-06-27 09:37:06
09:37:09,09:37:09,8.58,-0.01,100,85800,卖盘,2017-06-27,2017-06-27 09:37:09
09:37:12,09:37:12,8.59,0.01,65,55835,买盘,2017-06-27,2017-06-27 09:37:12
09:37:15,09:37:15,8.58,-0.01,89,76362,卖盘,2017-06-27,2017-06-27 09:37:15
09:37:21,09:37:21,8.57,-0.01,42,35994,卖盘,2017-06-27,2017-06-27 09:37:21
09:37:27,09:37:27,8.58,0.01,10,8580,买盘,2017-06-27,2017-06-27 09:37:27
09:37:30,09:37:30,8.57,-0.01,1,857,卖盘,2017-06-27,2017-06-27 09:37:30
09:37:33,09:37:33,8.58,0.01,3,2574,买盘,2017-06-27,2017-06-27 09:37:33
09:37:36,09:37:36,8.58,--,50,42900,买盘,2017-06-27,2017-06-27 09:37:36
09:37:45,09:37:45,8.58,--,13,11154,买盘,2017-06-27,2017-06-27 09:37:45
09:37:48,09:37:48,8.58,--,52,44616,买盘,2017-06-27,2017-06-27 09:37:48
09:37:51,09:37:51,8.58,--,6,5148,买盘,2017-06-27,2017-06-27 09:37:51
09:37:57,09:37:57,8.58,--,170,145860,买盘,2017-06-27,2017-06-27 09:37:57
09:38:03,09:38:03,8.58,--,30,25740,卖盘,2017-06-27,2017-06-27 09:38:03
09:38:06,09:38:06,8.58,--,3,2574,买盘,2017-06-27,2017-06-27 09:38:06
09:38:12,09:38:12,8.57,-0.01,121,103697,卖盘,2017-06-27,2017-06-27 09:38:12
09:38:15,09:38:15,8.58,0.01,53,45474,买盘,2017-06-27,2017-06-27 09:38:15
09:38:21,09:38:21,8.57,-0.01,50,42850,中性盘,2017-06-27,2017-06-27 09:38:21
09:38:24,09:38:24,8.56,-0.01,4,3424,卖盘,2017-06-27,2017-06-27 09:38:24
09:38:30,09:38:30,8.56,--,1,856,卖盘,2017-06-27,2017-06-27 09:38:30
09:38:33,09:38:33,8.56,--,145,124120,卖盘,2017-06-27,2017-06-27 09:38:33
09:38:36,09:38:36,8.56,--,4,3424,卖盘,2017-06-27,2017-06-27 09:38:36
09:38:39,09:38:39,8.56,--,65,55640,卖盘,2017-06-27,2017-06-27 09:38:39
09:38:45,09:38:45,8.55,-0.01,171,146205,卖盘,2017-06-27,2017-06-27 09:38:45
09:38:54,09:38:54,8.55,--,10,8550,买盘,2017-06-27,2017-06-27 09:38:54
09:38:57,09:38:57,8.54,-0.01,7,5977,卖盘,2017-06-27,2017-06-27 09:38:57
09:39:03,09:39:03,8.54,--,82,70028,卖盘,2017-06-27,2017-06-27 09:39:03
09:39:06,09:39:06,8.54,--,1,853,卖盘,2017-06-27,2017-06-27 09:39:06
09:39:09,09:39:09,8.55,0.01,116,99180,买盘,2017-06-27,2017-06-27 09:39:09
09:39:12,09:39:12,8.54,-0.01,25,21349,卖盘,2017-06-27,2017-06-27 09:39:12
09:39:15,09:39:15,8.54,--,38,32451,买盘,2017-06-27,2017-06-27 09:39:15
09:39:18,09:39:18,8.54,--,9,7685,买盘,2017-06-27,2017-06-27 09:39:18
09:39:24,09:39:24,8.53,-0.01,124,105771,卖盘,2017-06-27,2017-06-27 09:39:24
09:39:27,09:39:27,8.54,0.01,210,179339,买盘,2017-06-27,2017-06-27 09:39:27
09:39:30,09:39:30,8.53,-0.01,77,65681,卖盘,2017-06-27,2017-06-27 09:39:30
09:39:33,09:39:33,8.53,--,1,852,买盘,2017-06-27,2017-06-27 09:39:33
09:39:36,09:39:36,8.52,-0.01,2,1704,卖盘,2017-06-27,2017-06-27 09:39:36
09:39:42,09:39:42,8.52,--,21,17892,卖盘,2017-06-27,2017-06-27 09:39:42
09:39:45,09:39:45,8.51,-0.01,36,30636,卖盘,2017-06-27,2017-06-27 09:39:45
09:39:51,09:39:51,8.51,--,15,12765,卖盘,2017-06-27,2017-06-27 09:39:51
09:39:54,09:39:54,8.51,--,153,130203,卖盘,2017-06-27,2017-06-27 09:39:54
09:39:57,09:39:57,8.51,--,3,2553,卖盘,2017-06-27,2017-06-27 09:39:57
09:40:00,09:40:00,8.51,--,110,93610,卖盘,2017-06-27,2017-06-27 09:40:00
09:40:03,09:40:03,8.52,0.01,4,3408,买盘,2017-06-27,2017-06-27 09:40:03
09:40:06,09:40:06,8.51,-0.01,92,78292,卖盘,2017-06-27,2017-06-27 09:40:06
09:40:09,09:40:09,8.52,0.01,91,77532,买盘,2017-06-27,2017-06-27 09:40:09
09:40:15,09:40:15,8.52,--,3,2556,卖盘,2017-06-27,2017-06-27 09:40:15
09:40:18,09:40:18,8.52,--,29,24708,卖盘,2017-06-27,2017-06-27 09:40:18
09:40:24,09:40:24,8.52,--,136,115872,卖盘,2017-06-27,2017-06-27 09:40:24
09:40:27,09:40:27,8.51,-0.01,5,4255,卖盘,2017-06-27,2017-06-27 09:40:27
09:40:30,09:40:30,8.52,0.01,5,4260,买盘,2017-06-27,2017-06-27 09:40:30
09:40:36,09:40:36,8.51,-0.01,15,12765,卖盘,2017-06-27,2017-06-27 09:40:36
09:40:39,09:40:39,8.51,--,87,74037,卖盘,2017-06-27,2017-06-27 09:40:39
09:40:42,09:40:42,8.52,0.01,96,81792,买盘,2017-06-27,2017-06-27 09:40:42
09:40:45,09:40:45,8.51,-0.01,22,18722,卖盘,2017-06-27,2017-06-27 09:40:45
09:40:48,09:40:48,8.53,0.02,83,70799,买盘,2017-06-27,2017-06-27 09:40:48
09:40:51,09:40:51,8.53,--,7,5971,卖盘,2017-06-27,2017-06-27 09:40:51
09:40:54,09:40:54,8.51,-0.02,5,4255,卖盘,2017-06-27,2017-06-27 09:40:54
09:41:03,09:41:03,8.53,0.02,14,11942,中性盘,2017-06-27,2017-06-27 09:41:03
09:41:06,09:41:06,8.52,-0.01,56,47712,卖盘,2017-06-27,2017-06-27 09:41:06
09:41:09,09:41:09,8.52,--,2,1704,买盘,2017-06-27,2017-06-27 09:41:09
09:41:12,09:41:12,8.52,--,12,10224,买盘,2017-06-27,2017-06-27 09:41:12
09:41:15,09:41:15,8.52,--,6,5112,卖盘,2017-06-27,2017-06-27 09:41:15
09:41:30,09:41:30,8.52,--,39,33228,卖盘,2017-06-27,2017-06-27 09:41:30
09:41:33,09:41:33,8.53,0.01,1,852,买盘,2017-06-27,2017-06-27 09:41:33
09:41:39,09:41:39,8.53,--,107,91271,买盘,2017-06-27,2017-06-27 09:41:39
09:41:42,09:41:42,8.52,-0.01,20,17040,卖盘,2017-06-27,2017-06-27 09:41:42
09:41:48,09:41:48,8.52,--,27,23004,卖盘,2017-06-27,2017-06-27 09:41:48
09:41:51,09:41:51,8.52,--,21,17892,卖盘,2017-06-27,2017-06-27 09:41:51
09:42:03,09:42:03,8.52,--,4,3408,卖盘,2017-06-27,2017-06-27 09:42:03
09:42:06,09:42:06,8.53,0.01,50,42650,买盘,2017-06-27,2017-06-27 09:42:06
09:42:21,09:42:21,8.53,--,94,80182,买盘,2017-06-27,2017-06-27 09:42:21
09:42:24,09:42:24,8.53,--,5,4265,买盘,2017-06-27,2017-06-27 09:42:24
09:42:27,09:42:27,8.53,--,41,34973,买盘,2017-06-27,2017-06-27 09:42:27
09:42:30,09:42:30,8.53,--,25,21325,卖盘,2017-06-27,2017-06-27 09:42:30
09:42:36,09:42:36,8.53,--,15,12794,卖盘,2017-06-27,2017-06-27 09:42:36
09:42:42,09:42:42,8.53,--,1,852,卖盘,2017-06-27,2017-06-27 09:42:42
09:42:45,09:42:45,8.53,--,33,28148,卖盘,2017-06-27,2017-06-27 09:42:45
09:42:51,09:42:51,8.53,--,11,9383,买盘,2017-06-27,2017-06-27 09:42:51
09:43:00,09:43:00,8.53,--,2,1705,买盘,2017-06-27,2017-06-27 09:43:00
09:43:03,09:43:03,8.52,-0.01,20,17040,卖盘,2017-06-27,2017-06-27 09:43:03
09:43:09,09:43:09,8.51,-0.01,468,398268,卖盘,2017-06-27,2017-06-27 09:43:09
09:43:15,09:43:15,8.52,0.01,5,4260,中性盘,2017-06-27,2017-06-27 09:43:15
09:43:24,09:43:24,8.51,-0.01,11,9361,卖盘,2017-06-27,2017-06-27 09:43:24
09:43:27,09:43:27,8.51,--,12,10212,卖盘,2017-06-27,2017-06-27 09:43:27
09:43:30,09:43:30,8.51,--,16,13616,卖盘,2017-06-27,2017-06-27 09:43:30
09:43:33,09:43:33,8.52,0.01,3,2556,买盘,2017-06-27,2017-06-27 09:43:33
09:43:39,09:43:39,8.51,-0.01,8,6808,卖盘,2017-06-27,2017-06-27 09:43:39
09:43:42,09:43:42,8.51,--,42,35742,卖盘,2017-06-27,2017-06-27 09:43:42
09:43:45,09:43:45,8.51,--,102,86802,卖盘,2017-06-27,2017-06-27 09:43:45
09:43:48,09:43:48,8.51,--,15,12765,卖盘,2017-06-27,2017-06-27 09:43:48
09:43:54,09:43:54,8.51,--,63,53613,卖盘,2017-06-27,2017-06-27 09:43:54
09:43:57,09:43:57,8.51,--,48,40848,卖盘,2017-06-27,2017-06-27 09:43:57
09:44:00,09:44:00,8.5,-0.01,338,287300,卖盘,2017-06-27,2017-06-27 09:44:00
09:44:03,09:44:03,8.51,0.01,7,5957,买盘,2017-06-27,2017-06-27 09:44:03
09:44:06,09:44:06,8.51,--,33,28083,买盘,2017-06-27,2017-06-27 09:44:06
09:44:09,09:44:09,8.5,-0.01,67,56950,卖盘,2017-06-27,2017-06-27 09:44:09
09:44:15,09:44:15,8.51,0.01,50,42550,中性盘,2017-06-27,2017-06-27 09:44:15
09:44:18,09:44:18,8.5,-0.01,85,72250,卖盘,2017-06-27,2017-06-27 09:44:18
09:44:24,09:44:24,8.5,--,154,130900,卖盘,2017-06-27,2017-06-27 09:44:24
09:44:27,09:44:27,8.51,0.01,10,8510,买盘,2017-06-27,2017-06-27 09:44:27
09:44:30,09:44:30,8.5,-0.01,62,52700,卖盘,2017-06-27,2017-06-27 09:44:30
09:44:42,09:44:42,8.5,--,70,59500,卖盘,2017-06-27,2017-06-27 09:44:42
09:44:45,09:44:45,8.5,--,47,39950,卖盘,2017-06-27,2017-06-27 09:44:45
09:44:48,09:44:48,8.5,--,8,6800,买盘,2017-06-27,2017-06-27 09:44:48
09:44:51,09:44:51,8.5,--,21,17850,买盘,2017-06-27,2017-06-27 09:44:51
09:44:54,09:44:54,8.49,-0.01,68,57732,卖盘,2017-06-27,2017-06-27 09:44:54
09:44:57,09:44:57,8.5,0.01,79,67150,买盘,2017-06-27,2017-06-27 09:44:57
09:45:00,09:45:00,8.49,-0.01,10,8490,卖盘,2017-06-27,2017-06-27 09:45:00
09:45:03,09:45:03,8.49,--,90,76410,卖盘,2017-06-27,2017-06-27 09:45:03
09:45:12,09:45:12,8.49,--,8,6792,卖盘,2017-06-27,2017-06-27 09:45:12
09:45:15,09:45:15,8.49,--,34,28866,卖盘,2017-06-27,2017-06-27 09:45:15
09:45:18,09:45:18,8.49,--,19,16131,买盘,2017-06-27,2017-06-27 09:45:18
09:45:24,09:45:24,8.48,-0.01,17,14416,卖盘,2017-06-27,2017-06-27 09:45:24
09:45:27,09:45:27,8.49,0.01,118,100182,买盘,2017-06-27,2017-06-27 09:45:27
09:45:30,09:45:30,8.48,-0.01,34,29001,卖盘,2017-06-27,2017-06-27 09:45:30
09:45:33,09:45:33,8.48,--,64,54950,卖盘,2017-06-27,2017-06-27 09:45:33
09:45:36,09:45:36,8.48,--,10,8480,买盘,2017-06-27,2017-06-27 09:45:36
09:45:42,09:45:42,8.48,--,13,11024,买盘,2017-06-27,2017-06-27 09:45:42
09:45:45,09:45:45,8.48,--,32,27136,买盘,2017-06-27,2017-06-27 09:45:45
09:45:48,09:45:48,8.48,--,56,47488,买盘,2017-06-27,2017-06-27 09:45:48
09:45:51,09:45:51,8.47,-0.01,61,51667,卖盘,2017-06-27,2017-06-27 09:45:51
09:45:54,09:45:54,8.47,--,12,10164,卖盘,2017-06-27,2017-06-27 09:45:54
09:45:57,09:45:57,8.47,--,7,5929,卖盘,2017-06-27,2017-06-27 09:45:57
09:46:03,09:46:03,8.47,--,1,847,卖盘,2017-06-27,2017-06-27 09:46:03
09:46:09,09:46:09,8.47,--,15,12705,卖盘,2017-06-27,2017-06-27 09:46:09
09:46:12,09:46:12,8.46,-0.01,27,22842,卖盘,2017-06-27,2017-06-27 09:46:12
09:46:15,09:46:15,8.48,0.02,25,21200,买盘,2017-06-27,2017-06-27 09:46:15
09:46:21,09:46:21,8.47,-0.01,11,9317,卖盘,2017-06-27,2017-06-27 09:46:21
09:46:24,09:46:24,8.47,--,7,5929,卖盘,2017-06-27,2017-06-27 09:46:24
09:46:27,09:46:27,8.47,--,77,65219,卖盘,2017-06-27,2017-06-27 09:46:27
09:46:33,09:46:33,8.47,--,10,8470,买盘,2017-06-27,2017-06-27 09:46:33
09:46:36,09:46:36,8.46,-0.01,15,12690,卖盘,2017-06-27,2017-06-27 09:46:36
09:46:39,09:46:39,8.47,0.01,59,49973,买盘,2017-06-27,2017-06-27 09:46:39
09:46:42,09:46:42,8.46,-0.01,18,15228,卖盘,2017-06-27,2017-06-27 09:46:42
09:46:45,09:46:45,8.47,0.01,10,8470,买盘,2017-06-27,2017-06-27 09:46:45
09:46:51,09:46:51,8.46,-0.01,61,51606,卖盘,2017-06-27,2017-06-27 09:46:51
09:46:54,09:46:54,8.46,--,99,83754,卖盘,2017-06-27,2017-06-27 09:46:54
09:46:57,09:46:57,8.47,0.01,212,179564,买盘,2017-06-27,2017-06-27 09:46:57
09:47:00,09:47:00,8.47,--,58,49126,买盘,2017-06-27,2017-06-27 09:47:00
09:47:03,09:47:03,8.47,--,130,110110,卖盘,2017-06-27,2017-06-27 09:47:03
09:47:06,09:47:06,8.47,--,55,46585,卖盘,2017-06-27,2017-06-27 09:47:06
09:47:12,09:47:12,8.47,--,95,80465,卖盘,2017-06-27,2017-06-27 09:47:12
09:47:15,09:47:15,8.47,--,14,11858,卖盘,2017-06-27,2017-06-27 09:47:15
09:47:24,09:47:24,8.47,--,20,16940,卖盘,2017-06-27,2017-06-27 09:47:24
09:47:27,09:47:27,8.47,--,17,14399,卖盘,2017-06-27,2017-06-27 09:47:27
09:47:33,09:47:33,8.48,0.01,8,6784,买盘,2017-06-27,2017-06-27 09:47:33
09:47:36,09:47:36,8.47,-0.01,21,17787,卖盘,2017-06-27,2017-06-27 09:47:36
09:47:39,09:47:39,8.47,--,3,2541,卖盘,2017-06-27,2017-06-27 09:47:39
09:47:42,09:47:42,8.47,--,8,6776,卖盘,2017-06-27,2017-06-27 09:47:42
09:47:45,09:47:45,8.47,--,1,847,卖盘,2017-06-27,2017-06-27 09:47:45
09:47:48,09:47:48,8.47,--,112,94864,卖盘,2017-06-27,2017-06-27 09:47:48
09:47:51,09:47:51,8.48,0.01,24,20352,买盘,2017-06-27,2017-06-27 09:47:51
09:47:54,09:47:54,8.48,--,120,101760,买盘,2017-06-27,2017-06-27 09:47:54
09:48:00,09:48:00,8.48,--,117,99216,买盘,2017-06-27,2017-06-27 09:48:00
09:48:03,09:48:03,8.48,--,42,35785,买盘,2017-06-27,2017-06-27 09:48:03
09:48:09,09:48:09,8.48,--,20,16960,卖盘,2017-06-27,2017-06-27 09:48:09
09:48:12,09:48:12,8.48,--,77,65296,卖盘,2017-06-27,2017-06-27 09:48:12
09:48:15,09:48:15,8.49,0.01,28,23772,买盘,2017-06-27,2017-06-27 09:48:15
09:48:21,09:48:21,8.49,--,13,11037,买盘,2017-06-27,2017-06-27 09:48:21
09:48:24,09:48:24,8.49,--,149,126501,买盘,2017-06-27,2017-06-27 09:48:24
09:48:27,09:48:27,8.49,--,166,140934,买盘,2017-06-27,2017-06-27 09:48:27
09:48:42,09:48:42,8.49,--,142,120558,卖盘,2017-06-27,2017-06-27 09:48:42
09:48:45,09:48:45,8.49,--,30,25470,买盘,2017-06-27,2017-06-27 09:48:45
09:48:48,09:48:48,8.5,0.01,25,21250,买盘,2017-06-27,2017-06-27 09:48:48
09:49:00,09:49:00,8.5,--,23,19550,买盘,2017-06-27,2017-06-27 09:49:00
09:49:12,09:49:12,8.49,-0.01,5,4245,卖盘,2017-06-27,2017-06-27 09:49:12
09:49:18,09:49:18,8.5,0.01,2,2516,买盘,2017-06-27,2017-06-27 09:49:18
09:49:24,09:49:24,8.5,--,10,8500,卖盘,2017-06-27,2017-06-27 09:49:24
09:49:27,09:49:27,8.5,--,4,3400,卖盘,2017-06-27,2017-06-27 09:49:27
09:49:30,09:49:30,8.5,--,18,15334,卖盘,2017-06-27,2017-06-27 09:49:30
09:49:42,09:49:42,8.49,-0.01,125,106125,卖盘,2017-06-27,2017-06-27 09:49:42
09:50:03,09:50:03,8.48,-0.01,21,17808,卖盘,2017-06-27,2017-06-27 09:50:03
09:50:06,09:50:06,8.48,--,15,12720,卖盘,2017-06-27,2017-06-27 09:50:06
09:50:09,09:50:09,8.49,0.01,80,67920,买盘,2017-06-27,2017-06-27 09:50:09
09:50:12,09:50:12,8.49,--,12,10188,买盘,2017-06-27,2017-06-27 09:50:12
09:50:15,09:50:15,8.49,--,12,10188,卖盘,2017-06-27,2017-06-27 09:50:15
09:50:18,09:50:18,8.49,--,8,6792,卖盘,2017-06-27,2017-06-27 09:50:18
09:50:21,09:50:21,8.49,--,72,61128,卖盘,2017-06-27,2017-06-27 09:50:21
09:50:24,09:50:24,8.48,-0.01,40,33920,卖盘,2017-06-27,2017-06-27 09:50:24
09:50:27,09:50:27,8.48,--,27,23574,卖盘,2017-06-27,2017-06-27 09:50:27
09:50:33,09:50:33,8.48,--,1,848,买盘,2017-06-27,2017-06-27 09:50:33
09:50:39,09:50:39,8.48,--,2,1696,买盘,2017-06-27,2017-06-27 09:50:39
09:50:45,09:50:45,8.48,--,3,2544,买盘,2017-06-27,2017-06-27 09:50:45
09:50:51,09:50:51,8.47,-0.01,43,36421,卖盘,2017-06-27,2017-06-27 09:50:51
09:51:00,09:51:00,8.47,--,32,27104,卖盘,2017-06-27,2017-06-27 09:51:00
09:51:03,09:51:03,8.48,0.01,15,12889,买盘,2017-06-27,2017-06-27 09:51:03
09:51:12,09:51:12,8.48,--,1,848,卖盘,2017-06-27,2017-06-27 09:51:12
09:51:18,09:51:18,8.48,--,34,28832,卖盘,2017-06-27,2017-06-27 09:51:18
09:51:21,09:51:21,8.48,--,6,5088,卖盘,2017-06-27,2017-06-27 09:51:21
09:51:24,09:51:24,8.49,0.01,105,89145,买盘,2017-06-27,2017-06-27 09:51:24
09:51:30,09:51:30,8.48,-0.01,151,128726,卖盘,2017-06-27,2017-06-27 09:51:30
09:51:45,09:51:45,8.48,--,100,84800,买盘,2017-06-27,2017-06-27 09:51:45
09:51:48,09:51:48,8.47,-0.01,40,33880,卖盘,2017-06-27,2017-06-27 09:51:48
09:51:51,09:51:51,8.48,0.01,5,4240,买盘,2017-06-27,2017-06-27 09:51:51
09:51:57,09:51:57,8.48,--,32,27136,买盘,2017-06-27,2017-06-27 09:51:57
09:52:00,09:52:00,8.48,--,14,12041,买盘,2017-06-27,2017-06-27 09:52:00
09:52:03,09:52:03,8.47,-0.01,54,45738,卖盘,2017-06-27,2017-06-27 09:52:03
09:52:06,09:52:06,8.48,0.01,21,17808,中性盘,2017-06-27,2017-06-27 09:52:06
09:52:12,09:52:12,8.49,0.01,21,17829,买盘,2017-06-27,2017-06-27 09:52:12
09:52:15,09:52:15,8.48,-0.01,1,848,卖盘,2017-06-27,2017-06-27 09:52:15
09:52:18,09:52:18,8.48,--,1,848,卖盘,2017-06-27,2017-06-27 09:52:18
09:52:21,09:52:21,8.48,--,10,8480,卖盘,2017-06-27,2017-06-27 09:52:21
09:53:03,09:53:03,8.48,--,1,848,卖盘,2017-06-27,2017-06-27 09:53:03
09:53:12,09:53:12,8.49,0.01,8,6792,买盘,2017-06-27,2017-06-27 09:53:12
09:53:24,09:53:24,8.49,--,10,8490,卖盘,2017-06-27,2017-06-27 09:53:24
09:53:27,09:53:27,8.49,--,16,13584,卖盘,2017-06-27,2017-06-27 09:53:27
09:53:33,09:53:33,8.49,--,6,5094,买盘,2017-06-27,2017-06-27 09:53:33
09:53:36,09:53:36,8.49,--,5,4245,买盘,2017-06-27,2017-06-27 09:53:36
09:53:39,09:53:39,8.49,--,12,10188,买盘,2017-06-27,2017-06-27 09:53:39
09:53:42,09:53:42,8.49,--,8,6792,买盘,2017-06-27,2017-06-27 09:53:42
09:53:57,09:53:57,8.5,0.01,1,850,买盘,2017-06-27,2017-06-27 09:53:57
09:54:00,09:54:00,8.49,-0.01,43,36507,卖盘,2017-06-27,2017-06-27 09:54:00
09:54:18,09:54:18,8.5,0.01,1,850,买盘,2017-06-27,2017-06-27 09:54:18
09:54:27,09:54:27,8.49,-0.01,16,13584,卖盘,2017-06-27,2017-06-27 09:54:27
09:54:33,09:54:33,8.5,0.01,10,8500,买盘,2017-06-27,2017-06-27 09:54:33
09:54:36,09:54:36,8.49,-0.01,10,8490,卖盘,2017-06-27,2017-06-27 09:54:36
09:54:51,09:54:51,8.5,0.01,109,92650,买盘,2017-06-27,2017-06-27 09:54:51
09:55:12,09:55:12,8.5,--,17,14450,买盘,2017-06-27,2017-06-27 09:55:12
09:55:15,09:55:15,8.5,--,1,850,买盘,2017-06-27,2017-06-27 09:55:15
09:55:27,09:55:27,8.5,--,89,76466,买盘,2017-06-27,2017-06-27 09:55:27
09:55:30,09:55:30,8.49,-0.01,39,33111,卖盘,2017-06-27,2017-06-27 09:55:30
09:55:36,09:55:36,8.49,--,33,28017,卖盘,2017-06-27,2017-06-27 09:55:36
09:55:51,09:55:51,8.5,0.01,3,2550,中性盘,2017-06-27,2017-06-27 09:55:51
09:55:54,09:55:54,8.49,-0.01,57,48393,卖盘,2017-06-27,2017-06-27 09:55:54
09:56:00,09:56:00,8.51,0.02,16,13616,买盘,2017-06-27,2017-06-27 09:56:00
09:56:03,09:56:03,8.51,--,10,8510,买盘,2017-06-27,2017-06-27 09:56:03
09:56:09,09:56:09,8.49,-0.02,82,69651,卖盘,2017-06-27,2017-06-27 09:56:09
09:56:21,09:56:21,8.48,-0.01,1,848,卖盘,2017-06-27,2017-06-27 09:56:21
09:56:27,09:56:27,8.49,0.01,28,24587,买盘,2017-06-27,2017-06-27 09:56:27
09:56:30,09:56:30,8.49,--,4,3396,卖盘,2017-06-27,2017-06-27 09:56:30
09:56:36,09:56:36,8.49,--,30,25470,卖盘,2017-06-27,2017-06-27 09:56:36
09:56:54,09:56:54,8.5,0.01,5,4250,买盘,2017-06-27,2017-06-27 09:56:54
09:57:00,09:57:00,8.5,--,74,62900,买盘,2017-06-27,2017-06-27 09:57:00
09:57:03,09:57:03,8.5,--,11,9350,卖盘,2017-06-27,2017-06-27 09:57:03
09:57:09,09:57:09,8.5,--,8,6800,卖盘,2017-06-27,2017-06-27 09:57:09
09:57:15,09:57:15,8.5,--,79,67150,卖盘,2017-06-27,2017-06-27 09:57:15
09:57:24,09:57:24,8.49,-0.01,103,87447,卖盘,2017-06-27,2017-06-27 09:57:24
09:57:30,09:57:30,8.51,0.02,11,9361,买盘,2017-06-27,2017-06-27 09:57:30
09:57:33,09:57:33,8.5,-0.01,70,59500,卖盘,2017-06-27,2017-06-27 09:57:33
09:57:36,09:57:36,8.5,--,30,25500,卖盘,2017-06-27,2017-06-27 09:57:36
09:57:45,09:57:45,8.5,--,120,102000,买盘,2017-06-27,2017-06-27 09:57:45
09:58:12,09:58:12,8.5,--,49,41650,买盘,2017-06-27,2017-06-27 09:58:12
09:58:15,09:58:15,8.5,--,1,850,卖盘,2017-06-27,2017-06-27 09:58:15
09:58:27,09:58:27,8.5,--,10,8500,买盘,2017-06-27,2017-06-27 09:58:27
09:58:33,09:58:33,8.5,--,5,4250,买盘,2017-06-27,2017-06-27 09:58:33
09:58:39,09:58:39,8.49,-0.01,13,11037,卖盘,2017-06-27,2017-06-27 09:58:39
09:58:42,09:58:42,8.5,0.01,12,10200,买盘,2017-06-27,2017-06-27 09:58:42
09:58:51,09:58:51,8.5,--,66,56100,买盘,2017-06-27,2017-06-27 09:58:51
09:58:57,09:58:57,8.5,--,52,44200,买盘,2017-06-27,2017-06-27 09:58:57
09:59:00,09:59:00,8.5,--,18,15300,买盘,2017-06-27,2017-06-27 09:59:00
09:59:06,09:59:06,8.5,--,9,7650,买盘,2017-06-27,2017-06-27 09:59:06
09:59:15,09:59:15,8.5,--,1,850,买盘,2017-06-27,2017-06-27 09:59:15
09:59:18,09:59:18,8.49,-0.01,108,91725,卖盘,2017-06-27,2017-06-27 09:59:18
09:59:27,09:59:27,8.49,--,2,1698,买盘,2017-06-27,2017-06-27 09:59:27
09:59:42,09:59:42,8.48,-0.01,61,51728,卖盘,2017-06-27,2017-06-27 09:59:42
09:59:54,09:59:54,8.48,--,154,130592,卖盘,2017-06-27,2017-06-27 09:59:54
10:00:12,10:00:12,8.48,--,98,83104,卖盘,2017-06-27,2017-06-27 10:00:12
10:00:18,10:00:18,8.48,--,16,13568,卖盘,2017-06-27,2017-06-27 10:00:18
10:00:30,10:00:30,8.48,--,2,1696,卖盘,2017-06-27,2017-06-27 10:00:30
10:00:36,10:00:36,8.48,--,20,16960,卖盘,2017-06-27,2017-06-27 10:00:36
10:00:51,10:00:51,8.48,--,9,7632,买盘,2017-06-27,2017-06-27 10:00:51
10:00:54,10:00:54,8.48,--,60,50880,买盘,2017-06-27,2017-06-27 10:00:54
10:01:09,10:01:09,8.48,--,5,4240,卖盘,2017-06-27,2017-06-27 10:01:09
10:01:21,10:01:21,8.48,--,1,848,卖盘,2017-06-27,2017-06-27 10:01:21
10:01:27,10:01:27,8.49,0.01,4,3396,买盘,2017-06-27,2017-06-27 10:01:27
10:01:36,10:01:36,8.48,-0.01,1,848,卖盘,2017-06-27,2017-06-27 10:01:36
10:01:48,10:01:48,8.48,--,19,16112,买盘,2017-06-27,2017-06-27 10:01:48
10:02:03,10:02:03,8.49,0.01,112,95088,买盘,2017-06-27,2017-06-27 10:02:03
10:02:12,10:02:12,8.48,-0.01,9,7632,卖盘,2017-06-27,2017-06-27 10:02:12
10:02:24,10:02:24,8.48,--,4,3392,买盘,2017-06-27,2017-06-27 10:02:24
10:02:30,10:02:30,8.47,-0.01,867,735026,卖盘,2017-06-27,2017-06-27 10:02:30
10:02:36,10:02:36,8.47,--,10,8470,买盘,2017-06-27,2017-06-27 10:02:36
10:02:39,10:02:39,8.47,--,11,9317,买盘,2017-06-27,2017-06-27 10:02:39
10:02:48,10:02:48,8.46,-0.01,30,25380,卖盘,2017-06-27,2017-06-27 10:02:48
10:02:51,10:02:51,8.47,0.01,10,8470,买盘,2017-06-27,2017-06-27 10:02:51
10:02:54,10:02:54,8.46,-0.01,63,53298,卖盘,2017-06-27,2017-06-27 10:02:54
10:02:57,10:02:57,8.46,--,37,31302,卖盘,2017-06-27,2017-06-27 10:02:57
10:03:00,10:03:00,8.46,--,266,225036,卖盘,2017-06-27,2017-06-27 10:03:00
10:03:03,10:03:03,8.47,0.01,22,18634,买盘,2017-06-27,2017-06-27 10:03:03
10:03:06,10:03:06,8.46,-0.01,15,12690,卖盘,2017-06-27,2017-06-27 10:03:06
10:03:09,10:03:09,8.46,--,13,10998,卖盘,2017-06-27,2017-06-27 10:03:09
10:03:12,10:03:12,8.46,--,10,8460,买盘,2017-06-27,2017-06-27 10:03:12
10:03:15,10:03:15,8.45,-0.01,10,8450,卖盘,2017-06-27,2017-06-27 10:03:15
10:03:21,10:03:21,8.45,--,200,169000,卖盘,2017-06-27,2017-06-27 10:03:21
10:03:24,10:03:24,8.46,0.01,52,43992,买盘,2017-06-27,2017-06-27 10:03:24
10:03:27,10:03:27,8.45,-0.01,1,844,卖盘,2017-06-27,2017-06-27 10:03:27
10:03:30,10:03:30,8.45,--,271,229163,卖盘,2017-06-27,2017-06-27 10:03:30
10:03:33,10:03:33,8.45,--,82,69966,卖盘,2017-06-27,2017-06-27 10:03:33
10:03:36,10:03:36,8.45,--,37,31264,买盘,2017-06-27,2017-06-27 10:03:36
10:03:39,10:03:39,8.44,-0.01,20,16880,卖盘,2017-06-27,2017-06-27 10:03:39
10:03:45,10:03:45,8.45,0.01,33,27884,买盘,2017-06-27,2017-06-27 10:03:45
10:03:48,10:03:48,8.44,-0.01,64,54016,卖盘,2017-06-27,2017-06-27 10:03:48
10:03:51,10:03:51,8.45,0.01,133,112384,买盘,2017-06-27,2017-06-27 10:03:51
10:04:00,10:04:00,8.44,-0.01,5,4220,卖盘,2017-06-27,2017-06-27 10:04:00
10:04:09,10:04:09,8.44,--,10,8440,买盘,2017-06-27,2017-06-27 10:04:09
10:04:12,10:04:12,8.45,0.01,64,54079,买盘,2017-06-27,2017-06-27 10:04:12
10:04:18,10:04:18,8.43,-0.02,191,161013,卖盘,2017-06-27,2017-06-27 10:04:18
10:04:21,10:04:21,8.44,0.01,30,25320,买盘,2017-06-27,2017-06-27 10:04:21
10:04:24,10:04:24,8.45,0.01,12,10140,买盘,2017-06-27,2017-06-27 10:04:24
10:04:27,10:04:27,8.45,--,5,4225,买盘,2017-06-27,2017-06-27 10:04:27
10:04:30,10:04:30,8.43,-0.02,196,165228,卖盘,2017-06-27,2017-06-27 10:04:30
10:04:33,10:04:33,8.45,0.02,5,4225,买盘,2017-06-27,2017-06-27 10:04:33
10:04:36,10:04:36,8.43,-0.02,111,93573,卖盘,2017-06-27,2017-06-27 10:04:36
10:04:39,10:04:39,8.43,--,15,12645,买盘,2017-06-27,2017-06-27 10:04:39
10:04:42,10:04:42,8.45,0.02,16,13519,买盘,2017-06-27,2017-06-27 10:04:42
10:04:45,10:04:45,8.44,-0.01,10,8440,卖盘,2017-06-27,2017-06-27 10:04:45
10:04:54,10:04:54,8.44,--,9,7596,卖盘,2017-06-27,2017-06-27 10:04:54
10:05:06,10:05:06,8.44,--,8,6752,卖盘,2017-06-27,2017-06-27 10:05:06
10:05:12,10:05:12,8.45,0.01,25,21125,买盘,2017-06-27,2017-06-27 10:05:12
10:05:18,10:05:18,8.44,-0.01,7,5908,卖盘,2017-06-27,2017-06-27 10:05:18
10:05:24,10:05:24,8.45,0.01,15,12674,买盘,2017-06-27,2017-06-27 10:05:24
10:05:27,10:05:27,8.44,-0.01,4,3376,卖盘,2017-06-27,2017-06-27 10:05:27
10:05:39,10:05:39,8.44,--,2,1688,买盘,2017-06-27,2017-06-27 10:05:39
10:05:48,10:05:48,8.45,0.01,88,74529,买盘,2017-06-27,2017-06-27 10:05:48
10:05:51,10:05:51,8.45,--,5,4901,卖盘,2017-06-27,2017-06-27 10:05:51
10:05:54,10:05:54,8.44,-0.01,1,844,卖盘,2017-06-27,2017-06-27 10:05:54
10:05:57,10:05:57,8.44,--,1,844,卖盘,2017-06-27,2017-06-27 10:05:57
10:06:03,10:06:03,8.45,0.01,2,1689,买盘,2017-06-27,2017-06-27 10:06:03
10:06:12,10:06:12,8.45,--,10,8450,买盘,2017-06-27,2017-06-27 10:06:12
10:06:15,10:06:15,8.44,-0.01,5,4220,卖盘,2017-06-27,2017-06-27 10:06:15
10:06:18,10:06:18,8.45,0.01,11,9295,买盘,2017-06-27,2017-06-27 10:06:18
10:06:24,10:06:24,8.45,--,8,6759,买盘,2017-06-27,2017-06-27 10:06:24
10:06:27,10:06:27,8.44,-0.01,1,844,卖盘,2017-06-27,2017-06-27 10:06:27
10:06:33,10:06:33,8.45,0.01,3,2535,买盘,2017-06-27,2017-06-27 10:06:33
10:06:45,10:06:45,8.45,--,10,8450,买盘,2017-06-27,2017-06-27 10:06:45
10:06:51,10:06:51,8.45,--,12,10140,买盘,2017-06-27,2017-06-27 10:06:51
10:06:57,10:06:57,8.44,-0.01,62,52328,卖盘,2017-06-27,2017-06-27 10:06:57
10:07:00,10:07:00,8.44,--,5,4220,卖盘,2017-06-27,2017-06-27 10:07:00
10:07:03,10:07:03,8.44,--,131,110564,卖盘,2017-06-27,2017-06-27 10:07:03
10:07:12,10:07:12,8.44,--,110,93008,卖盘,2017-06-27,2017-06-27 10:07:12
10:07:21,10:07:21,8.45,0.01,10,8450,中性盘,2017-06-27,2017-06-27 10:07:21
10:07:27,10:07:27,8.45,--,1,844,买盘,2017-06-27,2017-06-27 10:07:27
10:07:30,10:07:30,8.45,--,10,8450,买盘,2017-06-27,2017-06-27 10:07:30
10:07:33,10:07:33,8.45,--,10,8450,卖盘,2017-06-27,2017-06-27 10:07:33
10:07:45,10:07:45,8.46,0.01,3,2538,买盘,2017-06-27,2017-06-27 10:07:45
10:07:54,10:07:54,8.44,-0.02,200,168800,卖盘,2017-06-27,2017-06-27 10:07:54
10:08:00,10:08:00,8.46,0.02,2,1692,买盘,2017-06-27,2017-06-27 10:08:00
10:08:09,10:08:09,8.46,--,100,84600,买盘,2017-06-27,2017-06-27 10:08:09
10:08:21,10:08:21,8.45,-0.01,54,45629,中性盘,2017-06-27,2017-06-27 10:08:21
10:08:24,10:08:24,8.45,--,10,8450,卖盘,2017-06-27,2017-06-27 10:08:24
10:08:30,10:08:30,8.45,--,30,25349,卖盘,2017-06-27,2017-06-27 10:08:30
10:08:45,10:08:45,8.45,--,3,2535,卖盘,2017-06-27,2017-06-27 10:08:45
10:08:51,10:08:51,8.45,--,19,16054,卖盘,2017-06-27,2017-06-27 10:08:51
10:08:57,10:08:57,8.46,0.01,2,1692,买盘,2017-06-27,2017-06-27 10:08:57
10:09:06,10:09:06,8.46,--,4,3384,买盘,2017-06-27,2017-06-27 10:09:06
10:09:09,10:09:09,8.45,-0.01,21,17745,卖盘,2017-06-27,2017-06-27 10:09:09
10:09:12,10:09:12,8.45,--,2,1689,卖盘,2017-06-27,2017-06-27 10:09:12
10:09:15,10:09:15,8.46,0.01,16,13536,买盘,2017-06-27,2017-06-27 10:09:15
10:09:21,10:09:21,8.46,--,6,5076,买盘,2017-06-27,2017-06-27 10:09:21
10:09:27,10:09:27,8.45,-0.01,5,4225,卖盘,2017-06-27,2017-06-27 10:09:27
10:09:33,10:09:33,8.46,0.01,11,9306,买盘,2017-06-27,2017-06-27 10:09:33
10:09:45,10:09:45,8.45,-0.01,1,844,卖盘,2017-06-27,2017-06-27 10:09:45
10:09:48,10:09:48,8.45,--,3,2535,卖盘,2017-06-27,2017-06-27 10:09:48
10:09:51,10:09:51,8.46,0.01,113,95598,买盘,2017-06-27,2017-06-27 10:09:51
10:10:00,10:10:00,8.46,--,3,2538,买盘,2017-06-27,2017-06-27 10:10:00
10:10:09,10:10:09,8.45,-0.01,11,9295,卖盘,2017-06-27,2017-06-27 10:10:09
10:10:24,10:10:24,8.46,0.01,10,8460,买盘,2017-06-27,2017-06-27 10:10:24
10:10:27,10:10:27,8.46,--,1,846,买盘,2017-06-27,2017-06-27 10:10:27
10:10:30,10:10:30,8.46,--,5,4230,买盘,2017-06-27,2017-06-27 10:10:30
10:10:36,10:10:36,8.46,--,35,29610,买盘,2017-06-27,2017-06-27 10:10:36
10:11:03,10:11:03,8.46,--,71,60066,卖盘,2017-06-27,2017-06-27 10:11:03
10:11:33,10:11:33,8.45,-0.01,1,844,卖盘,2017-06-27,2017-06-27 10:11:33
10:11:39,10:11:39,8.46,0.01,4,3384,买盘,2017-06-27,2017-06-27 10:11:39
10:11:57,10:11:57,8.45,-0.01,1,844,卖盘,2017-06-27,2017-06-27 10:11:57
10:12:00,10:12:00,8.45,--,10,8450,卖盘,2017-06-27,2017-06-27 10:12:00
10:12:09,10:12:09,8.46,0.01,91,76986,买盘,2017-06-27,2017-06-27 10:12:09
10:12:12,10:12:12,8.46,--,1,846,买盘,2017-06-27,2017-06-27 10:12:12
10:12:27,10:12:27,8.46,--,109,92214,买盘,2017-06-27,2017-06-27 10:12:27
10:12:30,10:12:30,8.45,-0.01,168,141960,卖盘,2017-06-27,2017-06-27 10:12:30
10:12:36,10:12:36,8.46,0.01,3,2538,买盘,2017-06-27,2017-06-27 10:12:36
10:12:51,10:12:51,8.45,-0.01,210,177449,卖盘,2017-06-27,2017-06-27 10:12:51
10:12:54,10:12:54,8.45,--,1,844,卖盘,2017-06-27,2017-06-27 10:12:54
10:13:00,10:13:00,8.46,0.01,44,37224,买盘,2017-06-27,2017-06-27 10:13:00
10:13:03,10:13:03,8.45,-0.01,76,64219,卖盘,2017-06-27,2017-06-27 10:13:03
10:13:09,10:13:09,8.46,0.01,146,123516,买盘,2017-06-27,2017-06-27 10:13:09
10:13:18,10:13:18,8.45,-0.01,2,1689,卖盘,2017-06-27,2017-06-27 10:13:18
10:13:21,10:13:21,8.45,--,9,7604,买盘,2017-06-27,2017-06-27 10:13:21
10:13:27,10:13:27,8.44,-0.01,10,8440,卖盘,2017-06-27,2017-06-27 10:13:27
10:13:30,10:13:30,8.45,0.01,40,33800,买盘,2017-06-27,2017-06-27 10:13:30
10:13:33,10:13:33,8.44,-0.01,130,110395,卖盘,2017-06-27,2017-06-27 10:13:33
10:13:36,10:13:36,8.45,0.01,19,16223,买盘,2017-06-27,2017-06-27 10:13:36
10:13:48,10:13:48,8.44,-0.01,57,48783,卖盘,2017-06-27,2017-06-27 10:13:48
10:13:57,10:13:57,8.44,--,12,10296,买盘,2017-06-27,2017-06-27 10:13:57
10:14:03,10:14:03,8.44,--,58,48952,卖盘,2017-06-27,2017-06-27 10:14:03
10:14:06,10:14:06,8.44,--,2,1688,卖盘,2017-06-27,2017-06-27 10:14:06
10:14:09,10:14:09,8.44,--,12,10803,卖盘,2017-06-27,2017-06-27 10:14:09
10:14:21,10:14:21,8.43,-0.01,84,70812,卖盘,2017-06-27,2017-06-27 10:14:21
10:14:24,10:14:24,8.43,--,1,843,卖盘,2017-06-27,2017-06-27 10:14:24
10:14:27,10:14:27,8.43,--,24,20232,卖盘,2017-06-27,2017-06-27 10:14:27
10:14:30,10:14:30,8.44,0.01,5,4220,买盘,2017-06-27,2017-06-27 10:14:30
10:14:42,10:14:42,8.44,--,2,1688,买盘,2017-06-27,2017-06-27 10:14:42
10:14:45,10:14:45,8.42,-0.02,17,14314,卖盘,2017-06-27,2017-06-27 10:14:45
10:14:48,10:14:48,8.44,0.02,51,43044,买盘,2017-06-27,2017-06-27 10:14:48
10:14:54,10:14:54,8.43,-0.01,8,6744,中性盘,2017-06-27,2017-06-27 10:14:54
10:14:57,10:14:57,8.44,0.01,20,16880,买盘,2017-06-27,2017-06-27 10:14:57
10:15:00,10:15:00,8.43,-0.01,2,1686,卖盘,2017-06-27,2017-06-27 10:15:00
10:15:03,10:15:03,8.43,--,2,1686,卖盘,2017-06-27,2017-06-27 10:15:03
10:15:06,10:15:06,8.43,--,6,5058,卖盘,2017-06-27,2017-06-27 10:15:06
10:15:18,10:15:18,8.43,--,47,39621,卖盘,2017-06-27,2017-06-27 10:15:18
10:15:21,10:15:21,8.43,--,16,13488,卖盘,2017-06-27,2017-06-27 10:15:21
10:15:30,10:15:30,8.42,-0.01,1,842,卖盘,2017-06-27,2017-06-27 10:15:30
10:15:33,10:15:33,8.42,--,144,121248,卖盘,2017-06-27,2017-06-27 10:15:33
10:15:39,10:15:39,8.43,0.01,79,66597,买盘,2017-06-27,2017-06-27 10:15:39
10:15:45,10:15:45,8.43,--,74,62382,卖盘,2017-06-27,2017-06-27 10:15:45
10:15:48,10:15:48,8.42,-0.01,19,15998,卖盘,2017-06-27,2017-06-27 10:15:48
10:15:54,10:15:54,8.43,0.01,81,68283,买盘,2017-06-27,2017-06-27 10:15:54
10:15:57,10:15:57,8.43,--,4,3372,卖盘,2017-06-27,2017-06-27 10:15:57
10:16:03,10:16:03,8.43,--,121,102003,卖盘,2017-06-27,2017-06-27 10:16:03
10:16:06,10:16:06,8.43,--,10,8430,卖盘,2017-06-27,2017-06-27 10:16:06
10:16:12,10:16:12,8.43,--,8,6744,卖盘,2017-06-27,2017-06-27 10:16:12
10:16:18,10:16:18,8.43,--,35,29505,卖盘,2017-06-27,2017-06-27 10:16:18
10:16:27,10:16:27,8.43,--,89,75027,卖盘,2017-06-27,2017-06-27 10:16:27
10:16:36,10:16:36,8.43,--,118,99474,卖盘,2017-06-27,2017-06-27 10:16:36
10:16:39,10:16:39,8.43,--,3,2529,买盘,2017-06-27,2017-06-27 10:16:39
10:16:45,10:16:45,8.43,--,20,16860,买盘,2017-06-27,2017-06-27 10:16:45
10:16:51,10:16:51,8.43,--,117,98631,买盘,2017-06-27,2017-06-27 10:16:51
10:16:54,10:16:54,8.43,--,93,78399,买盘,2017-06-27,2017-06-27 10:16:54
10:16:57,10:16:57,8.43,--,10,8430,买盘,2017-06-27,2017-06-27 10:16:57
10:17:00,10:17:00,8.43,--,28,23604,买盘,2017-06-27,2017-06-27 10:17:00
10:17:18,10:17:18,8.42,-0.01,5,4210,卖盘,2017-06-27,2017-06-27 10:17:18
10:17:21,10:17:21,8.43,0.01,30,25290,买盘,2017-06-27,2017-06-27 10:17:21
10:17:33,10:17:33,8.42,-0.01,91,76622,卖盘,2017-06-27,2017-06-27 10:17:33
10:17:36,10:17:36,8.42,--,60,50520,卖盘,2017-06-27,2017-06-27 10:17:36
10:17:39,10:17:39,8.42,--,37,31154,卖盘,2017-06-27,2017-06-27 10:17:39
10:17:42,10:17:42,8.43,0.01,90,75870,买盘,2017-06-27,2017-06-27 10:17:42
10:17:45,10:17:45,8.42,-0.01,7,5894,卖盘,2017-06-27,2017-06-27 10:17:45
10:17:48,10:17:48,8.41,-0.01,15,12615,卖盘,2017-06-27,2017-06-27 10:17:48
10:17:51,10:17:51,8.42,0.01,18,15156,买盘,2017-06-27,2017-06-27 10:17:51
10:17:57,10:17:57,8.42,--,50,42100,买盘,2017-06-27,2017-06-27 10:17:57
10:18:03,10:18:03,8.43,0.01,5,4215,买盘,2017-06-27,2017-06-27 10:18:03
10:18:06,10:18:06,8.42,-0.01,10,8420,卖盘,2017-06-27,2017-06-27 10:18:06
10:18:09,10:18:09,8.43,0.01,91,76713,买盘,2017-06-27,2017-06-27 10:18:09
10:18:12,10:18:12,8.42,-0.01,24,20208,卖盘,2017-06-27,2017-06-27 10:18:12
10:18:15,10:18:15,8.42,--,6,5052,卖盘,2017-06-27,2017-06-27 10:18:15
10:18:18,10:18:18,8.41,-0.01,14,11774,卖盘,2017-06-27,2017-06-27 10:18:18
10:18:21,10:18:21,8.42,0.01,1,842,买盘,2017-06-27,2017-06-27 10:18:21
10:18:27,10:18:27,8.42,--,31,26102,买盘,2017-06-27,2017-06-27 10:18:27
10:18:30,10:18:30,8.42,--,18,15156,买盘,2017-06-27,2017-06-27 10:18:30
10:18:33,10:18:33,8.42,--,8,6736,卖盘,2017-06-27,2017-06-27 10:18:33
10:18:39,10:18:39,8.42,--,39,32838,买盘,2017-06-27,2017-06-27 10:18:39
10:18:42,10:18:42,8.41,-0.01,30,25230,卖盘,2017-06-27,2017-06-27 10:18:42
10:18:48,10:18:48,8.42,0.01,3,2526,中性盘,2017-06-27,2017-06-27 10:18:48
10:18:51,10:18:51,8.42,--,1,842,买盘,2017-06-27,2017-06-27 10:18:51
10:18:54,10:18:54,8.42,--,6,5052,买盘,2017-06-27,2017-06-27 10:18:54
10:18:57,10:18:57,8.41,-0.01,20,16820,卖盘,2017-06-27,2017-06-27 10:18:57
10:19:09,10:19:09,8.41,--,23,19343,卖盘,2017-06-27,2017-06-27 10:19:09
10:19:12,10:19:12,8.42,0.01,3,2526,卖盘,2017-06-27,2017-06-27 10:19:12
10:19:15,10:19:15,8.42,--,7,5894,卖盘,2017-06-27,2017-06-27 10:19:15
10:19:18,10:19:18,8.41,-0.01,24,20184,卖盘,2017-06-27,2017-06-27 10:19:18
10:19:21,10:19:21,8.41,--,7,5887,卖盘,2017-06-27,2017-06-27 10:19:21
10:19:24,10:19:24,8.41,--,3,2523,卖盘,2017-06-27,2017-06-27 10:19:24
10:19:30,10:19:30,8.42,0.01,37,31154,买盘,2017-06-27,2017-06-27 10:19:30
10:19:33,10:19:33,8.42,--,29,24418,卖盘,2017-06-27,2017-06-27 10:19:33
10:19:36,10:19:36,8.43,0.01,23,19389,买盘,2017-06-27,2017-06-27 10:19:36
10:19:39,10:19:39,8.41,-0.02,556,467596,卖盘,2017-06-27,2017-06-27 10:19:39
10:19:42,10:19:42,8.41,--,10,8410,买盘,2017-06-27,2017-06-27 10:19:42
10:19:45,10:19:45,8.41,--,3,2523,买盘,2017-06-27,2017-06-27 10:19:45
10:19:48,10:19:48,8.41,--,70,58870,买盘,2017-06-27,2017-06-27 10:19:48
10:19:54,10:19:54,8.41,--,5,4205,卖盘,2017-06-27,2017-06-27 10:19:54
10:20:00,10:20:00,8.42,0.01,3,2526,买盘,2017-06-27,2017-06-27 10:20:00
10:20:03,10:20:03,8.42,--,65,54730,买盘,2017-06-27,2017-06-27 10:20:03
10:20:09,10:20:09,8.42,--,34,28628,卖盘,2017-06-27,2017-06-27 10:20:09
10:20:15,10:20:15,8.42,--,2,1684,买盘,2017-06-27,2017-06-27 10:20:15
10:20:18,10:20:18,8.42,--,172,144824,买盘,2017-06-27,2017-06-27 10:20:18
10:20:24,10:20:24,8.42,--,5,4210,卖盘,2017-06-27,2017-06-27 10:20:24
10:20:33,10:20:33,8.43,0.01,60,50580,买盘,2017-06-27,2017-06-27 10:20:33
10:20:42,10:20:42,8.43,--,7,5901,买盘,2017-06-27,2017-06-27 10:20:42
10:20:48,10:20:48,8.43,--,139,117177,买盘,2017-06-27,2017-06-27 10:20:48
10:20:51,10:20:51,8.43,--,19,16017,买盘,2017-06-27,2017-06-27 10:20:51
10:20:54,10:20:54,8.42,-0.01,1,842,卖盘,2017-06-27,2017-06-27 10:20:54
10:21:00,10:21:00,8.43,0.01,85,71655,买盘,2017-06-27,2017-06-27 10:21:00
10:21:03,10:21:03,8.43,--,4,3372,买盘,2017-06-27,2017-06-27 10:21:03
10:21:06,10:21:06,8.43,--,35,29505,买盘,2017-06-27,2017-06-27 10:21:06
10:21:21,10:21:21,8.44,0.01,33,27852,买盘,2017-06-27,2017-06-27 10:21:21
10:21:30,10:21:30,8.43,-0.01,35,29505,卖盘,2017-06-27,2017-06-27 10:21:30
10:21:33,10:21:33,8.44,0.01,12,10128,买盘,2017-06-27,2017-06-27 10:21:33
10:21:42,10:21:42,8.44,--,32,27008,买盘,2017-06-27,2017-06-27 10:21:42
10:21:51,10:21:51,8.44,--,100,84400,买盘,2017-06-27,2017-06-27 10:21:51
10:22:00,10:22:00,8.45,0.01,100,84500,买盘,2017-06-27,2017-06-27 10:22:00
10:22:03,10:22:03,8.45,--,10,8450,买盘,2017-06-27,2017-06-27 10:22:03
10:22:09,10:22:09,8.44,-0.01,5,4220,卖盘,2017-06-27,2017-06-27 10:22:09
10:22:15,10:22:15,8.45,0.01,12,10140,买盘,2017-06-27,2017-06-27 10:22:15
10:22:30,10:22:30,8.44,-0.01,12,10128,卖盘,2017-06-27,2017-06-27 10:22:30
10:22:33,10:22:33,8.45,0.01,5,4225,买盘,2017-06-27,2017-06-27 10:22:33
10:22:36,10:22:36,8.44,-0.01,10,8440,卖盘,2017-06-27,2017-06-27 10:22:36
10:22:39,10:22:39,8.44,--,11,9284,卖盘,2017-06-27,2017-06-27 10:22:39
10:22:45,10:22:45,8.45,0.01,17,14364,买盘,2017-06-27,2017-06-27 10:22:45
10:22:54,10:22:54,8.45,--,21,17745,卖盘,2017-06-27,2017-06-27 10:22:54
10:22:57,10:22:57,8.46,0.01,8,6768,买盘,2017-06-27,2017-06-27 10:22:57
10:23:06,10:23:06,8.46,--,5,4230,买盘,2017-06-27,2017-06-27 10:23:06
10:23:12,10:23:12,8.45,-0.01,46,38870,卖盘,2017-06-27,2017-06-27 10:23:12
10:23:27,10:23:27,8.45,--,3,2535,卖盘,2017-06-27,2017-06-27 10:23:27
10:23:30,10:23:30,8.46,0.01,7,5922,买盘,2017-06-27,2017-06-27 10:23:30
10:23:39,10:23:39,8.45,-0.01,50,42250,卖盘,2017-06-27,2017-06-27 10:23:39
10:23:45,10:23:45,8.45,--,13,10984,卖盘,2017-06-27,2017-06-27 10:23:45
10:23:51,10:23:51,8.45,--,65,54924,卖盘,2017-06-27,2017-06-27 10:23:51
10:23:57,10:23:57,8.45,--,8,6759,卖盘,2017-06-27,2017-06-27 10:23:57
10:24:03,10:24:03,8.45,--,5,4225,卖盘,2017-06-27,2017-06-27 10:24:03
10:24:06,10:24:06,8.45,--,6,5070,卖盘,2017-06-27,2017-06-27 10:24:06
10:24:09,10:24:09,8.45,--,19,16054,卖盘,2017-06-27,2017-06-27 10:24:09
10:24:15,10:24:15,8.45,--,12,10140,买盘,2017-06-27,2017-06-27 10:24:15
10:24:45,10:24:45,8.45,--,32,27039,卖盘,2017-06-27,2017-06-27 10:24:45
10:24:51,10:24:51,8.46,0.01,8,6768,买盘,2017-06-27,2017-06-27 10:24:51
10:25:00,10:25:00,8.45,-0.01,9,7604,卖盘,2017-06-27,2017-06-27 10:25:00
10:25:09,10:25:09,8.46,0.01,2,1692,买盘,2017-06-27,2017-06-27 10:25:09
10:25:12,10:25:12,8.46,--,1,846,买盘,2017-06-27,2017-06-27 10:25:12
10:25:27,10:25:27,8.45,-0.01,50,42250,卖盘,2017-06-27,2017-06-27 10:25:27
10:25:36,10:25:36,8.45,--,120,101399,卖盘,2017-06-27,2017-06-27 10:25:36
10:25:42,10:25:42,8.45,--,13,10984,买盘,2017-06-27,2017-06-27 10:25:42
10:25:45,10:25:45,8.44,-0.01,10,8440,卖盘,2017-06-27,2017-06-27 10:25:45
10:26:12,10:26:12,8.44,--,2,1688,卖盘,2017-06-27,2017-06-27 10:26:12
10:26:36,10:26:36,8.45,0.01,9,7604,买盘,2017-06-27,2017-06-27 10:26:36
10:26:45,10:26:45,8.44,-0.01,246,207624,卖盘,2017-06-27,2017-06-27 10:26:45
10:26:48,10:26:48,8.44,--,6,5064,买盘,2017-06-27,2017-06-27 10:26:48
10:26:51,10:26:51,8.44,--,53,44732,买盘,2017-06-27,2017-06-27 10:26:51
10:26:57,10:26:57,8.44,--,1,844,买盘,2017-06-27,2017-06-27 10:26:57
10:27:06,10:27:06,8.43,-0.01,28,23604,卖盘,2017-06-27,2017-06-27 10:27:06
10:27:09,10:27:09,8.43,--,46,38778,卖盘,2017-06-27,2017-06-27 10:27:09
10:27:12,10:27:12,8.43,--,15,12645,卖盘,2017-06-27,2017-06-27 10:27:12
10:27:15,10:27:15,8.44,0.01,3,2532,买盘,2017-06-27,2017-06-27 10:27:15
10:27:30,10:27:30,8.44,--,57,48108,买盘,2017-06-27,2017-06-27 10:27:30
10:27:39,10:27:39,8.44,--,1,844,买盘,2017-06-27,2017-06-27 10:27:39
10:27:45,10:27:45,8.43,-0.01,2,1686,卖盘,2017-06-27,2017-06-27 10:27:45
10:27:57,10:27:57,8.43,--,120,101160,卖盘,2017-06-27,2017-06-27 10:27:57
10:28:00,10:28:00,8.44,0.01,0,8,买盘,2017-06-27,2017-06-27 10:28:00
10:28:18,10:28:18,8.45,0.01,88,74360,买盘,2017-06-27,2017-06-27 10:28:18
10:28:21,10:28:21,8.44,-0.01,42,36283,卖盘,2017-06-27,2017-06-27 10:28:21
10:28:30,10:28:30,8.44,--,7,5916,买盘,2017-06-27,2017-06-27 10:28:30
10:29:33,10:29:33,8.45,0.01,8,6759,中性盘,2017-06-27,2017-06-27 10:29:33
10:29:36,10:29:36,8.44,-0.01,2,1688,卖盘,2017-06-27,2017-06-27 10:29:36
10:29:51,10:29:51,8.44,--,19,16871,卖盘,2017-06-27,2017-06-27 10:29:51
10:30:03,10:30:03,8.44,--,15,12660,买盘,2017-06-27,2017-06-27 10:30:03
10:30:15,10:30:15,8.43,-0.01,45,37935,卖盘,2017-06-27,2017-06-27 10:30:15
10:30:18,10:30:18,8.44,0.01,5,4220,买盘,2017-06-27,2017-06-27 10:30:18
10:30:21,10:30:21,8.43,-0.01,9,7595,卖盘,2017-06-27,2017-06-27 10:30:21
10:30:42,10:30:42,8.44,0.01,5,4220,买盘,2017-06-27,2017-06-27 10:30:42
10:30:57,10:30:57,8.44,--,1,844,买盘,2017-06-27,2017-06-27 10:30:57
10:31:12,10:31:12,8.43,-0.01,8,7578,卖盘,2017-06-27,2017-06-27 10:31:12
10:31:33,10:31:33,8.42,-0.01,38,31996,卖盘,2017-06-27,2017-06-27 10:31:33
10:31:42,10:31:42,8.43,0.01,16,13496,买盘,2017-06-27,2017-06-27 10:31:42
10:31:57,10:31:57,8.42,-0.01,442,372164,卖盘,2017-06-27,2017-06-27 10:31:57
10:32:27,10:32:27,8.42,--,87,73254,卖盘,2017-06-27,2017-06-27 10:32:27
10:32:33,10:32:33,8.43,0.01,13,10959,买盘,2017-06-27,2017-06-27 10:32:33
10:32:39,10:32:39,8.42,-0.01,15,12630,卖盘,2017-06-27,2017-06-27 10:32:39
10:32:42,10:32:42,8.42,--,24,21041,卖盘,2017-06-27,2017-06-27 10:32:42
10:32:51,10:32:51,8.42,--,13,10946,买盘,2017-06-27,2017-06-27 10:32:51
10:32:57,10:32:57,8.42,--,10,8420,买盘,2017-06-27,2017-06-27 10:32:57
10:33:00,10:33:00,8.4,-0.02,1805,1516200,卖盘,2017-06-27,2017-06-27 10:33:00
10:33:09,10:33:09,8.4,--,397,333480,卖盘,2017-06-27,2017-06-27 10:33:09
10:33:18,10:33:18,8.39,-0.01,12,10068,卖盘,2017-06-27,2017-06-27 10:33:18
10:33:21,10:33:21,8.39,--,69,57891,卖盘,2017-06-27,2017-06-27 10:33:21
10:33:24,10:33:24,8.38,-0.01,408,341904,卖盘,2017-06-27,2017-06-27 10:33:24
10:33:36,10:33:36,8.38,--,20,16760,买盘,2017-06-27,2017-06-27 10:33:36
10:33:39,10:33:39,8.37,-0.01,45,37665,卖盘,2017-06-27,2017-06-27 10:33:39
10:33:42,10:33:42,8.37,--,18,15065,买盘,2017-06-27,2017-06-27 10:33:42
10:33:45,10:33:45,8.37,--,8,6695,买盘,2017-06-27,2017-06-27 10:33:45
10:33:51,10:33:51,8.37,--,494,413477,买盘,2017-06-27,2017-06-27 10:33:51
10:33:54,10:33:54,8.36,-0.01,54,45144,卖盘,2017-06-27,2017-06-27 10:33:54
10:33:57,10:33:57,8.37,0.01,110,92069,中性盘,2017-06-27,2017-06-27 10:33:57
10:34:06,10:34:06,8.37,--,9,7532,卖盘,2017-06-27,2017-06-27 10:34:06
10:34:09,10:34:09,8.38,0.01,4,3352,买盘,2017-06-27,2017-06-27 10:34:09
10:34:12,10:34:12,8.42,0.04,325,273650,买盘,2017-06-27,2017-06-27 10:34:12
10:34:15,10:34:15,8.42,--,51,42942,买盘,2017-06-27,2017-06-27 10:34:15
10:34:45,10:34:45,8.41,-0.01,9,7569,中性盘,2017-06-27,2017-06-27 10:34:45
10:34:48,10:34:48,8.42,0.01,47,39574,买盘,2017-06-27,2017-06-27 10:34:48
10:34:51,10:34:51,8.41,-0.01,5,4205,买盘,2017-06-27,2017-06-27 10:34:51
10:34:54,10:34:54,8.41,--,7,5887,买盘,2017-06-27,2017-06-27 10:34:54
10:34:57,10:34:57,8.41,--,1,841,买盘,2017-06-27,2017-06-27 10:34:57
10:35:00,10:35:00,8.41,--,3,2523,卖盘,2017-06-27,2017-06-27 10:35:00
10:35:15,10:35:15,8.41,--,3,2523,买盘,2017-06-27,2017-06-27 10:35:15
10:35:21,10:35:21,8.39,-0.02,43,36077,卖盘,2017-06-27,2017-06-27 10:35:21
10:35:27,10:35:27,8.4,0.01,16,13440,买盘,2017-06-27,2017-06-27 10:35:27
10:35:33,10:35:33,8.39,-0.01,4,3356,卖盘,2017-06-27,2017-06-27 10:35:33
10:35:36,10:35:36,8.39,--,78,65442,卖盘,2017-06-27,2017-06-27 10:35:36
10:35:39,10:35:39,8.39,--,2,1678,买盘,2017-06-27,2017-06-27 10:35:39
10:35:45,10:35:45,8.39,--,250,209750,买盘,2017-06-27,2017-06-27 10:35:45
10:35:51,10:35:51,8.39,--,29,24331,卖盘,2017-06-27,2017-06-27 10:35:51
10:36:00,10:36:00,8.39,--,10,8390,卖盘,2017-06-27,2017-06-27 10:36:00
10:36:06,10:36:06,8.4,0.01,43,36120,买盘,2017-06-27,2017-06-27 10:36:06
10:36:12,10:36:12,8.4,--,47,39480,卖盘,2017-06-27,2017-06-27 10:36:12
10:36:15,10:36:15,8.4,--,10,8400,卖盘,2017-06-27,2017-06-27 10:36:15
10:36:24,10:36:24,8.4,--,14,11760,卖盘,2017-06-27,2017-06-27 10:36:24
10:36:30,10:36:30,8.41,0.01,2,1682,买盘,2017-06-27,2017-06-27 10:36:30
10:36:39,10:36:39,8.41,--,50,42050,买盘,2017-06-27,2017-06-27 10:36:39
10:37:09,10:37:09,8.41,--,1,841,买盘,2017-06-27,2017-06-27 10:37:09
10:37:12,10:37:12,8.4,-0.01,21,17640,卖盘,2017-06-27,2017-06-27 10:37:12
10:37:15,10:37:15,8.4,--,1,840,卖盘,2017-06-27,2017-06-27 10:37:15
10:37:24,10:37:24,8.41,0.01,34,28594,买盘,2017-06-27,2017-06-27 10:37:24
10:37:30,10:37:30,8.4,-0.01,3,2520,卖盘,2017-06-27,2017-06-27 10:37:30
10:37:33,10:37:33,8.4,--,21,17640,卖盘,2017-06-27,2017-06-27 10:37:33
10:37:39,10:37:39,8.4,--,18,15120,卖盘,2017-06-27,2017-06-27 10:37:39
10:37:48,10:37:48,8.4,--,15,12600,卖盘,2017-06-27,2017-06-27 10:37:48
10:38:00,10:38:00,8.4,--,100,84000,卖盘,2017-06-27,2017-06-27 10:38:00
10:38:03,10:38:03,8.4,--,9,7560,卖盘,2017-06-27,2017-06-27 10:38:03
10:38:06,10:38:06,8.41,0.01,5,4205,买盘,2017-06-27,2017-06-27 10:38:06
10:38:18,10:38:18,8.4,-0.01,100,84000,卖盘,2017-06-27,2017-06-27 10:38:18
10:38:21,10:38:21,8.41,0.01,58,48778,买盘,2017-06-27,2017-06-27 10:38:21
10:38:27,10:38:27,8.4,-0.01,27,22680,卖盘,2017-06-27,2017-06-27 10:38:27
10:38:39,10:38:39,8.39,-0.01,25,20975,卖盘,2017-06-27,2017-06-27 10:38:39
10:38:42,10:38:42,8.39,--,31,26009,卖盘,2017-06-27,2017-06-27 10:38:42
10:38:45,10:38:45,8.39,--,5,4195,卖盘,2017-06-27,2017-06-27 10:38:45
10:39:00,10:39:00,8.39,--,65,54535,卖盘,2017-06-27,2017-06-27 10:39:00
10:39:03,10:39:03,8.4,0.01,2,1680,买盘,2017-06-27,2017-06-27 10:39:03
10:39:06,10:39:06,8.39,-0.01,26,21814,卖盘,2017-06-27,2017-06-27 10:39:06
10:39:12,10:39:12,8.39,--,25,20975,卖盘,2017-06-27,2017-06-27 10:39:12
10:39:15,10:39:15,8.39,--,11,9229,卖盘,2017-06-27,2017-06-27 10:39:15
10:39:18,10:39:18,8.39,--,11,9229,卖盘,2017-06-27,2017-06-27 10:39:18
10:39:30,10:39:30,8.39,--,12,10068,卖盘,2017-06-27,2017-06-27 10:39:30
10:39:33,10:39:33,8.4,0.01,50,42000,买盘,2017-06-27,2017-06-27 10:39:33
10:39:48,10:39:48,8.4,--,10,8400,买盘,2017-06-27,2017-06-27 10:39:48
10:39:54,10:39:54,8.4,--,6,5040,买盘,2017-06-27,2017-06-27 10:39:54
10:39:57,10:39:57,8.4,--,10,8400,买盘,2017-06-27,2017-06-27 10:39:57
10:40:15,10:40:15,8.4,--,6,5040,买盘,2017-06-27,2017-06-27 10:40:15
10:40:33,10:40:33,8.4,--,3,2520,买盘,2017-06-27,2017-06-27 10:40:33
10:40:42,10:40:42,8.4,--,2,1680,买盘,2017-06-27,2017-06-27 10:40:42
10:40:45,10:40:45,8.4,--,1,840,买盘,2017-06-27,2017-06-27 10:40:45
10:40:54,10:40:54,8.4,--,30,25200,买盘,2017-06-27,2017-06-27 10:40:54
10:41:09,10:41:09,8.39,-0.01,29,24331,卖盘,2017-06-27,2017-06-27 10:41:09
10:41:21,10:41:21,8.39,--,100,83900,卖盘,2017-06-27,2017-06-27 10:41:21
10:41:24,10:41:24,8.4,0.01,80,67200,买盘,2017-06-27,2017-06-27 10:41:24
10:41:30,10:41:30,8.4,--,1,840,买盘,2017-06-27,2017-06-27 10:41:30
10:41:51,10:41:51,8.4,--,10,8400,买盘,2017-06-27,2017-06-27 10:41:51
10:41:57,10:41:57,8.4,--,88,73920,买盘,2017-06-27,2017-06-27 10:41:57
10:42:00,10:42:00,8.4,--,50,42000,卖盘,2017-06-27,2017-06-27 10:42:00
10:42:03,10:42:03,8.4,--,3,2520,卖盘,2017-06-27,2017-06-27 10:42:03
10:42:06,10:42:06,8.4,--,2,1680,卖盘,2017-06-27,2017-06-27 10:42:06
10:42:15,10:42:15,8.4,--,24,20160,卖盘,2017-06-27,2017-06-27 10:42:15
10:42:18,10:42:18,8.41,0.01,4,3364,买盘,2017-06-27,2017-06-27 10:42:18
10:42:24,10:42:24,8.4,-0.01,51,42840,卖盘,2017-06-27,2017-06-27 10:42:24
10:42:36,10:42:36,8.4,--,10,8400,卖盘,2017-06-27,2017-06-27 10:42:36
10:42:45,10:42:45,8.41,0.01,13,10933,买盘,2017-06-27,2017-06-27 10:42:45
10:42:57,10:42:57,8.4,-0.01,1,840,卖盘,2017-06-27,2017-06-27 10:42:57
10:43:42,10:43:42,8.4,--,28,23520,卖盘,2017-06-27,2017-06-27 10:43:42
10:43:45,10:43:45,8.41,0.01,40,33640,买盘,2017-06-27,2017-06-27 10:43:45
10:43:51,10:43:51,8.41,--,9,7569,买盘,2017-06-27,2017-06-27 10:43:51
10:43:54,10:43:54,8.41,--,4,3364,买盘,2017-06-27,2017-06-27 10:43:54
10:44:00,10:44:00,8.41,--,20,16820,买盘,2017-06-27,2017-06-27 10:44:00
10:44:03,10:44:03,8.4,-0.01,50,42000,卖盘,2017-06-27,2017-06-27 10:44:03
10:44:06,10:44:06,8.4,--,28,23520,卖盘,2017-06-27,2017-06-27 10:44:06
10:44:18,10:44:18,8.4,--,5,4200,卖盘,2017-06-27,2017-06-27 10:44:18
10:44:30,10:44:30,8.41,0.01,8,6728,买盘,2017-06-27,2017-06-27 10:44:30
10:44:39,10:44:39,8.41,--,20,16820,买盘,2017-06-27,2017-06-27 10:44:39
10:45:09,10:45:09,8.41,--,37,31117,买盘,2017-06-27,2017-06-27 10:45:09
10:45:15,10:45:15,8.41,--,235,197635,买盘,2017-06-27,2017-06-27 10:45:15
10:45:18,10:45:18,8.41,--,74,62234,卖盘,2017-06-27,2017-06-27 10:45:18
10:45:24,10:45:24,8.42,0.01,38,31996,买盘,2017-06-27,2017-06-27 10:45:24
10:45:27,10:45:27,8.42,--,119,100198,买盘,2017-06-27,2017-06-27 10:45:27
10:45:30,10:45:30,8.4,-0.02,20,16800,卖盘,2017-06-27,2017-06-27 10:45:30
10:45:45,10:45:45,8.4,--,28,23520,卖盘,2017-06-27,2017-06-27 10:45:45
10:46:12,10:46:12,8.42,0.02,25,21050,买盘,2017-06-27,2017-06-27 10:46:12
10:46:27,10:46:27,8.42,--,5,4210,买盘,2017-06-27,2017-06-27 10:46:27
10:46:39,10:46:39,8.42,--,6,5052,买盘,2017-06-27,2017-06-27 10:46:39
10:46:42,10:46:42,8.42,--,82,69044,买盘,2017-06-27,2017-06-27 10:46:42
10:46:51,10:46:51,8.42,--,79,66518,买盘,2017-06-27,2017-06-27 10:46:51
10:47:09,10:47:09,8.42,--,6,5052,买盘,2017-06-27,2017-06-27 10:47:09
10:47:18,10:47:18,8.41,-0.01,171,143811,卖盘,2017-06-27,2017-06-27 10:47:18
10:47:21,10:47:21,8.41,--,5,4205,买盘,2017-06-27,2017-06-27 10:47:21
10:47:27,10:47:27,8.41,--,64,53824,买盘,2017-06-27,2017-06-27 10:47:27
10:47:33,10:47:33,8.41,--,9,7569,买盘,2017-06-27,2017-06-27 10:47:33
10:47:42,10:47:42,8.41,--,10,8410,买盘,2017-06-27,2017-06-27 10:47:42
10:48:06,10:48:06,8.41,--,6,5046,买盘,2017-06-27,2017-06-27 10:48:06
10:48:09,10:48:09,8.41,--,1,841,买盘,2017-06-27,2017-06-27 10:48:09
10:48:18,10:48:18,8.41,--,20,16820,买盘,2017-06-27,2017-06-27 10:48:18
10:48:24,10:48:24,8.41,--,90,75690,买盘,2017-06-27,2017-06-27 10:48:24
10:48:30,10:48:30,8.41,--,13,10933,买盘,2017-06-27,2017-06-27 10:48:30
10:48:42,10:48:42,8.42,0.01,111,93470,买盘,2017-06-27,2017-06-27 10:48:42
10:48:54,10:48:54,8.42,--,1,842,卖盘,2017-06-27,2017-06-27 10:48:54
10:49:00,10:49:00,8.42,--,2,1684,卖盘,2017-06-27,2017-06-27 10:49:00
10:49:03,10:49:03,8.43,0.01,1,843,买盘,2017-06-27,2017-06-27 10:49:03
10:49:39,10:49:39,8.43,--,38,32034,买盘,2017-06-27,2017-06-27 10:49:39
10:49:51,10:49:51,8.43,--,10,8430,买盘,2017-06-27,2017-06-27 10:49:51
10:49:57,10:49:57,8.43,--,135,113805,买盘,2017-06-27,2017-06-27 10:49:57
10:50:03,10:50:03,8.45,0.02,273,230684,买盘,2017-06-27,2017-06-27 10:50:03
10:50:24,10:50:24,8.45,--,20,16900,买盘,2017-06-27,2017-06-27 10:50:24
10:50:27,10:50:27,8.45,--,21,17745,买盘,2017-06-27,2017-06-27 10:50:27
10:50:36,10:50:36,8.45,--,13,10984,买盘,2017-06-27,2017-06-27 10:50:36
10:50:48,10:50:48,8.44,-0.01,1,844,中性盘,2017-06-27,2017-06-27 10:50:48
10:50:57,10:50:57,8.47,0.03,700,592900,买盘,2017-06-27,2017-06-27 10:50:57
10:51:06,10:51:06,8.46,-0.01,2,1692,买盘,2017-06-27,2017-06-27 10:51:06
10:51:15,10:51:15,8.46,--,8,6768,买盘,2017-06-27,2017-06-27 10:51:15
10:51:33,10:51:33,8.47,0.01,23,19481,买盘,2017-06-27,2017-06-27 10:51:33
10:51:36,10:51:36,8.46,-0.01,12,10152,卖盘,2017-06-27,2017-06-27 10:51:36
10:51:48,10:51:48,8.46,--,6,5076,卖盘,2017-06-27,2017-06-27 10:51:48
10:51:51,10:51:51,8.47,0.01,6,5082,买盘,2017-06-27,2017-06-27 10:51:51
10:51:57,10:51:57,8.46,-0.01,30,25380,卖盘,2017-06-27,2017-06-27 10:51:57
10:52:03,10:52:03,8.46,--,10,8460,卖盘,2017-06-27,2017-06-27 10:52:03
10:52:06,10:52:06,8.46,--,2,1692,买盘,2017-06-27,2017-06-27 10:52:06
10:52:18,10:52:18,8.46,--,1,846,买盘,2017-06-27,2017-06-27 10:52:18
10:52:27,10:52:27,8.46,--,23,19458,买盘,2017-06-27,2017-06-27 10:52:27
10:52:36,10:52:36,8.45,-0.01,29,24504,卖盘,2017-06-27,2017-06-27 10:52:36
10:52:39,10:52:39,8.46,0.01,30,25380,买盘,2017-06-27,2017-06-27 10:52:39
10:52:54,10:52:54,8.46,--,41,34686,买盘,2017-06-27,2017-06-27 10:52:54
10:52:57,10:52:57,8.46,--,4,3384,卖盘,2017-06-27,2017-06-27 10:52:57
10:53:00,10:53:00,8.45,-0.01,4,3379,卖盘,2017-06-27,2017-06-27 10:53:00
10:53:09,10:53:09,8.45,--,3,2535,买盘,2017-06-27,2017-06-27 10:53:09
10:53:12,10:53:12,8.45,--,3,2535,卖盘,2017-06-27,2017-06-27 10:53:12
10:53:15,10:53:15,8.46,0.01,58,49068,买盘,2017-06-27,2017-06-27 10:53:15
10:53:21,10:53:21,8.45,-0.01,14,11829,卖盘,2017-06-27,2017-06-27 10:53:21
10:53:24,10:53:24,8.45,--,6,5070,买盘,2017-06-27,2017-06-27 10:53:24
10:53:33,10:53:33,8.45,--,26,21969,卖盘,2017-06-27,2017-06-27 10:53:33
10:53:51,10:53:51,8.45,--,2,1689,卖盘,2017-06-27,2017-06-27 10:53:51
10:53:54,10:53:54,8.46,0.01,46,38916,买盘,2017-06-27,2017-06-27 10:53:54
10:54:21,10:54:21,8.45,-0.01,2,1689,卖盘,2017-06-27,2017-06-27 10:54:21
10:54:27,10:54:27,8.45,--,18,15209,买盘,2017-06-27,2017-06-27 10:54:27
10:54:45,10:54:45,8.45,--,25,21125,卖盘,2017-06-27,2017-06-27 10:54:45
10:54:57,10:54:57,8.46,0.01,43,36378,买盘,2017-06-27,2017-06-27 10:54:57
10:55:09,10:55:09,8.46,--,30,25380,买盘,2017-06-27,2017-06-27 10:55:09
10:55:21,10:55:21,8.45,-0.01,22,18590,卖盘,2017-06-27,2017-06-27 10:55:21
10:55:36,10:55:36,8.45,--,7,5914,买盘,2017-06-27,2017-06-27 10:55:36
10:55:42,10:55:42,8.45,--,4,3379,卖盘,2017-06-27,2017-06-27 10:55:42
10:55:57,10:55:57,8.46,0.01,54,45684,买盘,2017-06-27,2017-06-27 10:55:57
10:56:21,10:56:21,8.44,-0.02,10,8440,卖盘,2017-06-27,2017-06-27 10:56:21
10:56:27,10:56:27,8.46,0.02,35,29610,买盘,2017-06-27,2017-06-27 10:56:27
10:56:39,10:56:39,8.44,-0.02,2,1688,卖盘,2017-06-27,2017-06-27 10:56:39
10:56:45,10:56:45,8.44,--,35,29540,卖盘,2017-06-27,2017-06-27 10:56:45
10:56:57,10:56:57,8.45,0.01,2,1689,买盘,2017-06-27,2017-06-27 10:56:57
10:57:00,10:57:00,8.45,--,16,13519,卖盘,2017-06-27,2017-06-27 10:57:00
10:57:03,10:57:03,8.45,--,1,844,卖盘,2017-06-27,2017-06-27 10:57:03
10:57:27,10:57:27,8.46,0.01,49,41454,买盘,2017-06-27,2017-06-27 10:57:27
10:57:51,10:57:51,8.45,-0.01,5,4225,卖盘,2017-06-27,2017-06-27 10:57:51
10:57:57,10:57:57,8.46,0.01,28,23688,买盘,2017-06-27,2017-06-27 10:57:57
10:58:06,10:58:06,8.46,--,1,846,卖盘,2017-06-27,2017-06-27 10:58:06
10:58:09,10:58:09,8.46,--,16,13536,卖盘,2017-06-27,2017-06-27 10:58:09
10:58:24,10:58:24,8.45,-0.01,12,10140,卖盘,2017-06-27,2017-06-27 10:58:24
10:58:27,10:58:27,8.47,0.02,52,44044,买盘,2017-06-27,2017-06-27 10:58:27
10:58:54,10:58:54,8.46,-0.01,3,2538,中性盘,2017-06-27,2017-06-27 10:58:54
10:58:57,10:58:57,8.46,--,22,18612,买盘,2017-06-27,2017-06-27 10:58:57
10:59:00,10:59:00,8.46,--,20,16920,卖盘,2017-06-27,2017-06-27 10:59:00
10:59:12,10:59:12,8.46,--,5,4230,卖盘,2017-06-27,2017-06-27 10:59:12
10:59:27,10:59:27,8.47,0.01,50,42350,买盘,2017-06-27,2017-06-27 10:59:27
10:59:54,10:59:54,8.47,--,37,31339,买盘,2017-06-27,2017-06-27 10:59:54
10:59:57,10:59:57,8.47,--,19,16093,买盘,2017-06-27,2017-06-27 10:59:57
11:00:12,11:00:12,8.47,--,22,18634,卖盘,2017-06-27,2017-06-27 11:00:12
11:00:15,11:00:15,8.48,0.01,5,4240,买盘,2017-06-27,2017-06-27 11:00:15
11:00:30,11:00:30,8.48,--,43,36464,买盘,2017-06-27,2017-06-27 11:00:30
11:00:57,11:00:57,8.48,--,98,83104,买盘,2017-06-27,2017-06-27 11:00:57
11:01:06,11:01:06,8.48,--,29,24592,卖盘,2017-06-27,2017-06-27 11:01:06
11:01:12,11:01:12,8.49,0.01,83,70467,买盘,2017-06-27,2017-06-27 11:01:12
11:01:24,11:01:24,8.49,--,9,7641,买盘,2017-06-27,2017-06-27 11:01:24
11:01:30,11:01:30,8.48,-0.01,45,38160,卖盘,2017-06-27,2017-06-27 11:01:30
11:01:33,11:01:33,8.48,--,96,81408,卖盘,2017-06-27,2017-06-27 11:01:33
11:01:36,11:01:36,8.48,--,2,1696,卖盘,2017-06-27,2017-06-27 11:01:36
11:02:00,11:02:00,8.48,--,34,28832,买盘,2017-06-27,2017-06-27 11:02:00
11:02:06,11:02:06,8.48,--,9,7632,买盘,2017-06-27,2017-06-27 11:02:06
11:02:15,11:02:15,8.47,-0.01,10,8470,卖盘,2017-06-27,2017-06-27 11:02:15
11:02:24,11:02:24,8.48,0.01,1,848,买盘,2017-06-27,2017-06-27 11:02:24
11:02:30,11:02:30,8.48,--,39,33072,买盘,2017-06-27,2017-06-27 11:02:30
11:03:00,11:03:00,8.48,--,41,34768,买盘,2017-06-27,2017-06-27 11:03:00
11:03:12,11:03:12,8.48,--,20,16960,买盘,2017-06-27,2017-06-27 11:03:12
11:03:18,11:03:18,8.47,-0.01,4,3388,卖盘,2017-06-27,2017-06-27 11:03:18
11:03:27,11:03:27,8.48,0.01,96,81408,买盘,2017-06-27,2017-06-27 11:03:27
11:03:30,11:03:30,8.49,0.01,48,40752,买盘,2017-06-27,2017-06-27 11:03:30
11:03:51,11:03:51,8.48,-0.01,28,23744,卖盘,2017-06-27,2017-06-27 11:03:51
11:04:00,11:04:00,8.49,0.01,38,32262,买盘,2017-06-27,2017-06-27 11:04:00
11:04:15,11:04:15,8.49,--,17,14433,买盘,2017-06-27,2017-06-27 11:04:15
11:04:27,11:04:27,8.49,--,5,4245,买盘,2017-06-27,2017-06-27 11:04:27
11:04:30,11:04:30,8.49,--,29,24621,买盘,2017-06-27,2017-06-27 11:04:30
11:04:42,11:04:42,8.49,--,100,84900,买盘,2017-06-27,2017-06-27 11:04:42
11:04:48,11:04:48,8.49,--,33,28017,买盘,2017-06-27,2017-06-27 11:04:48
11:04:54,11:04:54,8.49,--,50,42450,买盘,2017-06-27,2017-06-27 11:04:54
11:04:57,11:04:57,8.49,--,11,9339,买盘,2017-06-27,2017-06-27 11:04:57
11:05:00,11:05:00,8.49,--,11,10154,买盘,2017-06-27,2017-06-27 11:05:00
11:05:09,11:05:09,8.49,--,37,31446,卖盘,2017-06-27,2017-06-27 11:05:09
11:05:24,11:05:24,8.49,--,62,53453,买盘,2017-06-27,2017-06-27 11:05:24
11:05:33,11:05:33,8.5,0.01,41,34850,买盘,2017-06-27,2017-06-27 11:05:33
11:06:03,11:06:03,8.5,--,37,31450,买盘,2017-06-27,2017-06-27 11:06:03
11:06:06,11:06:06,8.5,--,20,17000,买盘,2017-06-27,2017-06-27 11:06:06
11:06:18,11:06:18,8.5,--,45,38250,买盘,2017-06-27,2017-06-27 11:06:18
11:06:30,11:06:30,8.5,--,51,43350,买盘,2017-06-27,2017-06-27 11:06:30
11:06:33,11:06:33,8.5,--,30,25500,买盘,2017-06-27,2017-06-27 11:06:33
11:06:39,11:06:39,8.49,-0.01,29,24621,卖盘,2017-06-27,2017-06-27 11:06:39
11:06:42,11:06:42,8.5,0.01,21,17850,买盘,2017-06-27,2017-06-27 11:06:42
11:06:48,11:06:48,8.49,-0.01,9,7674,卖盘,2017-06-27,2017-06-27 11:06:48
11:07:03,11:07:03,8.49,--,40,34775,买盘,2017-06-27,2017-06-27 11:07:03
11:07:18,11:07:18,8.49,--,6,5094,中性盘,2017-06-27,2017-06-27 11:07:18
11:07:54,11:07:54,8.48,-0.01,25,21200,卖盘,2017-06-27,2017-06-27 11:07:54
11:08:36,11:08:36,8.49,0.01,14,11886,买盘,2017-06-27,2017-06-27 11:08:36
11:08:42,11:08:42,8.48,-0.01,16,13568,卖盘,2017-06-27,2017-06-27 11:08:42
11:08:51,11:08:51,8.48,--,10,8480,卖盘,2017-06-27,2017-06-27 11:08:51
11:09:00,11:09:00,8.48,--,2,1696,卖盘,2017-06-27,2017-06-27 11:09:00
11:09:03,11:09:03,8.48,--,10,8480,卖盘,2017-06-27,2017-06-27 11:09:03
11:09:12,11:09:12,8.48,--,14,11872,卖盘,2017-06-27,2017-06-27 11:09:12
11:09:36,11:09:36,8.47,-0.01,28,23716,卖盘,2017-06-27,2017-06-27 11:09:36
11:09:39,11:09:39,8.47,--,37,31339,卖盘,2017-06-27,2017-06-27 11:09:39
11:09:45,11:09:45,8.48,0.01,2,1696,买盘,2017-06-27,2017-06-27 11:09:45
11:10:24,11:10:24,8.47,-0.01,6,5082,卖盘,2017-06-27,2017-06-27 11:10:24
11:11:18,11:11:18,8.47,--,21,17787,卖盘,2017-06-27,2017-06-27 11:11:18
11:11:33,11:11:33,8.47,--,54,45738,卖盘,2017-06-27,2017-06-27 11:11:33
11:11:42,11:11:42,8.47,--,15,12705,卖盘,2017-06-27,2017-06-27 11:11:42
11:12:09,11:12:09,8.46,-0.01,54,45684,卖盘,2017-06-27,2017-06-27 11:12:09
11:12:18,11:12:18,8.46,--,13,10998,卖盘,2017-06-27,2017-06-27 11:12:18
11:12:21,11:12:21,8.46,--,29,24534,卖盘,2017-06-27,2017-06-27 11:12:21
11:12:30,11:12:30,8.46,--,26,21996,卖盘,2017-06-27,2017-06-27 11:12:30
11:12:33,11:12:33,8.46,--,74,62604,买盘,2017-06-27,2017-06-27 11:12:33
11:12:42,11:12:42,8.46,--,26,21996,卖盘,2017-06-27,2017-06-27 11:12:42
11:13:15,11:13:15,8.45,-0.01,101,85345,卖盘,2017-06-27,2017-06-27 11:13:15
11:13:24,11:13:24,8.45,--,15,12674,卖盘,2017-06-27,2017-06-27 11:13:24
11:13:27,11:13:27,8.45,--,47,39715,卖盘,2017-06-27,2017-06-27 11:13:27
11:13:54,11:13:54,8.45,--,100,84500,买盘,2017-06-27,2017-06-27 11:13:54
11:14:00,11:14:00,8.44,-0.01,1,844,卖盘,2017-06-27,2017-06-27 11:14:00
11:15:09,11:15:09,8.44,--,28,23632,卖盘,2017-06-27,2017-06-27 11:15:09
11:15:24,11:15:24,8.45,0.01,23,19435,买盘,2017-06-27,2017-06-27 11:15:24
11:15:30,11:15:30,8.44,-0.01,1,844,卖盘,2017-06-27,2017-06-27 11:15:30
11:15:33,11:15:33,8.44,--,41,34604,卖盘,2017-06-27,2017-06-27 11:15:33
11:15:45,11:15:45,8.44,--,7,5908,卖盘,2017-06-27,2017-06-27 11:15:45
11:15:51,11:15:51,8.45,0.01,12,10140,买盘,2017-06-27,2017-06-27 11:15:51
11:15:57,11:15:57,8.44,-0.01,7,5908,卖盘,2017-06-27,2017-06-27 11:15:57
11:16:27,11:16:27,8.44,--,1,844,卖盘,2017-06-27,2017-06-27 11:16:27
11:16:39,11:16:39,8.45,0.01,236,199419,买盘,2017-06-27,2017-06-27 11:16:39
11:17:12,11:17:12,8.45,--,2,1689,卖盘,2017-06-27,2017-06-27 11:17:12
11:17:21,11:17:21,8.46,0.01,11,9306,买盘,2017-06-27,2017-06-27 11:17:21
11:17:54,11:17:54,8.46,--,50,42300,买盘,2017-06-27,2017-06-27 11:17:54
11:18:06,11:18:06,8.45,-0.01,29,24504,卖盘,2017-06-27,2017-06-27 11:18:06
11:18:18,11:18:18,8.45,--,55,46474,卖盘,2017-06-27,2017-06-27 11:18:18
11:18:21,11:18:21,8.45,--,7,5914,卖盘,2017-06-27,2017-06-27 11:18:21
11:18:39,11:18:39,8.46,0.01,18,15228,买盘,2017-06-27,2017-06-27 11:18:39
11:18:42,11:18:42,8.46,--,1,846,买盘,2017-06-27,2017-06-27 11:18:42
11:18:51,11:18:51,8.45,-0.01,25,21125,卖盘,2017-06-27,2017-06-27 11:18:51
11:19:06,11:19:06,8.46,0.01,1,846,买盘,2017-06-27,2017-06-27 11:19:06
11:19:36,11:19:36,8.45,-0.01,80,67600,卖盘,2017-06-27,2017-06-27 11:19:36
11:19:54,11:19:54,8.44,-0.01,6,5064,卖盘,2017-06-27,2017-06-27 11:19:54
11:20:15,11:20:15,8.44,--,5,4220,买盘,2017-06-27,2017-06-27 11:20:15
11:20:18,11:20:18,8.45,0.01,10,8450,买盘,2017-06-27,2017-06-27 11:20:18
11:20:42,11:20:42,8.44,-0.01,24,20256,卖盘,2017-06-27,2017-06-27 11:20:42
11:20:51,11:20:51,8.43,-0.01,28,23604,卖盘,2017-06-27,2017-06-27 11:20:51
11:20:57,11:20:57,8.44,0.01,23,19412,买盘,2017-06-27,2017-06-27 11:20:57
11:21:06,11:21:06,8.44,--,20,16880,买盘,2017-06-27,2017-06-27 11:21:06
11:21:15,11:21:15,8.44,--,1,844,买盘,2017-06-27,2017-06-27 11:21:15
11:22:03,11:22:03,8.44,--,2,1688,卖盘,2017-06-27,2017-06-27 11:22:03
11:22:12,11:22:12,8.45,0.01,14,11829,买盘,2017-06-27,2017-06-27 11:22:12
11:22:15,11:22:15,8.44,-0.01,25,21100,卖盘,2017-06-27,2017-06-27 11:22:15
11:22:42,11:22:42,8.46,0.02,47,39762,买盘,2017-06-27,2017-06-27 11:22:42
11:22:45,11:22:45,8.44,-0.02,2,1688,卖盘,2017-06-27,2017-06-27 11:22:45
11:23:12,11:23:12,8.46,0.02,51,43146,买盘,2017-06-27,2017-06-27 11:23:12
11:23:18,11:23:18,8.46,--,30,25380,买盘,2017-06-27,2017-06-27 11:23:18
11:23:33,11:23:33,8.45,-0.01,2,1689,卖盘,2017-06-27,2017-06-27 11:23:33
11:23:42,11:23:42,8.46,0.01,43,36378,买盘,2017-06-27,2017-06-27 11:23:42
11:23:54,11:23:54,8.45,-0.01,29,24504,卖盘,2017-06-27,2017-06-27 11:23:54
11:24:15,11:24:15,8.46,0.01,50,42300,买盘,2017-06-27,2017-06-27 11:24:15
11:24:45,11:24:45,8.46,--,4,3384,买盘,2017-06-27,2017-06-27 11:24:45
11:25:03,11:25:03,8.46,--,4,3384,卖盘,2017-06-27,2017-06-27 11:25:03
11:25:15,11:25:15,8.47,0.01,32,27104,买盘,2017-06-27,2017-06-27 11:25:15
11:25:30,11:25:30,8.47,--,11,9317,买盘,2017-06-27,2017-06-27 11:25:30
11:25:45,11:25:45,8.47,--,36,30492,买盘,2017-06-27,2017-06-27 11:25:45
11:26:15,11:26:15,8.47,--,41,34727,买盘,2017-06-27,2017-06-27 11:26:15
11:26:45,11:26:45,8.47,--,46,38962,买盘,2017-06-27,2017-06-27 11:26:45
11:27:09,11:27:09,8.46,-0.01,10,8460,卖盘,2017-06-27,2017-06-27 11:27:09
11:27:15,11:27:15,8.47,0.01,28,23716,买盘,2017-06-27,2017-06-27 11:27:15
11:27:45,11:27:45,8.46,-0.01,49,41454,卖盘,2017-06-27,2017-06-27 11:27:45
11:28:03,11:28:03,8.46,--,6,5076,卖盘,2017-06-27,2017-06-27 11:28:03
11:28:15,11:28:15,8.48,0.02,52,44096,买盘,2017-06-27,2017-06-27 11:28:15
11:28:45,11:28:45,8.48,--,47,39856,买盘,2017-06-27,2017-06-27 11:28:45
11:28:48,11:28:48,8.48,--,5,4240,买盘,2017-06-27,2017-06-27 11:28:48
11:28:51,11:28:51,8.48,--,4,3392,买盘,2017-06-27,2017-06-27 11:28:51
11:29:06,11:29:06,8.48,--,9,7632,买盘,2017-06-27,2017-06-27 11:29:06
11:29:12,11:29:12,8.45,-0.03,25,21125,卖盘,2017-06-27,2017-06-27 11:29:12
11:29:18,11:29:18,8.45,--,40,33800,卖盘,2017-06-27,2017-06-27 11:29:18
11:29:36,11:29:36,8.49,0.04,5,4245,买盘,2017-06-27,2017-06-27 11:29:36
11:29:48,11:29:48,8.49,--,31,26319,买盘,2017-06-27,2017-06-27 11:29:48
11:30:00,11:30:00,8.49,--,0,0,买盘,2017-06-27,2017-06-27 11:30:00
13:00:00,13:00:00,8.49,--,0,0,买盘,2017-06-27,2017-06-27 13:00:00
13:00:03,13:00:03,8.44,-0.05,68,57392,卖盘,2017-06-27,2017-06-27 13:00:03
13:00:06,13:00:06,8.43,-0.01,149,125607,卖盘,2017-06-27,2017-06-27 13:00:06
13:00:18,13:00:18,8.43,--,55,46365,卖盘,2017-06-27,2017-06-27 13:00:18
13:00:48,13:00:48,8.49,0.06,53,44997,买盘,2017-06-27,2017-06-27 13:00:48
13:01:06,13:01:06,8.44,-0.05,2,1688,卖盘,2017-06-27,2017-06-27 13:01:06
13:01:09,13:01:09,8.43,-0.01,23,19389,卖盘,2017-06-27,2017-06-27 13:01:09
13:01:12,13:01:12,8.49,0.06,20,16980,买盘,2017-06-27,2017-06-27 13:01:12
13:01:18,13:01:18,8.49,--,45,38205,买盘,2017-06-27,2017-06-27 13:01:18
13:01:48,13:01:48,8.48,-0.01,48,40704,中性盘,2017-06-27,2017-06-27 13:01:48
13:02:00,13:02:00,8.48,--,52,44096,买盘,2017-06-27,2017-06-27 13:02:00
13:02:18,13:02:18,8.49,0.01,38,32262,买盘,2017-06-27,2017-06-27 13:02:18
13:02:21,13:02:21,8.48,-0.01,19,16112,卖盘,2017-06-27,2017-06-27 13:02:21
13:02:48,13:02:48,8.47,-0.01,2,1694,中性盘,2017-06-27,2017-06-27 13:02:48
13:03:00,13:03:00,8.47,--,3,2541,卖盘,2017-06-27,2017-06-27 13:03:00
13:03:06,13:03:06,8.47,--,22,18634,卖盘,2017-06-27,2017-06-27 13:03:06
13:03:18,13:03:18,8.48,0.01,37,31376,中性盘,2017-06-27,2017-06-27 13:03:18
13:03:39,13:03:39,8.48,--,3,2544,买盘,2017-06-27,2017-06-27 13:03:39
13:03:48,13:03:48,8.48,--,31,26288,买盘,2017-06-27,2017-06-27 13:03:48
13:04:21,13:04:21,8.48,--,36,30528,买盘,2017-06-27,2017-06-27 13:04:21
13:04:36,13:04:36,8.45,-0.03,19,16477,卖盘,2017-06-27,2017-06-27 13:04:36
13:04:51,13:04:51,8.48,0.03,54,45792,买盘,2017-06-27,2017-06-27 13:04:51
13:05:18,13:05:18,8.45,-0.03,3,2535,卖盘,2017-06-27,2017-06-27 13:05:18
13:05:21,13:05:21,8.48,0.03,63,53424,买盘,2017-06-27,2017-06-27 13:05:21
13:05:51,13:05:51,8.48,--,55,46640,卖盘,2017-06-27,2017-06-27 13:05:51
13:06:09,13:06:09,8.48,--,2,1696,卖盘,2017-06-27,2017-06-27 13:06:09
13:06:21,13:06:21,8.48,--,8,6784,买盘,2017-06-27,2017-06-27 13:06:21
13:06:24,13:06:24,8.49,0.01,184,156216,买盘,2017-06-27,2017-06-27 13:06:24
13:06:30,13:06:30,8.48,-0.01,21,17808,卖盘,2017-06-27,2017-06-27 13:06:30
13:06:51,13:06:51,8.48,--,46,39008,买盘,2017-06-27,2017-06-27 13:06:51
13:07:21,13:07:21,8.48,--,38,32224,买盘,2017-06-27,2017-06-27 13:07:21
13:07:27,13:07:27,8.45,-0.03,20,16900,卖盘,2017-06-27,2017-06-27 13:07:27
13:07:51,13:07:51,8.48,0.03,8,6784,买盘,2017-06-27,2017-06-27 13:07:51
13:07:54,13:07:54,8.48,--,23,19504,卖盘,2017-06-27,2017-06-27 13:07:54
13:08:09,13:08:09,8.45,-0.03,10,8450,卖盘,2017-06-27,2017-06-27 13:08:09
13:08:21,13:08:21,8.48,0.03,49,41552,买盘,2017-06-27,2017-06-27 13:08:21
13:08:51,13:08:51,8.48,--,41,34768,买盘,2017-06-27,2017-06-27 13:08:51
13:09:21,13:09:21,8.48,--,46,39008,买盘,2017-06-27,2017-06-27 13:09:21
13:09:48,13:09:48,8.45,-0.03,2,1689,卖盘,2017-06-27,2017-06-27 13:09:48
13:09:51,13:09:51,8.48,0.03,38,32224,买盘,2017-06-27,2017-06-27 13:09:51
13:10:24,13:10:24,8.48,--,29,24592,买盘,2017-06-27,2017-06-27 13:10:24
13:10:54,13:10:54,8.48,--,49,41552,买盘,2017-06-27,2017-06-27 13:10:54
13:11:24,13:11:24,8.47,-0.01,23,19481,买盘,2017-06-27,2017-06-27 13:11:24
13:11:39,13:11:39,8.47,--,58,49126,卖盘,2017-06-27,2017-06-27 13:11:39
13:11:54,13:11:54,8.48,0.01,33,27984,买盘,2017-06-27,2017-06-27 13:11:54
13:12:24,13:12:24,8.48,--,34,28832,买盘,2017-06-27,2017-06-27 13:12:24
13:12:39,13:12:39,8.48,--,8,6784,卖盘,2017-06-27,2017-06-27 13:12:39
13:12:42,13:12:42,8.48,--,11,9328,买盘,2017-06-27,2017-06-27 13:12:42
13:12:54,13:12:54,8.48,--,30,25440,买盘,2017-06-27,2017-06-27 13:12:54
13:13:15,13:13:15,8.48,--,20,16960,买盘,2017-06-27,2017-06-27 13:13:15
13:13:18,13:13:18,8.47,-0.01,4,3388,卖盘,2017-06-27,2017-06-27 13:13:18
13:13:24,13:13:24,8.48,0.01,48,40704,买盘,2017-06-27,2017-06-27 13:13:24
13:13:39,13:13:39,8.47,-0.01,30,25410,卖盘,2017-06-27,2017-06-27 13:13:39
13:13:48,13:13:48,8.47,--,2,1694,卖盘,2017-06-27,2017-06-27 13:13:48
13:13:54,13:13:54,8.48,0.01,40,33920,买盘,2017-06-27,2017-06-27 13:13:54
13:14:12,13:14:12,8.47,-0.01,64,54208,卖盘,2017-06-27,2017-06-27 13:14:12
13:14:24,13:14:24,8.48,0.01,47,39856,买盘,2017-06-27,2017-06-27 13:14:24
13:14:27,13:14:27,8.48,--,15,12720,买盘,2017-06-27,2017-06-27 13:14:27
13:14:51,13:14:51,8.45,-0.03,9,7604,卖盘,2017-06-27,2017-06-27 13:14:51
13:14:57,13:14:57,8.46,0.01,8,6768,买盘,2017-06-27,2017-06-27 13:14:57
13:15:24,13:15:24,8.46,--,44,37224,卖盘,2017-06-27,2017-06-27 13:15:24
13:15:27,13:15:27,8.47,0.01,19,16093,买盘,2017-06-27,2017-06-27 13:15:27
13:15:57,13:15:57,8.48,0.01,35,29680,买盘,2017-06-27,2017-06-27 13:15:57
13:16:03,13:16:03,8.47,-0.01,3,2541,卖盘,2017-06-27,2017-06-27 13:16:03
13:16:15,13:16:15,8.47,--,20,16940,卖盘,2017-06-27,2017-06-27 13:16:15
13:16:21,13:16:21,8.47,--,9,7623,买盘,2017-06-27,2017-06-27 13:16:21
13:16:27,13:16:27,8.47,--,3,2541,买盘,2017-06-27,2017-06-27 13:16:27
13:16:39,13:16:39,8.47,--,17,14399,卖盘,2017-06-27,2017-06-27 13:16:39
13:16:57,13:16:57,8.48,0.01,31,26288,买盘,2017-06-27,2017-06-27 13:16:57
13:17:27,13:17:27,8.47,-0.01,1,847,中性盘,2017-06-27,2017-06-27 13:17:27
13:17:39,13:17:39,8.47,--,7,5929,卖盘,2017-06-27,2017-06-27 13:17:39
13:17:57,13:17:57,8.48,0.01,51,43248,买盘,2017-06-27,2017-06-27 13:17:57
13:18:12,13:18:12,8.47,-0.01,42,35574,卖盘,2017-06-27,2017-06-27 13:18:12
13:18:27,13:18:27,8.48,0.01,43,36464,买盘,2017-06-27,2017-06-27 13:18:27
13:18:30,13:18:30,8.47,-0.01,3,2541,卖盘,2017-06-27,2017-06-27 13:18:30
13:18:33,13:18:33,8.47,--,5,4235,卖盘,2017-06-27,2017-06-27 13:18:33
13:18:57,13:18:57,8.48,0.01,36,30528,买盘,2017-06-27,2017-06-27 13:18:57
13:19:09,13:19:09,8.49,0.01,7,5943,买盘,2017-06-27,2017-06-27 13:19:09
13:19:24,13:19:24,8.48,-0.01,9,7632,卖盘,2017-06-27,2017-06-27 13:19:24
13:19:30,13:19:30,8.49,0.01,30,25470,买盘,2017-06-27,2017-06-27 13:19:30
13:20:00,13:20:00,8.49,--,47,39903,买盘,2017-06-27,2017-06-27 13:20:00
13:20:03,13:20:03,8.49,--,6,5094,买盘,2017-06-27,2017-06-27 13:20:03
13:20:09,13:20:09,8.49,--,20,16980,买盘,2017-06-27,2017-06-27 13:20:09
13:20:30,13:20:30,8.49,--,40,33960,买盘,2017-06-27,2017-06-27 13:20:30
13:20:36,13:20:36,8.49,--,89,75561,买盘,2017-06-27,2017-06-27 13:20:36
13:20:45,13:20:45,8.48,-0.01,30,25440,卖盘,2017-06-27,2017-06-27 13:20:45
13:21:00,13:21:00,8.5,0.02,35,29750,买盘,2017-06-27,2017-06-27 13:21:00
13:21:24,13:21:24,8.49,-0.01,10,8490,卖盘,2017-06-27,2017-06-27 13:21:24
13:21:36,13:21:36,8.49,--,20,16980,买盘,2017-06-27,2017-06-27 13:21:36
13:21:54,13:21:54,8.49,--,1,849,卖盘,2017-06-27,2017-06-27 13:21:54
13:22:21,13:22:21,8.5,0.01,286,243100,买盘,2017-06-27,2017-06-27 13:22:21
13:23:09,13:23:09,8.49,-0.01,105,89145,卖盘,2017-06-27,2017-06-27 13:23:09
13:23:33,13:23:33,8.49,--,22,18678,卖盘,2017-06-27,2017-06-27 13:23:33
13:23:51,13:23:51,8.49,--,1,849,卖盘,2017-06-27,2017-06-27 13:23:51
13:23:54,13:23:54,8.49,--,7,5943,卖盘,2017-06-27,2017-06-27 13:23:54
13:24:06,13:24:06,8.49,--,2,1698,卖盘,2017-06-27,2017-06-27 13:24:06
13:24:15,13:24:15,8.49,--,1,849,卖盘,2017-06-27,2017-06-27 13:24:15
13:24:18,13:24:18,8.49,--,40,33960,卖盘,2017-06-27,2017-06-27 13:24:18
13:24:27,13:24:27,8.49,--,7,5943,卖盘,2017-06-27,2017-06-27 13:24:27
13:24:39,13:24:39,8.49,--,50,42450,买盘,2017-06-27,2017-06-27 13:24:39
13:25:24,13:25:24,8.48,-0.01,15,12720,卖盘,2017-06-27,2017-06-27 13:25:24
13:26:12,13:26:12,8.48,--,6,5088,卖盘,2017-06-27,2017-06-27 13:26:12
13:26:54,13:26:54,8.48,--,1,848,卖盘,2017-06-27,2017-06-27 13:26:54
13:27:15,13:27:15,8.48,--,24,20352,卖盘,2017-06-27,2017-06-27 13:27:15
13:27:33,13:27:33,8.48,--,15,12720,卖盘,2017-06-27,2017-06-27 13:27:33
13:27:36,13:27:36,8.48,--,37,31376,卖盘,2017-06-27,2017-06-27 13:27:36
13:28:54,13:28:54,8.47,-0.01,1,847,卖盘,2017-06-27,2017-06-27 13:28:54
13:30:33,13:30:33,8.48,0.01,100,84800,买盘,2017-06-27,2017-06-27 13:30:33
13:31:21,13:31:21,8.47,-0.01,65,55055,卖盘,2017-06-27,2017-06-27 13:31:21
13:31:36,13:31:36,8.47,--,6,5082,卖盘,2017-06-27,2017-06-27 13:31:36
13:31:45,13:31:45,8.47,--,48,40656,卖盘,2017-06-27,2017-06-27 13:31:45
13:33:00,13:33:00,8.47,--,14,11858,买盘,2017-06-27,2017-06-27 13:33:00
13:34:18,13:34:18,8.47,--,5,4235,卖盘,2017-06-27,2017-06-27 13:34:18
13:34:21,13:34:21,8.47,--,26,22022,卖盘,2017-06-27,2017-06-27 13:34:21
13:34:27,13:34:27,8.47,--,10,8470,卖盘,2017-06-27,2017-06-27 13:34:27
13:34:42,13:34:42,8.47,--,10,8470,卖盘,2017-06-27,2017-06-27 13:34:42
13:34:51,13:34:51,8.47,--,3,2541,卖盘,2017-06-27,2017-06-27 13:34:51
13:34:57,13:34:57,8.48,0.01,31,26288,买盘,2017-06-27,2017-06-27 13:34:57
13:35:00,13:35:00,8.47,-0.01,12,10164,卖盘,2017-06-27,2017-06-27 13:35:00
13:35:21,13:35:21,8.47,--,24,20328,卖盘,2017-06-27,2017-06-27 13:35:21
13:35:24,13:35:24,8.48,0.01,3,2544,买盘,2017-06-27,2017-06-27 13:35:24
13:35:57,13:35:57,8.47,-0.01,11,9317,卖盘,2017-06-27,2017-06-27 13:35:57
13:36:06,13:36:06,8.47,--,2,1694,卖盘,2017-06-27,2017-06-27 13:36:06
13:36:24,13:36:24,8.48,0.01,9,7632,买盘,2017-06-27,2017-06-27 13:36:24
13:36:36,13:36:36,8.47,-0.01,15,12705,卖盘,2017-06-27,2017-06-27 13:36:36
13:36:51,13:36:51,8.48,0.01,1,848,买盘,2017-06-27,2017-06-27 13:36:51
13:36:57,13:36:57,8.48,--,20,16960,买盘,2017-06-27,2017-06-27 13:36:57
13:37:09,13:37:09,8.47,-0.01,135,114345,卖盘,2017-06-27,2017-06-27 13:37:09
13:37:51,13:37:51,8.47,--,9,7623,买盘,2017-06-27,2017-06-27 13:37:51
13:38:00,13:38:00,8.47,--,30,25410,买盘,2017-06-27,2017-06-27 13:38:00
13:38:06,13:38:06,8.47,--,19,16093,买盘,2017-06-27,2017-06-27 13:38:06
13:38:18,13:38:18,8.46,-0.01,8,6768,卖盘,2017-06-27,2017-06-27 13:38:18
13:38:45,13:38:45,8.47,0.01,1,847,买盘,2017-06-27,2017-06-27 13:38:45
13:38:51,13:38:51,8.46,-0.01,1,846,卖盘,2017-06-27,2017-06-27 13:38:51
13:39:12,13:39:12,8.46,--,210,177660,卖盘,2017-06-27,2017-06-27 13:39:12
13:39:36,13:39:36,8.46,--,3,2538,卖盘,2017-06-27,2017-06-27 13:39:36
13:39:54,13:39:54,8.46,--,1,846,买盘,2017-06-27,2017-06-27 13:39:54
13:40:00,13:40:00,8.45,-0.01,31,26194,卖盘,2017-06-27,2017-06-27 13:40:00
13:40:03,13:40:03,8.45,--,140,118299,卖盘,2017-06-27,2017-06-27 13:40:03
13:40:30,13:40:30,8.44,-0.01,1,844,卖盘,2017-06-27,2017-06-27 13:40:30
13:40:36,13:40:36,8.44,--,98,82712,卖盘,2017-06-27,2017-06-27 13:40:36
13:40:54,13:40:54,8.44,--,7,5908,卖盘,2017-06-27,2017-06-27 13:40:54
13:41:09,13:41:09,8.44,--,16,13504,卖盘,2017-06-27,2017-06-27 13:41:09
13:41:18,13:41:18,8.43,-0.01,47,39621,卖盘,2017-06-27,2017-06-27 13:41:18
13:41:42,13:41:42,8.43,--,13,10959,卖盘,2017-06-27,2017-06-27 13:41:42
13:41:57,13:41:57,8.44,0.01,24,20256,买盘,2017-06-27,2017-06-27 13:41:57
13:42:18,13:42:18,8.44,--,6,5064,买盘,2017-06-27,2017-06-27 13:42:18
13:42:24,13:42:24,8.43,-0.01,4,3372,卖盘,2017-06-27,2017-06-27 13:42:24
13:42:30,13:42:30,8.43,--,6,5058,买盘,2017-06-27,2017-06-27 13:42:30
13:42:36,13:42:36,8.43,--,4,3372,卖盘,2017-06-27,2017-06-27 13:42:36
13:42:39,13:42:39,8.43,--,100,84300,卖盘,2017-06-27,2017-06-27 13:42:39
13:42:57,13:42:57,8.43,--,16,13488,卖盘,2017-06-27,2017-06-27 13:42:57
13:43:09,13:43:09,8.43,--,3,2529,卖盘,2017-06-27,2017-06-27 13:43:09
13:43:15,13:43:15,8.44,0.01,12,10128,买盘,2017-06-27,2017-06-27 13:43:15
13:43:18,13:43:18,8.43,-0.01,25,21075,卖盘,2017-06-27,2017-06-27 13:43:18
13:43:24,13:43:24,8.44,0.01,50,42200,买盘,2017-06-27,2017-06-27 13:43:24
13:43:30,13:43:30,8.43,-0.01,64,53952,卖盘,2017-06-27,2017-06-27 13:43:30
13:43:33,13:43:33,8.44,0.01,50,42200,买盘,2017-06-27,2017-06-27 13:43:33
13:43:45,13:43:45,8.43,-0.01,21,17703,卖盘,2017-06-27,2017-06-27 13:43:45
13:43:54,13:43:54,8.44,0.01,50,42200,买盘,2017-06-27,2017-06-27 13:43:54
13:43:57,13:43:57,8.44,--,50,42200,买盘,2017-06-27,2017-06-27 13:43:57
13:44:03,13:44:03,8.44,--,20,16880,买盘,2017-06-27,2017-06-27 13:44:03
13:44:09,13:44:09,8.44,--,13,10972,买盘,2017-06-27,2017-06-27 13:44:09
13:44:15,13:44:15,8.44,--,9,7596,买盘,2017-06-27,2017-06-27 13:44:15
13:44:18,13:44:18,8.44,--,8,6752,买盘,2017-06-27,2017-06-27 13:44:18
13:44:21,13:44:21,8.44,--,20,16880,买盘,2017-06-27,2017-06-27 13:44:21
13:44:24,13:44:24,8.44,--,3,2532,买盘,2017-06-27,2017-06-27 13:44:24
13:44:27,13:44:27,8.43,-0.01,10,8430,卖盘,2017-06-27,2017-06-27 13:44:27
13:44:33,13:44:33,8.44,0.01,14,11816,买盘,2017-06-27,2017-06-27 13:44:33
13:46:24,13:46:24,8.44,--,8,6752,卖盘,2017-06-27,2017-06-27 13:46:24
13:47:48,13:47:48,8.44,--,6,5064,卖盘,2017-06-27,2017-06-27 13:47:48
13:48:00,13:48:00,8.44,--,95,80180,卖盘,2017-06-27,2017-06-27 13:48:00
13:48:33,13:48:33,8.44,--,5,4220,买盘,2017-06-27,2017-06-27 13:48:33
13:48:48,13:48:48,8.43,-0.01,5,4215,卖盘,2017-06-27,2017-06-27 13:48:48
13:49:18,13:49:18,8.44,0.01,36,30384,买盘,2017-06-27,2017-06-27 13:49:18
13:49:21,13:49:21,8.44,--,3,2532,卖盘,2017-06-27,2017-06-27 13:49:21
13:50:00,13:50:00,8.44,--,10,8440,卖盘,2017-06-27,2017-06-27 13:50:00
13:50:12,13:50:12,8.44,--,4,3376,卖盘,2017-06-27,2017-06-27 13:50:12
13:51:39,13:51:39,8.44,--,12,10128,卖盘,2017-06-27,2017-06-27 13:51:39
13:52:09,13:52:09,8.45,0.01,6,5070,买盘,2017-06-27,2017-06-27 13:52:09
13:52:18,13:52:18,8.45,--,6,5070,买盘,2017-06-27,2017-06-27 13:52:18
13:53:03,13:53:03,8.45,--,3,2535,买盘,2017-06-27,2017-06-27 13:53:03
13:53:06,13:53:06,8.45,--,23,19435,买盘,2017-06-27,2017-06-27 13:53:06
13:53:18,13:53:18,8.44,-0.01,22,18568,卖盘,2017-06-27,2017-06-27 13:53:18
13:54:54,13:54:54,8.45,0.01,30,25349,买盘,2017-06-27,2017-06-27 13:54:54
13:55:15,13:55:15,8.44,-0.01,5,4220,卖盘,2017-06-27,2017-06-27 13:55:15
13:55:33,13:55:33,8.44,--,2,1688,卖盘,2017-06-27,2017-06-27 13:55:33
13:55:48,13:55:48,8.44,--,5,4220,卖盘,2017-06-27,2017-06-27 13:55:48
13:56:21,13:56:21,8.44,--,5,4220,卖盘,2017-06-27,2017-06-27 13:56:21
13:56:48,13:56:48,8.44,--,4,3376,卖盘,2017-06-27,2017-06-27 13:56:48
13:57:06,13:57:06,8.44,--,222,187368,卖盘,2017-06-27,2017-06-27 13:57:06
13:57:39,13:57:39,8.44,--,50,42200,买盘,2017-06-27,2017-06-27 13:57:39
13:57:42,13:57:42,8.43,-0.01,30,25290,卖盘,2017-06-27,2017-06-27 13:57:42
13:58:18,13:58:18,8.43,--,20,16860,卖盘,2017-06-27,2017-06-27 13:58:18
13:58:21,13:58:21,8.44,0.01,10,8440,买盘,2017-06-27,2017-06-27 13:58:21
13:58:27,13:58:27,8.43,-0.01,11,9273,卖盘,2017-06-27,2017-06-27 13:58:27
13:58:54,13:58:54,8.43,--,25,21075,卖盘,2017-06-27,2017-06-27 13:58:54
13:58:57,13:58:57,8.43,--,46,38778,卖盘,2017-06-27,2017-06-27 13:58:57
13:59:12,13:59:12,8.44,0.01,5,4220,买盘,2017-06-27,2017-06-27 13:59:12
13:59:33,13:59:33,8.44,--,10,8440,买盘,2017-06-27,2017-06-27 13:59:33
13:59:36,13:59:36,8.43,-0.01,16,13488,卖盘,2017-06-27,2017-06-27 13:59:36
14:00:03,14:00:03,8.44,0.01,10,8440,买盘,2017-06-27,2017-06-27 14:00:03
14:00:36,14:00:36,8.43,-0.01,4,3372,卖盘,2017-06-27,2017-06-27 14:00:36
14:00:48,14:00:48,8.44,0.01,44,37136,买盘,2017-06-27,2017-06-27 14:00:48
14:00:51,14:00:51,8.43,-0.01,27,22761,卖盘,2017-06-27,2017-06-27 14:00:51
14:02:06,14:02:06,8.44,0.01,6,5064,买盘,2017-06-27,2017-06-27 14:02:06
14:02:18,14:02:18,8.44,--,3,2532,买盘,2017-06-27,2017-06-27 14:02:18
14:02:42,14:02:42,8.44,--,2,1688,买盘,2017-06-27,2017-06-27 14:02:42
14:03:33,14:03:33,8.44,--,20,16880,买盘,2017-06-27,2017-06-27 14:03:33
14:03:36,14:03:36,8.44,--,20,16880,买盘,2017-06-27,2017-06-27 14:03:36
14:04:00,14:04:00,8.43,-0.01,4,3372,卖盘,2017-06-27,2017-06-27 14:04:00
14:04:03,14:04:03,8.44,0.01,20,16880,买盘,2017-06-27,2017-06-27 14:04:03
14:04:45,14:04:45,8.44,--,8,6752,买盘,2017-06-27,2017-06-27 14:04:45
14:04:48,14:04:48,8.43,-0.01,90,75870,卖盘,2017-06-27,2017-06-27 14:04:48
14:05:00,14:05:00,8.43,--,5,4215,卖盘,2017-06-27,2017-06-27 14:05:00
14:05:15,14:05:15,8.43,--,2,1686,卖盘,2017-06-27,2017-06-27 14:05:15
14:05:36,14:05:36,8.43,--,69,58167,卖盘,2017-06-27,2017-06-27 14:05:36
14:05:42,14:05:42,8.43,--,72,60696,卖盘,2017-06-27,2017-06-27 14:05:42
14:05:45,14:05:45,8.43,--,12,10116,卖盘,2017-06-27,2017-06-27 14:05:45
14:05:57,14:05:57,8.44,0.01,1,844,买盘,2017-06-27,2017-06-27 14:05:57
14:06:00,14:06:00,8.43,-0.01,50,42150,卖盘,2017-06-27,2017-06-27 14:06:00
14:06:03,14:06:03,8.44,0.01,6,5064,买盘,2017-06-27,2017-06-27 14:06:03
14:06:12,14:06:12,8.43,-0.01,3,2529,卖盘,2017-06-27,2017-06-27 14:06:12
14:06:39,14:06:39,8.44,0.01,2,1688,买盘,2017-06-27,2017-06-27 14:06:39
14:07:27,14:07:27,8.44,--,5,4220,买盘,2017-06-27,2017-06-27 14:07:27
14:07:36,14:07:36,8.43,-0.01,96,80928,卖盘,2017-06-27,2017-06-27 14:07:36
14:08:03,14:08:03,8.43,--,55,46365,卖盘,2017-06-27,2017-06-27 14:08:03
14:08:21,14:08:21,8.42,-0.01,31,26102,卖盘,2017-06-27,2017-06-27 14:08:21
14:08:24,14:08:24,8.43,0.01,1,843,买盘,2017-06-27,2017-06-27 14:08:24
14:08:36,14:08:36,8.42,-0.01,10,8420,卖盘,2017-06-27,2017-06-27 14:08:36
14:08:48,14:08:48,8.43,0.01,3,2529,买盘,2017-06-27,2017-06-27 14:08:48
14:09:15,14:09:15,8.42,-0.01,10,8420,卖盘,2017-06-27,2017-06-27 14:09:15
14:09:18,14:09:18,8.43,0.01,20,16860,买盘,2017-06-27,2017-06-27 14:09:18
14:09:42,14:09:42,8.43,--,8,6744,买盘,2017-06-27,2017-06-27 14:09:42
14:09:48,14:09:48,8.43,--,2,1686,卖盘,2017-06-27,2017-06-27 14:09:48
14:10:03,14:10:03,8.43,--,7,5901,卖盘,2017-06-27,2017-06-27 14:10:03
14:10:15,14:10:15,8.43,--,6,5058,卖盘,2017-06-27,2017-06-27 14:10:15
14:10:18,14:10:18,8.44,0.01,87,73428,买盘,2017-06-27,2017-06-27 14:10:18
14:11:18,14:11:18,8.44,--,17,14348,买盘,2017-06-27,2017-06-27 14:11:18
14:11:21,14:11:21,8.43,-0.01,10,8430,卖盘,2017-06-27,2017-06-27 14:11:21
14:11:30,14:11:30,8.43,--,3,2529,卖盘,2017-06-27,2017-06-27 14:11:30
14:11:51,14:11:51,8.43,--,5,4215,卖盘,2017-06-27,2017-06-27 14:11:51
14:12:00,14:12:00,8.43,--,24,20232,卖盘,2017-06-27,2017-06-27 14:12:00
14:12:27,14:12:27,8.44,0.01,3,2532,买盘,2017-06-27,2017-06-27 14:12:27
14:12:30,14:12:30,8.44,--,6,5064,买盘,2017-06-27,2017-06-27 14:12:30
14:12:39,14:12:39,8.43,-0.01,90,75870,卖盘,2017-06-27,2017-06-27 14:12:39
14:13:24,14:13:24,8.43,--,2,1686,卖盘,2017-06-27,2017-06-27 14:13:24
14:13:48,14:13:48,8.43,--,28,23604,卖盘,2017-06-27,2017-06-27 14:13:48
14:14:24,14:14:24,8.43,--,10,8430,卖盘,2017-06-27,2017-06-27 14:14:24
14:14:39,14:14:39,8.43,--,10,8430,卖盘,2017-06-27,2017-06-27 14:14:39
14:14:51,14:14:51,8.43,--,29,24447,卖盘,2017-06-27,2017-06-27 14:14:51
14:14:54,14:14:54,8.43,--,1,843,买盘,2017-06-27,2017-06-27 14:14:54
14:15:09,14:15:09,8.42,-0.01,250,210500,卖盘,2017-06-27,2017-06-27 14:15:09
14:15:21,14:15:21,8.43,0.01,20,16860,买盘,2017-06-27,2017-06-27 14:15:21
14:15:33,14:15:33,8.42,-0.01,10,8420,卖盘,2017-06-27,2017-06-27 14:15:33
14:15:39,14:15:39,8.42,--,34,29461,卖盘,2017-06-27,2017-06-27 14:15:39
14:15:54,14:15:54,8.41,-0.01,250,210250,卖盘,2017-06-27,2017-06-27 14:15:54
14:16:03,14:16:03,8.42,0.01,6,5052,买盘,2017-06-27,2017-06-27 14:16:03
14:16:06,14:16:06,8.4,-0.02,60,50400,卖盘,2017-06-27,2017-06-27 14:16:06
14:16:30,14:16:30,8.4,--,350,294000,卖盘,2017-06-27,2017-06-27 14:16:30
14:16:48,14:16:48,8.42,0.02,10,8420,买盘,2017-06-27,2017-06-27 14:16:48
14:16:54,14:16:54,8.42,--,30,25260,买盘,2017-06-27,2017-06-27 14:16:54
14:16:57,14:16:57,8.41,-0.01,21,17661,卖盘,2017-06-27,2017-06-27 14:16:57
14:17:00,14:17:00,8.41,--,9,7569,卖盘,2017-06-27,2017-06-27 14:17:00
14:17:03,14:17:03,8.41,--,70,58870,卖盘,2017-06-27,2017-06-27 14:17:03
14:17:12,14:17:12,8.41,--,3,2523,买盘,2017-06-27,2017-06-27 14:17:12
14:17:15,14:17:15,8.41,--,5,4205,买盘,2017-06-27,2017-06-27 14:17:15
14:17:21,14:17:21,8.41,--,15,12615,买盘,2017-06-27,2017-06-27 14:17:21
14:17:24,14:17:24,8.41,--,6,5046,买盘,2017-06-27,2017-06-27 14:17:24
14:17:39,14:17:39,8.4,-0.01,28,23520,卖盘,2017-06-27,2017-06-27 14:17:39
14:17:45,14:17:45,8.41,0.01,61,51301,买盘,2017-06-27,2017-06-27 14:17:45
14:17:48,14:17:48,8.4,-0.01,1,840,卖盘,2017-06-27,2017-06-27 14:17:48
14:17:51,14:17:51,8.4,--,136,114240,卖盘,2017-06-27,2017-06-27 14:17:51
14:17:54,14:17:54,8.4,--,83,69720,卖盘,2017-06-27,2017-06-27 14:17:54
14:18:03,14:18:03,8.4,--,6,5040,买盘,2017-06-27,2017-06-27 14:18:03
14:18:06,14:18:06,8.4,--,6,5040,买盘,2017-06-27,2017-06-27 14:18:06
14:18:15,14:18:15,8.4,--,10,8400,买盘,2017-06-27,2017-06-27 14:18:15
14:18:21,14:18:21,8.39,-0.01,140,117460,卖盘,2017-06-27,2017-06-27 14:18:21
14:18:30,14:18:30,8.4,0.01,6,5040,买盘,2017-06-27,2017-06-27 14:18:30
14:18:42,14:18:42,8.39,-0.01,65,54535,卖盘,2017-06-27,2017-06-27 14:18:42
14:18:45,14:18:45,8.4,0.01,1,840,买盘,2017-06-27,2017-06-27 14:18:45
14:18:54,14:18:54,8.39,-0.01,48,40272,卖盘,2017-06-27,2017-06-27 14:18:54
14:18:57,14:18:57,8.4,0.01,50,42000,买盘,2017-06-27,2017-06-27 14:18:57
14:19:00,14:19:00,8.4,--,20,16800,买盘,2017-06-27,2017-06-27 14:19:00
14:19:12,14:19:12,8.4,--,80,67200,买盘,2017-06-27,2017-06-27 14:19:12
14:19:18,14:19:18,8.4,--,22,18480,买盘,2017-06-27,2017-06-27 14:19:18
14:19:21,14:19:21,8.4,--,40,33600,买盘,2017-06-27,2017-06-27 14:19:21
14:19:24,14:19:24,8.4,--,59,49560,买盘,2017-06-27,2017-06-27 14:19:24
14:19:27,14:19:27,8.4,--,16,13440,买盘,2017-06-27,2017-06-27 14:19:27
14:19:30,14:19:30,8.4,--,8,6720,买盘,2017-06-27,2017-06-27 14:19:30
14:19:57,14:19:57,8.4,--,14,11760,卖盘,2017-06-27,2017-06-27 14:19:57
14:20:30,14:20:30,8.4,--,19,15960,卖盘,2017-06-27,2017-06-27 14:20:30
14:20:33,14:20:33,8.41,0.01,12,10092,买盘,2017-06-27,2017-06-27 14:20:33
14:20:39,14:20:39,8.41,--,50,42050,买盘,2017-06-27,2017-06-27 14:20:39
14:20:42,14:20:42,8.41,--,2,1682,买盘,2017-06-27,2017-06-27 14:20:42
14:20:54,14:20:54,8.4,-0.01,30,25200,卖盘,2017-06-27,2017-06-27 14:20:54
14:21:03,14:21:03,8.41,0.01,20,16820,买盘,2017-06-27,2017-06-27 14:21:03
14:21:12,14:21:12,8.41,--,3,2523,买盘,2017-06-27,2017-06-27 14:21:12
14:21:15,14:21:15,8.41,--,55,46255,买盘,2017-06-27,2017-06-27 14:21:15
14:21:24,14:21:24,8.41,--,10,8410,买盘,2017-06-27,2017-06-27 14:21:24
14:21:39,14:21:39,8.4,-0.01,4,3360,卖盘,2017-06-27,2017-06-27 14:21:39
14:21:42,14:21:42,8.4,--,20,16800,卖盘,2017-06-27,2017-06-27 14:21:42
14:22:00,14:22:00,8.4,--,68,57120,卖盘,2017-06-27,2017-06-27 14:22:00
14:22:06,14:22:06,8.4,--,121,101640,卖盘,2017-06-27,2017-06-27 14:22:06
14:22:15,14:22:15,8.4,--,3,2520,买盘,2017-06-27,2017-06-27 14:22:15
14:22:21,14:22:21,8.4,--,8,6720,买盘,2017-06-27,2017-06-27 14:22:21
14:22:24,14:22:24,8.4,--,5,4200,买盘,2017-06-27,2017-06-27 14:22:24
14:22:27,14:22:27,8.39,-0.01,145,121655,卖盘,2017-06-27,2017-06-27 14:22:27
14:22:36,14:22:36,8.39,--,20,16780,卖盘,2017-06-27,2017-06-27 14:22:36
14:22:39,14:22:39,8.39,--,269,225691,卖盘,2017-06-27,2017-06-27 14:22:39
14:22:45,14:22:45,8.4,0.01,5,4200,买盘,2017-06-27,2017-06-27 14:22:45
14:22:51,14:22:51,8.39,-0.01,50,41950,卖盘,2017-06-27,2017-06-27 14:22:51
14:22:54,14:22:54,8.39,--,20,16780,卖盘,2017-06-27,2017-06-27 14:22:54
14:23:00,14:23:00,8.39,--,19,15941,买盘,2017-06-27,2017-06-27 14:23:00
14:23:12,14:23:12,8.38,-0.01,740,620120,卖盘,2017-06-27,2017-06-27 14:23:12
14:23:36,14:23:36,8.38,--,1,838,卖盘,2017-06-27,2017-06-27 14:23:36
14:23:39,14:23:39,8.38,--,3,2514,卖盘,2017-06-27,2017-06-27 14:23:39
14:23:42,14:23:42,8.38,--,40,33520,卖盘,2017-06-27,2017-06-27 14:23:42
14:23:48,14:23:48,8.38,--,15,12570,卖盘,2017-06-27,2017-06-27 14:23:48
14:24:03,14:24:03,8.38,--,28,23464,卖盘,2017-06-27,2017-06-27 14:24:03
14:24:15,14:24:15,8.38,--,51,42738,卖盘,2017-06-27,2017-06-27 14:24:15
14:24:21,14:24:21,8.39,0.01,3,2517,买盘,2017-06-27,2017-06-27 14:24:21
14:24:24,14:24:24,8.38,-0.01,2,1676,卖盘,2017-06-27,2017-06-27 14:24:24
14:24:30,14:24:30,8.38,--,3,2514,买盘,2017-06-27,2017-06-27 14:24:30
14:24:42,14:24:42,8.39,0.01,3,2517,买盘,2017-06-27,2017-06-27 14:24:42
14:25:09,14:25:09,8.39,--,10,8390,买盘,2017-06-27,2017-06-27 14:25:09
14:25:18,14:25:18,8.39,--,5,4195,买盘,2017-06-27,2017-06-27 14:25:18
14:25:24,14:25:24,8.38,-0.01,45,37710,卖盘,2017-06-27,2017-06-27 14:25:24
14:25:27,14:25:27,8.39,0.01,30,25170,买盘,2017-06-27,2017-06-27 14:25:27
14:25:30,14:25:30,8.39,--,2,1678,买盘,2017-06-27,2017-06-27 14:25:30
14:25:36,14:25:36,8.38,-0.01,60,50280,卖盘,2017-06-27,2017-06-27 14:25:36
14:25:39,14:25:39,8.39,0.01,16,13424,买盘,2017-06-27,2017-06-27 14:25:39
14:25:42,14:25:42,8.39,--,22,18458,买盘,2017-06-27,2017-06-27 14:25:42
14:25:45,14:25:45,8.39,--,11,9229,买盘,2017-06-27,2017-06-27 14:25:45
14:25:51,14:25:51,8.39,--,50,41950,买盘,2017-06-27,2017-06-27 14:25:51
14:25:54,14:25:54,8.39,--,4,3356,买盘,2017-06-27,2017-06-27 14:25:54
14:26:03,14:26:03,8.38,-0.01,9,7542,卖盘,2017-06-27,2017-06-27 14:26:03
14:26:09,14:26:09,8.39,0.01,5,4195,买盘,2017-06-27,2017-06-27 14:26:09
14:26:18,14:26:18,8.39,--,4,3356,买盘,2017-06-27,2017-06-27 14:26:18
14:26:21,14:26:21,8.38,-0.01,78,65364,卖盘,2017-06-27,2017-06-27 14:26:21
14:26:24,14:26:24,8.39,0.01,60,50340,买盘,2017-06-27,2017-06-27 14:26:24
14:26:30,14:26:30,8.38,-0.01,30,25140,卖盘,2017-06-27,2017-06-27 14:26:30
14:26:33,14:26:33,8.39,0.01,20,16780,买盘,2017-06-27,2017-06-27 14:26:33
14:26:45,14:26:45,8.39,--,41,34399,买盘,2017-06-27,2017-06-27 14:26:45
14:26:51,14:26:51,8.38,-0.01,5,4190,卖盘,2017-06-27,2017-06-27 14:26:51
14:27:00,14:27:00,8.38,--,5,4190,卖盘,2017-06-27,2017-06-27 14:27:00
14:27:09,14:27:09,8.39,0.01,55,46145,买盘,2017-06-27,2017-06-27 14:27:09
14:27:18,14:27:18,8.39,--,3,2517,买盘,2017-06-27,2017-06-27 14:27:18
14:27:21,14:27:21,8.39,--,10,8390,买盘,2017-06-27,2017-06-27 14:27:21
14:27:24,14:27:24,8.39,--,10,8390,买盘,2017-06-27,2017-06-27 14:27:24
14:27:30,14:27:30,8.39,--,135,113265,买盘,2017-06-27,2017-06-27 14:27:30
14:27:36,14:27:36,8.39,--,9,7551,卖盘,2017-06-27,2017-06-27 14:27:36
14:27:45,14:27:45,8.4,0.01,169,141960,买盘,2017-06-27,2017-06-27 14:27:45
14:27:51,14:27:51,8.4,--,4,3360,卖盘,2017-06-27,2017-06-27 14:27:51
14:27:57,14:27:57,8.41,0.01,36,30276,买盘,2017-06-27,2017-06-27 14:27:57
14:28:24,14:28:24,8.41,--,5,4205,买盘,2017-06-27,2017-06-27 14:28:24
14:28:27,14:28:27,8.41,--,4,3364,买盘,2017-06-27,2017-06-27 14:28:27
14:28:36,14:28:36,8.41,--,2,1682,买盘,2017-06-27,2017-06-27 14:28:36
14:28:48,14:28:48,8.41,--,101,84941,买盘,2017-06-27,2017-06-27 14:28:48
14:28:51,14:28:51,8.41,--,31,26071,买盘,2017-06-27,2017-06-27 14:28:51
14:28:54,14:28:54,8.4,-0.01,58,48720,卖盘,2017-06-27,2017-06-27 14:28:54
14:28:57,14:28:57,8.41,0.01,15,12615,买盘,2017-06-27,2017-06-27 14:28:57
14:29:12,14:29:12,8.41,--,5,4205,买盘,2017-06-27,2017-06-27 14:29:12
14:29:21,14:29:21,8.41,--,40,33640,买盘,2017-06-27,2017-06-27 14:29:21
14:29:33,14:29:33,8.41,--,4,3364,买盘,2017-06-27,2017-06-27 14:29:33
14:29:42,14:29:42,8.41,--,41,34481,买盘,2017-06-27,2017-06-27 14:29:42
14:29:48,14:29:48,8.41,--,110,92510,买盘,2017-06-27,2017-06-27 14:29:48
14:29:54,14:29:54,8.41,--,1,841,卖盘,2017-06-27,2017-06-27 14:29:54
14:30:09,14:30:09,8.41,--,20,16820,卖盘,2017-06-27,2017-06-27 14:30:09
14:30:18,14:30:18,8.42,0.01,264,222296,买盘,2017-06-27,2017-06-27 14:30:18
14:30:45,14:30:45,8.43,0.01,1,843,买盘,2017-06-27,2017-06-27 14:30:45
14:30:48,14:30:48,8.43,--,200,168600,买盘,2017-06-27,2017-06-27 14:30:48
14:30:54,14:30:54,8.43,--,17,14331,买盘,2017-06-27,2017-06-27 14:30:54
14:31:09,14:31:09,8.44,0.01,5,4220,买盘,2017-06-27,2017-06-27 14:31:09
14:31:15,14:31:15,8.44,--,20,16880,买盘,2017-06-27,2017-06-27 14:31:15
14:31:24,14:31:24,8.44,--,39,32916,买盘,2017-06-27,2017-06-27 14:31:24
14:31:30,14:31:30,8.43,-0.01,12,10116,卖盘,2017-06-27,2017-06-27 14:31:30
14:31:51,14:31:51,8.43,--,14,11802,卖盘,2017-06-27,2017-06-27 14:31:51
14:31:54,14:31:54,8.43,--,25,21075,卖盘,2017-06-27,2017-06-27 14:31:54
14:31:57,14:31:57,8.43,--,5,4215,卖盘,2017-06-27,2017-06-27 14:31:57
14:32:00,14:32:00,8.43,--,50,42150,卖盘,2017-06-27,2017-06-27 14:32:00
14:32:03,14:32:03,8.43,--,1,843,卖盘,2017-06-27,2017-06-27 14:32:03
14:32:09,14:32:09,8.42,-0.01,40,33680,卖盘,2017-06-27,2017-06-27 14:32:09
14:32:12,14:32:12,8.43,0.01,4,3372,买盘,2017-06-27,2017-06-27 14:32:12
14:32:15,14:32:15,8.43,--,70,59010,买盘,2017-06-27,2017-06-27 14:32:15
14:32:24,14:32:24,8.43,--,18,15174,卖盘,2017-06-27,2017-06-27 14:32:24
14:32:42,14:32:42,8.43,--,147,123921,卖盘,2017-06-27,2017-06-27 14:32:42
14:32:48,14:32:48,8.43,--,3,2529,买盘,2017-06-27,2017-06-27 14:32:48
14:32:51,14:32:51,8.44,0.01,100,84400,买盘,2017-06-27,2017-06-27 14:32:51
14:33:00,14:33:00,8.43,-0.01,7,5901,卖盘,2017-06-27,2017-06-27 14:33:00
14:33:03,14:33:03,8.43,--,10,8430,买盘,2017-06-27,2017-06-27 14:33:03
14:33:09,14:33:09,8.43,--,4,3372,买盘,2017-06-27,2017-06-27 14:33:09
14:33:12,14:33:12,8.43,--,12,10116,卖盘,2017-06-27,2017-06-27 14:33:12
14:33:18,14:33:18,8.43,--,30,25290,买盘,2017-06-27,2017-06-27 14:33:18
14:33:27,14:33:27,8.42,-0.01,100,84200,卖盘,2017-06-27,2017-06-27 14:33:27
14:33:36,14:33:36,8.42,--,68,57256,卖盘,2017-06-27,2017-06-27 14:33:36
14:33:45,14:33:45,8.42,--,49,42091,卖盘,2017-06-27,2017-06-27 14:33:45
14:33:51,14:33:51,8.43,0.01,12,10116,买盘,2017-06-27,2017-06-27 14:33:51
14:34:09,14:34:09,8.41,-0.02,5,4205,卖盘,2017-06-27,2017-06-27 14:34:09
14:34:33,14:34:33,8.41,--,147,123627,卖盘,2017-06-27,2017-06-27 14:34:33
14:34:45,14:34:45,8.41,--,105,88305,卖盘,2017-06-27,2017-06-27 14:34:45
14:34:51,14:34:51,8.42,0.01,20,16840,买盘,2017-06-27,2017-06-27 14:34:51
14:35:15,14:35:15,8.42,--,28,23576,买盘,2017-06-27,2017-06-27 14:35:15
14:35:33,14:35:33,8.41,-0.01,50,42050,卖盘,2017-06-27,2017-06-27 14:35:33
14:35:57,14:35:57,8.41,--,3,2523,卖盘,2017-06-27,2017-06-27 14:35:57
14:36:00,14:36:00,8.42,0.01,10,8420,买盘,2017-06-27,2017-06-27 14:36:00
14:36:03,14:36:03,8.41,-0.01,64,53824,卖盘,2017-06-27,2017-06-27 14:36:03
14:36:36,14:36:36,8.41,--,140,117740,卖盘,2017-06-27,2017-06-27 14:36:36
14:36:45,14:36:45,8.42,0.01,3,2526,买盘,2017-06-27,2017-06-27 14:36:45
14:36:57,14:36:57,8.42,--,1,842,买盘,2017-06-27,2017-06-27 14:36:57
14:37:00,14:37:00,8.41,-0.01,67,56347,卖盘,2017-06-27,2017-06-27 14:37:00
14:37:12,14:37:12,8.41,--,56,47096,卖盘,2017-06-27,2017-06-27 14:37:12
14:37:15,14:37:15,8.41,--,46,38686,卖盘,2017-06-27,2017-06-27 14:37:15
14:37:45,14:37:45,8.41,--,45,37845,中性盘,2017-06-27,2017-06-27 14:37:45
14:37:54,14:37:54,8.42,0.01,22,18524,买盘,2017-06-27,2017-06-27 14:37:54
14:38:03,14:38:03,8.41,-0.01,2,1682,卖盘,2017-06-27,2017-06-27 14:38:03
14:38:09,14:38:09,8.41,--,1,841,买盘,2017-06-27,2017-06-27 14:38:09
14:38:15,14:38:15,8.41,--,11,9251,买盘,2017-06-27,2017-06-27 14:38:15
14:38:21,14:38:21,8.41,--,7,5887,买盘,2017-06-27,2017-06-27 14:38:21
14:38:27,14:38:27,8.41,--,11,9251,买盘,2017-06-27,2017-06-27 14:38:27
14:38:30,14:38:30,8.41,--,10,8410,买盘,2017-06-27,2017-06-27 14:38:30
14:38:33,14:38:33,8.41,--,96,80736,买盘,2017-06-27,2017-06-27 14:38:33
14:38:42,14:38:42,8.4,-0.01,50,42000,卖盘,2017-06-27,2017-06-27 14:38:42
14:38:57,14:38:57,8.41,0.01,28,23548,买盘,2017-06-27,2017-06-27 14:38:57
14:39:09,14:39:09,8.41,--,10,8410,买盘,2017-06-27,2017-06-27 14:39:09
14:39:21,14:39:21,8.41,--,23,19343,买盘,2017-06-27,2017-06-27 14:39:21
14:39:24,14:39:24,8.41,--,1,841,买盘,2017-06-27,2017-06-27 14:39:24
14:39:48,14:39:48,8.4,-0.01,20,16800,卖盘,2017-06-27,2017-06-27 14:39:48
14:39:57,14:39:57,8.4,--,18,15120,卖盘,2017-06-27,2017-06-27 14:39:57
14:40:30,14:40:30,8.4,--,350,294000,卖盘,2017-06-27,2017-06-27 14:40:30
14:40:39,14:40:39,8.4,--,15,12600,卖盘,2017-06-27,2017-06-27 14:40:39
14:40:42,14:40:42,8.41,0.01,100,84100,买盘,2017-06-27,2017-06-27 14:40:42
14:40:57,14:40:57,8.41,--,38,31958,买盘,2017-06-27,2017-06-27 14:40:57
14:41:00,14:41:00,8.41,--,20,16820,买盘,2017-06-27,2017-06-27 14:41:00
14:41:03,14:41:03,8.4,-0.01,48,40320,卖盘,2017-06-27,2017-06-27 14:41:03
14:41:06,14:41:06,8.4,--,18,15120,卖盘,2017-06-27,2017-06-27 14:41:06
14:41:09,14:41:09,8.4,--,38,31920,卖盘,2017-06-27,2017-06-27 14:41:09
14:41:15,14:41:15,8.41,0.01,214,179974,买盘,2017-06-27,2017-06-27 14:41:15
14:41:30,14:41:30,8.41,--,15,12615,卖盘,2017-06-27,2017-06-27 14:41:30
14:41:42,14:41:42,8.41,--,3,2523,卖盘,2017-06-27,2017-06-27 14:41:42
14:41:54,14:41:54,8.41,--,19,15979,卖盘,2017-06-27,2017-06-27 14:41:54
14:42:03,14:42:03,8.41,--,10,8410,买盘,2017-06-27,2017-06-27 14:42:03
14:42:12,14:42:12,8.41,--,11,9251,买盘,2017-06-27,2017-06-27 14:42:12
14:42:36,14:42:36,8.4,-0.01,320,268800,卖盘,2017-06-27,2017-06-27 14:42:36
14:42:39,14:42:39,8.4,--,258,216720,卖盘,2017-06-27,2017-06-27 14:42:39
14:42:42,14:42:42,8.4,--,30,25200,买盘,2017-06-27,2017-06-27 14:42:42
14:42:54,14:42:54,8.4,--,2,1680,买盘,2017-06-27,2017-06-27 14:42:54
14:43:03,14:43:03,8.39,-0.01,101,84739,卖盘,2017-06-27,2017-06-27 14:43:03
14:43:12,14:43:12,8.4,0.01,4,3360,买盘,2017-06-27,2017-06-27 14:43:12
14:43:18,14:43:18,8.4,--,20,16800,买盘,2017-06-27,2017-06-27 14:43:18
14:43:30,14:43:30,8.4,--,20,16800,买盘,2017-06-27,2017-06-27 14:43:30
14:44:03,14:44:03,8.4,--,12,10080,买盘,2017-06-27,2017-06-27 14:44:03
14:44:15,14:44:15,8.39,-0.01,65,54535,卖盘,2017-06-27,2017-06-27 14:44:15
14:44:18,14:44:18,8.4,0.01,4,3360,买盘,2017-06-27,2017-06-27 14:44:18
14:44:24,14:44:24,8.4,--,1,840,买盘,2017-06-27,2017-06-27 14:44:24
14:44:36,14:44:36,8.4,--,10,8400,买盘,2017-06-27,2017-06-27 14:44:36
14:44:39,14:44:39,8.39,-0.01,595,499205,卖盘,2017-06-27,2017-06-27 14:44:39
14:44:45,14:44:45,8.39,--,3,2517,买盘,2017-06-27,2017-06-27 14:44:45
14:44:48,14:44:48,8.39,--,22,18458,买盘,2017-06-27,2017-06-27 14:44:48
14:44:51,14:44:51,8.38,-0.01,110,92180,卖盘,2017-06-27,2017-06-27 14:44:51
14:45:00,14:45:00,8.39,0.01,15,12585,买盘,2017-06-27,2017-06-27 14:45:00
14:45:18,14:45:18,8.38,-0.01,500,419000,卖盘,2017-06-27,2017-06-27 14:45:18
14:45:21,14:45:21,8.39,0.01,46,38594,买盘,2017-06-27,2017-06-27 14:45:21
14:45:27,14:45:27,8.39,--,43,36077,买盘,2017-06-27,2017-06-27 14:45:27
14:45:30,14:45:30,8.39,--,5,4195,卖盘,2017-06-27,2017-06-27 14:45:30
14:45:45,14:45:45,8.38,-0.01,105,87990,卖盘,2017-06-27,2017-06-27 14:45:45
14:45:48,14:45:48,8.38,--,12,10056,卖盘,2017-06-27,2017-06-27 14:45:48
14:45:51,14:45:51,8.38,--,1,838,卖盘,2017-06-27,2017-06-27 14:45:51
14:45:54,14:45:54,8.38,--,20,16760,卖盘,2017-06-27,2017-06-27 14:45:54
14:45:57,14:45:57,8.39,0.01,1,839,买盘,2017-06-27,2017-06-27 14:45:57
14:46:00,14:46:00,8.38,-0.01,6,5028,卖盘,2017-06-27,2017-06-27 14:46:00
14:46:03,14:46:03,8.38,--,26,21788,卖盘,2017-06-27,2017-06-27 14:46:03
14:46:12,14:46:12,8.4,0.02,30,25200,买盘,2017-06-27,2017-06-27 14:46:12
14:46:18,14:46:18,8.39,-0.01,1,839,中性盘,2017-06-27,2017-06-27 14:46:18
14:46:21,14:46:21,8.38,-0.01,18,15084,卖盘,2017-06-27,2017-06-27 14:46:21
14:46:24,14:46:24,8.38,--,2,1676,卖盘,2017-06-27,2017-06-27 14:46:24
14:46:39,14:46:39,8.39,0.01,30,25170,买盘,2017-06-27,2017-06-27 14:46:39
14:46:45,14:46:45,8.39,--,3,2517,买盘,2017-06-27,2017-06-27 14:46:45
14:46:51,14:46:51,8.38,-0.01,10,8380,卖盘,2017-06-27,2017-06-27 14:46:51
14:47:06,14:47:06,8.38,--,9,7542,卖盘,2017-06-27,2017-06-27 14:47:06
14:47:12,14:47:12,8.38,--,15,12570,卖盘,2017-06-27,2017-06-27 14:47:12
14:47:21,14:47:21,8.38,--,1,838,卖盘,2017-06-27,2017-06-27 14:47:21
14:47:36,14:47:36,8.39,0.01,40,33560,买盘,2017-06-27,2017-06-27 14:47:36
14:47:39,14:47:39,8.38,-0.01,10,8380,卖盘,2017-06-27,2017-06-27 14:47:39
14:47:45,14:47:45,8.39,0.01,20,16780,买盘,2017-06-27,2017-06-27 14:47:45
14:47:54,14:47:54,8.38,-0.01,4,3352,卖盘,2017-06-27,2017-06-27 14:47:54
14:48:03,14:48:03,8.39,0.01,17,14263,买盘,2017-06-27,2017-06-27 14:48:03
14:48:06,14:48:06,8.39,--,45,37755,买盘,2017-06-27,2017-06-27 14:48:06
14:48:09,14:48:09,8.39,--,11,9229,买盘,2017-06-27,2017-06-27 14:48:09
14:48:12,14:48:12,8.39,--,27,22653,买盘,2017-06-27,2017-06-27 14:48:12
14:48:15,14:48:15,8.39,--,3,2517,买盘,2017-06-27,2017-06-27 14:48:15
14:48:18,14:48:18,8.38,-0.01,30,25140,卖盘,2017-06-27,2017-06-27 14:48:18
14:48:27,14:48:27,8.39,0.01,2,1678,买盘,2017-06-27,2017-06-27 14:48:27
14:48:33,14:48:33,8.39,--,41,34399,买盘,2017-06-27,2017-06-27 14:48:33
14:48:36,14:48:36,8.39,--,15,12585,买盘,2017-06-27,2017-06-27 14:48:36
