idx_time,time,price,change,volume,amount,type,date,date_time
09:25:03,09:25:03,11.84,11.84,351,415584,买盘,2017-08-01,2017-08-01 09:25:03
09:30:00,09:30:00,11.84,--,0,0,买盘,2017-08-01,2017-08-01 09:30:00
09:30:03,09:30:03,11.82,-0.02,418,494076,卖盘,2017-08-01,2017-08-01 09:30:03
09:30:06,09:30:06,11.8,-0.02,72,84960,卖盘,2017-08-01,2017-08-01 09:30:06
09:30:09,09:30:09,11.8,--,5,5900,买盘,2017-08-01,2017-08-01 09:30:09
09:30:12,09:30:12,11.8,--,41,48380,买盘,2017-08-01,2017-08-01 09:30:12
09:30:18,09:30:18,11.83,0.03,12,14196,买盘,2017-08-01,2017-08-01 09:30:18
09:30:21,09:30:21,11.83,--,13,15379,买盘,2017-08-01,2017-08-01 09:30:21
09:30:24,09:30:24,11.82,-0.01,58,68556,买盘,2017-08-01,2017-08-01 09:30:24
09:30:27,09:30:27,11.81,-0.01,194,229114,卖盘,2017-08-01,2017-08-01 09:30:27
09:30:30,09:30:30,11.81,--,241,284621,买盘,2017-08-01,2017-08-01 09:30:30
09:30:33,09:30:33,11.81,--,20,23620,买盘,2017-08-01,2017-08-01 09:30:33
09:30:36,09:30:36,11.81,--,44,51964,买盘,2017-08-01,2017-08-01 09:30:36
09:30:39,09:30:39,11.81,--,42,49602,买盘,2017-08-01,2017-08-01 09:30:39
09:30:42,09:30:42,11.77,-0.04,33,38841,卖盘,2017-08-01,2017-08-01 09:30:42
09:30:48,09:30:48,11.77,--,112,131824,卖盘,2017-08-01,2017-08-01 09:30:48
09:30:51,09:30:51,11.78,0.01,10,11780,卖盘,2017-08-01,2017-08-01 09:30:51
09:30:54,09:30:54,11.79,0.01,30,35370,中性盘,2017-08-01,2017-08-01 09:30:54
09:30:57,09:30:57,11.78,-0.01,1,1178,中性盘,2017-08-01,2017-08-01 09:30:57
09:31:00,09:31:00,11.77,-0.01,5,5885,卖盘,2017-08-01,2017-08-01 09:31:00
09:31:03,09:31:03,11.79,0.02,3,3536,中性盘,2017-08-01,2017-08-01 09:31:03
09:31:06,09:31:06,11.8,0.01,25,29500,买盘,2017-08-01,2017-08-01 09:31:06
09:31:09,09:31:09,11.78,-0.02,75,88350,卖盘,2017-08-01,2017-08-01 09:31:09
09:31:12,09:31:12,11.78,--,37,43586,买盘,2017-08-01,2017-08-01 09:31:12
09:31:15,09:31:15,11.78,--,32,37696,买盘,2017-08-01,2017-08-01 09:31:15
09:31:18,09:31:18,11.78,--,67,78926,买盘,2017-08-01,2017-08-01 09:31:18
09:31:21,09:31:21,11.77,-0.01,30,35310,卖盘,2017-08-01,2017-08-01 09:31:21
09:31:24,09:31:24,11.78,0.01,30,35340,买盘,2017-08-01,2017-08-01 09:31:24
09:31:27,09:31:27,11.78,--,31,36518,卖盘,2017-08-01,2017-08-01 09:31:27
09:31:30,09:31:30,11.79,0.01,3,3536,买盘,2017-08-01,2017-08-01 09:31:30
09:31:33,09:31:33,11.79,--,15,17685,买盘,2017-08-01,2017-08-01 09:31:33
09:31:36,09:31:36,11.78,-0.01,160,188480,卖盘,2017-08-01,2017-08-01 09:31:36
09:31:39,09:31:39,11.79,0.01,24,28295,买盘,2017-08-01,2017-08-01 09:31:39
09:31:42,09:31:42,11.78,-0.01,35,41230,卖盘,2017-08-01,2017-08-01 09:31:42
09:31:45,09:31:45,11.79,0.01,35,41265,买盘,2017-08-01,2017-08-01 09:31:45
09:31:48,09:31:48,11.79,--,5,5895,买盘,2017-08-01,2017-08-01 09:31:48
09:31:51,09:31:51,11.79,--,22,25937,买盘,2017-08-01,2017-08-01 09:31:51
09:31:54,09:31:54,11.79,--,45,53054,卖盘,2017-08-01,2017-08-01 09:31:54
09:31:57,09:31:57,11.79,--,25,29474,卖盘,2017-08-01,2017-08-01 09:31:57
09:32:00,09:32:00,11.79,--,8,9432,卖盘,2017-08-01,2017-08-01 09:32:00
09:32:03,09:32:03,11.8,0.01,65,76700,买盘,2017-08-01,2017-08-01 09:32:03
09:32:06,09:32:06,11.8,--,20,23600,买盘,2017-08-01,2017-08-01 09:32:06
09:32:09,09:32:09,11.79,-0.01,14,16506,卖盘,2017-08-01,2017-08-01 09:32:09
09:32:12,09:32:12,11.8,0.01,26,30680,买盘,2017-08-01,2017-08-01 09:32:12
09:32:15,09:32:15,11.8,--,54,63720,卖盘,2017-08-01,2017-08-01 09:32:15
09:32:18,09:32:18,11.8,--,4,4720,卖盘,2017-08-01,2017-08-01 09:32:18
09:32:21,09:32:21,11.81,0.01,5,5905,买盘,2017-08-01,2017-08-01 09:32:21
09:32:24,09:32:24,11.8,-0.01,32,37760,卖盘,2017-08-01,2017-08-01 09:32:24
09:32:27,09:32:27,11.81,0.01,102,120462,买盘,2017-08-01,2017-08-01 09:32:27
09:32:30,09:32:30,11.81,--,15,18022,买盘,2017-08-01,2017-08-01 09:32:30
09:32:33,09:32:33,11.81,--,42,49602,卖盘,2017-08-01,2017-08-01 09:32:33
09:32:36,09:32:36,11.81,--,10,11810,卖盘,2017-08-01,2017-08-01 09:32:36
09:32:39,09:32:39,11.81,--,4,4724,卖盘,2017-08-01,2017-08-01 09:32:39
09:32:42,09:32:42,11.81,--,26,30706,卖盘,2017-08-01,2017-08-01 09:32:42
09:32:48,09:32:48,11.81,--,10,11810,卖盘,2017-08-01,2017-08-01 09:32:48
09:32:51,09:32:51,11.82,0.01,53,62646,买盘,2017-08-01,2017-08-01 09:32:51
09:32:54,09:32:54,11.82,--,50,59100,买盘,2017-08-01,2017-08-01 09:32:54
09:33:00,09:33:00,11.82,--,215,254130,买盘,2017-08-01,2017-08-01 09:33:00
09:33:03,09:33:03,11.82,--,26,30732,买盘,2017-08-01,2017-08-01 09:33:03
09:33:06,09:33:06,11.82,--,70,82740,买盘,2017-08-01,2017-08-01 09:33:06
09:33:09,09:33:09,11.82,--,110,130020,卖盘,2017-08-01,2017-08-01 09:33:09
09:33:12,09:33:12,11.82,--,270,319140,卖盘,2017-08-01,2017-08-01 09:33:12
09:33:15,09:33:15,11.82,--,38,44916,卖盘,2017-08-01,2017-08-01 09:33:15
09:33:18,09:33:18,11.82,--,30,35460,中性盘,2017-08-01,2017-08-01 09:33:18
09:33:21,09:33:21,11.82,--,111,131202,卖盘,2017-08-01,2017-08-01 09:33:21
09:33:27,09:33:27,11.83,0.01,69,81627,买盘,2017-08-01,2017-08-01 09:33:27
09:33:33,09:33:33,11.81,-0.02,32,37792,卖盘,2017-08-01,2017-08-01 09:33:33
09:33:36,09:33:36,11.82,0.01,74,87468,中性盘,2017-08-01,2017-08-01 09:33:36
09:33:39,09:33:39,11.82,--,11,13002,买盘,2017-08-01,2017-08-01 09:33:39
09:33:45,09:33:45,11.81,-0.01,190,224390,卖盘,2017-08-01,2017-08-01 09:33:45
09:33:48,09:33:48,11.82,0.01,111,132076,卖盘,2017-08-01,2017-08-01 09:33:48
09:33:51,09:33:51,11.81,-0.01,6,7086,买盘,2017-08-01,2017-08-01 09:33:51
09:33:54,09:33:54,11.81,--,4,4724,买盘,2017-08-01,2017-08-01 09:33:54
09:33:57,09:33:57,11.81,--,46,54326,买盘,2017-08-01,2017-08-01 09:33:57
09:34:00,09:34:00,11.81,--,110,129910,买盘,2017-08-01,2017-08-01 09:34:00
09:34:03,09:34:03,11.81,--,20,23620,买盘,2017-08-01,2017-08-01 09:34:03
09:34:06,09:34:06,11.81,--,5,5905,买盘,2017-08-01,2017-08-01 09:34:06
09:34:09,09:34:09,11.8,-0.01,19,22420,卖盘,2017-08-01,2017-08-01 09:34:09
09:34:12,09:34:12,11.81,0.01,50,59050,买盘,2017-08-01,2017-08-01 09:34:12
09:34:15,09:34:15,11.79,-0.02,104,122615,卖盘,2017-08-01,2017-08-01 09:34:15
09:34:24,09:34:24,11.8,0.01,126,148680,买盘,2017-08-01,2017-08-01 09:34:24
09:34:27,09:34:27,11.79,-0.01,28,33012,卖盘,2017-08-01,2017-08-01 09:34:27
09:34:30,09:34:30,11.8,0.01,10,11800,买盘,2017-08-01,2017-08-01 09:34:30
09:34:39,09:34:39,11.8,--,110,129800,卖盘,2017-08-01,2017-08-01 09:34:39
09:34:42,09:34:42,11.8,--,31,36580,买盘,2017-08-01,2017-08-01 09:34:42
09:34:45,09:34:45,11.79,-0.01,10,11790,卖盘,2017-08-01,2017-08-01 09:34:45
09:34:48,09:34:48,11.79,--,8,9432,卖盘,2017-08-01,2017-08-01 09:34:48
09:34:51,09:34:51,11.79,--,45,53054,卖盘,2017-08-01,2017-08-01 09:34:51
09:34:54,09:34:54,11.8,0.01,15,17700,买盘,2017-08-01,2017-08-01 09:34:54
09:34:57,09:34:57,11.79,-0.01,33,38907,卖盘,2017-08-01,2017-08-01 09:34:57
09:35:00,09:35:00,11.79,--,11,12968,买盘,2017-08-01,2017-08-01 09:35:00
09:35:03,09:35:03,11.79,--,62,73098,买盘,2017-08-01,2017-08-01 09:35:03
09:35:09,09:35:09,11.79,--,74,87246,买盘,2017-08-01,2017-08-01 09:35:09
09:35:12,09:35:12,11.8,0.01,52,61360,买盘,2017-08-01,2017-08-01 09:35:12
09:35:15,09:35:15,11.79,-0.01,11,12968,卖盘,2017-08-01,2017-08-01 09:35:15
09:35:18,09:35:18,11.8,0.01,71,83780,买盘,2017-08-01,2017-08-01 09:35:18
09:35:21,09:35:21,11.8,--,31,36580,卖盘,2017-08-01,2017-08-01 09:35:21
09:35:27,09:35:27,11.81,0.01,5,5905,买盘,2017-08-01,2017-08-01 09:35:27
09:35:30,09:35:30,11.81,--,107,126367,买盘,2017-08-01,2017-08-01 09:35:30
09:35:36,09:35:36,11.81,--,128,151168,买盘,2017-08-01,2017-08-01 09:35:36
09:35:39,09:35:39,11.8,-0.01,125,147806,卖盘,2017-08-01,2017-08-01 09:35:39
09:35:42,09:35:42,11.82,0.02,57,67374,买盘,2017-08-01,2017-08-01 09:35:42
09:35:45,09:35:45,11.81,-0.01,8,9448,卖盘,2017-08-01,2017-08-01 09:35:45
09:35:48,09:35:48,11.82,0.01,60,70920,买盘,2017-08-01,2017-08-01 09:35:48
09:35:54,09:35:54,11.82,--,19,22458,买盘,2017-08-01,2017-08-01 09:35:54
09:35:57,09:35:57,11.81,-0.01,73,86213,卖盘,2017-08-01,2017-08-01 09:35:57
09:36:00,09:36:00,11.82,0.01,30,35460,买盘,2017-08-01,2017-08-01 09:36:00
09:36:03,09:36:03,11.82,--,79,93378,买盘,2017-08-01,2017-08-01 09:36:03
09:36:06,09:36:06,11.82,--,169,199758,买盘,2017-08-01,2017-08-01 09:36:06
09:36:09,09:36:09,11.81,-0.01,10,11810,中性盘,2017-08-01,2017-08-01 09:36:09
09:36:12,09:36:12,11.81,--,4,4724,卖盘,2017-08-01,2017-08-01 09:36:12
09:36:15,09:36:15,11.82,0.01,26,30732,买盘,2017-08-01,2017-08-01 09:36:15
09:36:18,09:36:18,11.82,--,18,21276,买盘,2017-08-01,2017-08-01 09:36:18
09:36:21,09:36:21,11.82,--,16,18912,买盘,2017-08-01,2017-08-01 09:36:21
09:36:24,09:36:24,11.82,--,117,138294,买盘,2017-08-01,2017-08-01 09:36:24
09:36:27,09:36:27,11.82,--,5,5910,卖盘,2017-08-01,2017-08-01 09:36:27
09:36:30,09:36:30,11.82,--,30,35460,卖盘,2017-08-01,2017-08-01 09:36:30
09:36:33,09:36:33,11.82,--,125,147750,卖盘,2017-08-01,2017-08-01 09:36:33
09:36:36,09:36:36,11.83,0.01,10,11830,买盘,2017-08-01,2017-08-01 09:36:36
09:36:39,09:36:39,11.83,--,17,20111,买盘,2017-08-01,2017-08-01 09:36:39
09:36:42,09:36:42,11.83,--,5,5915,买盘,2017-08-01,2017-08-01 09:36:42
09:36:45,09:36:45,11.83,--,59,69797,买盘,2017-08-01,2017-08-01 09:36:45
09:36:48,09:36:48,11.82,-0.01,35,41370,卖盘,2017-08-01,2017-08-01 09:36:48
09:36:51,09:36:51,11.82,--,37,43734,卖盘,2017-08-01,2017-08-01 09:36:51
09:36:54,09:36:54,11.83,0.01,33,39039,买盘,2017-08-01,2017-08-01 09:36:54
09:36:57,09:36:57,11.83,--,65,76895,买盘,2017-08-01,2017-08-01 09:36:57
09:37:00,09:37:00,11.83,--,33,39039,买盘,2017-08-01,2017-08-01 09:37:00
09:37:03,09:37:03,11.83,--,25,29575,卖盘,2017-08-01,2017-08-01 09:37:03
09:37:06,09:37:06,11.83,--,161,190463,卖盘,2017-08-01,2017-08-01 09:37:06
09:37:09,09:37:09,11.83,--,17,20111,买盘,2017-08-01,2017-08-01 09:37:09
09:37:12,09:37:12,11.84,0.01,24,28416,买盘,2017-08-01,2017-08-01 09:37:12
09:37:15,09:37:15,11.82,-0.02,100,118200,卖盘,2017-08-01,2017-08-01 09:37:15
09:37:18,09:37:18,11.84,0.02,19,22496,买盘,2017-08-01,2017-08-01 09:37:18
09:37:21,09:37:21,11.83,-0.01,57,67431,卖盘,2017-08-01,2017-08-01 09:37:21
09:37:24,09:37:24,11.83,--,44,52052,卖盘,2017-08-01,2017-08-01 09:37:24
09:37:27,09:37:27,11.84,0.01,356,421504,买盘,2017-08-01,2017-08-01 09:37:27
09:37:30,09:37:30,11.84,--,2,2368,卖盘,2017-08-01,2017-08-01 09:37:30
09:37:33,09:37:33,11.85,0.01,54,63990,买盘,2017-08-01,2017-08-01 09:37:33
09:37:36,09:37:36,11.84,-0.01,8,9472,卖盘,2017-08-01,2017-08-01 09:37:36
09:37:39,09:37:39,11.85,0.01,90,106650,买盘,2017-08-01,2017-08-01 09:37:39
09:37:42,09:37:42,11.85,--,50,59250,买盘,2017-08-01,2017-08-01 09:37:42
09:37:45,09:37:45,11.86,0.01,8,9488,买盘,2017-08-01,2017-08-01 09:37:45
09:37:48,09:37:48,11.85,-0.01,50,59250,卖盘,2017-08-01,2017-08-01 09:37:48
09:37:51,09:37:51,11.86,0.01,92,109112,买盘,2017-08-01,2017-08-01 09:37:51
09:37:54,09:37:54,11.86,--,133,157738,买盘,2017-08-01,2017-08-01 09:37:54
09:37:57,09:37:57,11.86,--,22,26092,卖盘,2017-08-01,2017-08-01 09:37:57
09:38:00,09:38:00,11.86,--,60,71160,卖盘,2017-08-01,2017-08-01 09:38:00
09:38:03,09:38:03,11.87,0.01,111,131757,买盘,2017-08-01,2017-08-01 09:38:03
09:38:06,09:38:06,11.87,--,94,111577,买盘,2017-08-01,2017-08-01 09:38:06
09:38:09,09:38:09,11.86,-0.01,12,14232,卖盘,2017-08-01,2017-08-01 09:38:09
09:38:12,09:38:12,11.86,--,27,32022,买盘,2017-08-01,2017-08-01 09:38:12
09:38:15,09:38:15,11.87,0.01,102,121073,买盘,2017-08-01,2017-08-01 09:38:15
09:38:18,09:38:18,11.86,-0.01,32,37952,卖盘,2017-08-01,2017-08-01 09:38:18
09:38:21,09:38:21,11.87,0.01,33,39171,买盘,2017-08-01,2017-08-01 09:38:21
09:38:24,09:38:24,11.86,-0.01,192,227712,卖盘,2017-08-01,2017-08-01 09:38:24
09:38:27,09:38:27,11.87,0.01,89,105643,买盘,2017-08-01,2017-08-01 09:38:27
09:38:30,09:38:30,11.86,-0.01,74,87764,卖盘,2017-08-01,2017-08-01 09:38:30
09:38:33,09:38:33,11.86,--,66,78276,买盘,2017-08-01,2017-08-01 09:38:33
09:38:36,09:38:36,11.86,--,11,13046,买盘,2017-08-01,2017-08-01 09:38:36
09:38:39,09:38:39,11.87,0.01,94,111577,买盘,2017-08-01,2017-08-01 09:38:39
09:38:42,09:38:42,11.87,--,794,942477,买盘,2017-08-01,2017-08-01 09:38:42
09:38:48,09:38:48,11.87,--,149,176863,买盘,2017-08-01,2017-08-01 09:38:48
09:38:51,09:38:51,11.86,-0.01,41,48626,卖盘,2017-08-01,2017-08-01 09:38:51
09:38:54,09:38:54,11.86,--,80,94880,卖盘,2017-08-01,2017-08-01 09:38:54
09:38:57,09:38:57,11.86,--,97,115042,买盘,2017-08-01,2017-08-01 09:38:57
09:39:00,09:39:00,11.86,--,4,4744,买盘,2017-08-01,2017-08-01 09:39:00
09:39:03,09:39:03,11.85,-0.01,176,208560,卖盘,2017-08-01,2017-08-01 09:39:03
09:39:06,09:39:06,11.86,0.01,170,201620,买盘,2017-08-01,2017-08-01 09:39:06
09:39:09,09:39:09,11.84,-0.02,125,148000,卖盘,2017-08-01,2017-08-01 09:39:09
09:39:12,09:39:12,11.85,0.01,7,8295,中性盘,2017-08-01,2017-08-01 09:39:12
09:39:18,09:39:18,11.85,--,30,35550,买盘,2017-08-01,2017-08-01 09:39:18
09:39:21,09:39:21,11.85,--,7,8295,买盘,2017-08-01,2017-08-01 09:39:21
09:39:24,09:39:24,11.84,-0.01,50,59200,卖盘,2017-08-01,2017-08-01 09:39:24
09:39:27,09:39:27,11.85,0.01,4,4740,买盘,2017-08-01,2017-08-01 09:39:27
09:39:30,09:39:30,11.84,-0.01,11,13024,卖盘,2017-08-01,2017-08-01 09:39:30
09:39:33,09:39:33,11.85,0.01,4,4740,买盘,2017-08-01,2017-08-01 09:39:33
09:39:39,09:39:39,11.85,--,88,104280,买盘,2017-08-01,2017-08-01 09:39:39
09:39:42,09:39:42,11.84,-0.01,233,275872,卖盘,2017-08-01,2017-08-01 09:39:42
09:39:45,09:39:45,11.84,--,14,16576,买盘,2017-08-01,2017-08-01 09:39:45
09:39:48,09:39:48,11.84,--,2,2368,买盘,2017-08-01,2017-08-01 09:39:48
09:39:51,09:39:51,11.84,--,17,20128,买盘,2017-08-01,2017-08-01 09:39:51
09:39:54,09:39:54,11.84,--,45,53280,买盘,2017-08-01,2017-08-01 09:39:54
09:39:57,09:39:57,11.83,-0.01,14,16562,卖盘,2017-08-01,2017-08-01 09:39:57
09:40:00,09:40:00,11.83,--,59,69797,卖盘,2017-08-01,2017-08-01 09:40:00
09:40:03,09:40:03,11.84,0.01,82,97088,买盘,2017-08-01,2017-08-01 09:40:03
09:40:06,09:40:06,11.84,--,56,66304,买盘,2017-08-01,2017-08-01 09:40:06
09:40:09,09:40:09,11.83,-0.01,15,17745,卖盘,2017-08-01,2017-08-01 09:40:09
09:40:12,09:40:12,11.83,--,122,144326,卖盘,2017-08-01,2017-08-01 09:40:12
09:40:15,09:40:15,11.84,0.01,48,56832,买盘,2017-08-01,2017-08-01 09:40:15
09:40:18,09:40:18,11.83,-0.01,40,47320,卖盘,2017-08-01,2017-08-01 09:40:18
09:40:21,09:40:21,11.83,--,2,2366,卖盘,2017-08-01,2017-08-01 09:40:21
09:40:24,09:40:24,11.84,0.01,5,5920,买盘,2017-08-01,2017-08-01 09:40:24
09:40:30,09:40:30,11.84,--,38,44992,买盘,2017-08-01,2017-08-01 09:40:30
09:40:33,09:40:33,11.84,--,105,124320,买盘,2017-08-01,2017-08-01 09:40:33
09:40:36,09:40:36,11.84,--,38,44992,买盘,2017-08-01,2017-08-01 09:40:36
09:40:39,09:40:39,11.84,--,34,40256,买盘,2017-08-01,2017-08-01 09:40:39
09:40:42,09:40:42,11.83,-0.01,5,5915,卖盘,2017-08-01,2017-08-01 09:40:42
09:40:48,09:40:48,11.84,0.01,91,107744,买盘,2017-08-01,2017-08-01 09:40:48
09:40:51,09:40:51,11.83,-0.01,29,34307,卖盘,2017-08-01,2017-08-01 09:40:51
09:40:54,09:40:54,11.83,--,68,80444,卖盘,2017-08-01,2017-08-01 09:40:54
09:41:00,09:41:00,11.83,--,57,67431,卖盘,2017-08-01,2017-08-01 09:41:00
09:41:03,09:41:03,11.83,--,31,36673,卖盘,2017-08-01,2017-08-01 09:41:03
09:41:06,09:41:06,11.83,--,64,75712,卖盘,2017-08-01,2017-08-01 09:41:06
09:41:09,09:41:09,11.83,--,31,36673,卖盘,2017-08-01,2017-08-01 09:41:09
09:41:12,09:41:12,11.84,0.01,48,56832,买盘,2017-08-01,2017-08-01 09:41:12
09:41:15,09:41:15,11.84,--,34,40256,买盘,2017-08-01,2017-08-01 09:41:15
09:41:18,09:41:18,11.83,-0.01,3,3549,卖盘,2017-08-01,2017-08-01 09:41:18
09:41:21,09:41:21,11.84,0.01,23,27232,买盘,2017-08-01,2017-08-01 09:41:21
09:41:24,09:41:24,11.83,-0.01,28,33124,卖盘,2017-08-01,2017-08-01 09:41:24
09:41:27,09:41:27,11.84,0.01,4,4736,买盘,2017-08-01,2017-08-01 09:41:27
09:41:30,09:41:30,11.84,--,25,29600,买盘,2017-08-01,2017-08-01 09:41:30
09:41:33,09:41:33,11.84,--,271,320864,买盘,2017-08-01,2017-08-01 09:41:33
09:41:36,09:41:36,11.84,--,74,87616,买盘,2017-08-01,2017-08-01 09:41:36
09:41:39,09:41:39,11.84,--,136,161024,买盘,2017-08-01,2017-08-01 09:41:39
09:41:42,09:41:42,11.84,--,19,22496,卖盘,2017-08-01,2017-08-01 09:41:42
09:41:45,09:41:45,11.84,--,36,42624,卖盘,2017-08-01,2017-08-01 09:41:45
09:41:48,09:41:48,11.84,--,15,17760,卖盘,2017-08-01,2017-08-01 09:41:48
09:41:51,09:41:51,11.84,--,68,80512,卖盘,2017-08-01,2017-08-01 09:41:51
09:41:54,09:41:54,11.84,--,130,153920,卖盘,2017-08-01,2017-08-01 09:41:54
09:41:57,09:41:57,11.83,-0.01,10,11830,卖盘,2017-08-01,2017-08-01 09:41:57
09:42:00,09:42:00,11.84,0.01,6,7104,买盘,2017-08-01,2017-08-01 09:42:00
09:42:03,09:42:03,11.84,--,15,17760,买盘,2017-08-01,2017-08-01 09:42:03
09:42:06,09:42:06,11.84,--,68,80512,买盘,2017-08-01,2017-08-01 09:42:06
09:42:09,09:42:09,11.84,--,9,10656,买盘,2017-08-01,2017-08-01 09:42:09
09:42:12,09:42:12,11.84,--,81,95904,买盘,2017-08-01,2017-08-01 09:42:12
09:42:15,09:42:15,11.84,--,41,48544,卖盘,2017-08-01,2017-08-01 09:42:15
09:42:18,09:42:18,11.85,0.01,38,45030,买盘,2017-08-01,2017-08-01 09:42:18
09:42:21,09:42:21,11.84,-0.01,116,137344,卖盘,2017-08-01,2017-08-01 09:42:21
09:42:24,09:42:24,11.85,0.01,10,11850,买盘,2017-08-01,2017-08-01 09:42:24
09:42:27,09:42:27,11.84,-0.01,11,13024,卖盘,2017-08-01,2017-08-01 09:42:27
09:42:30,09:42:30,11.83,-0.01,147,173901,卖盘,2017-08-01,2017-08-01 09:42:30
09:42:36,09:42:36,11.84,0.01,125,148000,买盘,2017-08-01,2017-08-01 09:42:36
09:42:39,09:42:39,11.84,--,27,31968,买盘,2017-08-01,2017-08-01 09:42:39
09:42:42,09:42:42,11.83,-0.01,1,1183,卖盘,2017-08-01,2017-08-01 09:42:42
09:42:45,09:42:45,11.83,--,2,2366,卖盘,2017-08-01,2017-08-01 09:42:45
09:42:48,09:42:48,11.83,--,40,47320,卖盘,2017-08-01,2017-08-01 09:42:48
09:42:51,09:42:51,11.83,--,36,42588,卖盘,2017-08-01,2017-08-01 09:42:51
09:42:54,09:42:54,11.83,--,237,280371,卖盘,2017-08-01,2017-08-01 09:42:54
09:42:57,09:42:57,11.83,--,10,11830,买盘,2017-08-01,2017-08-01 09:42:57
09:43:00,09:43:00,11.83,--,54,63882,买盘,2017-08-01,2017-08-01 09:43:00
09:43:03,09:43:03,11.82,-0.01,11,13002,卖盘,2017-08-01,2017-08-01 09:43:03
09:43:06,09:43:06,11.82,--,55,65010,卖盘,2017-08-01,2017-08-01 09:43:06
09:43:09,09:43:09,11.83,0.01,25,29575,买盘,2017-08-01,2017-08-01 09:43:09
09:43:12,09:43:12,11.82,-0.01,2,2364,卖盘,2017-08-01,2017-08-01 09:43:12
09:43:15,09:43:15,11.82,--,55,65010,卖盘,2017-08-01,2017-08-01 09:43:15
09:43:18,09:43:18,11.82,--,129,152478,卖盘,2017-08-01,2017-08-01 09:43:18
09:43:21,09:43:21,11.82,--,74,87468,卖盘,2017-08-01,2017-08-01 09:43:21
09:43:24,09:43:24,11.83,0.01,325,384475,买盘,2017-08-01,2017-08-01 09:43:24
09:43:27,09:43:27,11.81,-0.02,80,94480,卖盘,2017-08-01,2017-08-01 09:43:27
09:43:30,09:43:30,11.81,--,166,196046,卖盘,2017-08-01,2017-08-01 09:43:30
09:43:33,09:43:33,11.82,0.01,42,49644,买盘,2017-08-01,2017-08-01 09:43:33
09:43:36,09:43:36,11.84,0.02,428,506752,买盘,2017-08-01,2017-08-01 09:43:36
09:43:39,09:43:39,11.84,--,305,361120,买盘,2017-08-01,2017-08-01 09:43:39
09:43:45,09:43:45,11.83,-0.01,12,14196,中性盘,2017-08-01,2017-08-01 09:43:45
09:43:48,09:43:48,11.83,--,30,35490,买盘,2017-08-01,2017-08-01 09:43:48
09:43:54,09:43:54,11.83,--,30,35490,买盘,2017-08-01,2017-08-01 09:43:54
09:43:57,09:43:57,11.83,--,30,35490,买盘,2017-08-01,2017-08-01 09:43:57
09:44:00,09:44:00,11.83,--,157,185731,买盘,2017-08-01,2017-08-01 09:44:00
09:44:03,09:44:03,11.83,--,186,220038,卖盘,2017-08-01,2017-08-01 09:44:03
09:44:09,09:44:09,11.83,--,24,28392,买盘,2017-08-01,2017-08-01 09:44:09
09:44:12,09:44:12,11.83,--,11,13013,买盘,2017-08-01,2017-08-01 09:44:12
09:44:15,09:44:15,11.82,-0.01,20,23640,卖盘,2017-08-01,2017-08-01 09:44:15
09:44:18,09:44:18,11.82,--,31,36642,卖盘,2017-08-01,2017-08-01 09:44:18
09:44:21,09:44:21,11.83,0.01,20,23660,买盘,2017-08-01,2017-08-01 09:44:21
09:44:24,09:44:24,11.83,--,1,1183,买盘,2017-08-01,2017-08-01 09:44:24
09:44:27,09:44:27,11.83,--,25,29575,买盘,2017-08-01,2017-08-01 09:44:27
09:44:30,09:44:30,11.82,-0.01,102,120564,卖盘,2017-08-01,2017-08-01 09:44:30
09:44:33,09:44:33,11.82,--,172,203304,卖盘,2017-08-01,2017-08-01 09:44:33
09:44:36,09:44:36,11.82,--,38,44916,卖盘,2017-08-01,2017-08-01 09:44:36
09:44:39,09:44:39,11.82,--,96,113472,卖盘,2017-08-01,2017-08-01 09:44:39
09:44:42,09:44:42,11.83,0.01,438,518154,买盘,2017-08-01,2017-08-01 09:44:42
09:44:45,09:44:45,11.83,--,28,33135,卖盘,2017-08-01,2017-08-01 09:44:45
09:44:48,09:44:48,11.83,--,21,24843,卖盘,2017-08-01,2017-08-01 09:44:48
09:44:51,09:44:51,11.83,--,50,59150,卖盘,2017-08-01,2017-08-01 09:44:51
09:44:54,09:44:54,11.83,--,4,4732,卖盘,2017-08-01,2017-08-01 09:44:54
09:44:57,09:44:57,11.83,--,30,35490,卖盘,2017-08-01,2017-08-01 09:44:57
09:45:00,09:45:00,11.83,--,55,66236,卖盘,2017-08-01,2017-08-01 09:45:00
09:45:03,09:45:03,11.83,--,2,2366,买盘,2017-08-01,2017-08-01 09:45:03
09:45:06,09:45:06,11.82,-0.01,23,27186,卖盘,2017-08-01,2017-08-01 09:45:06
09:45:12,09:45:12,11.83,0.01,26,30758,买盘,2017-08-01,2017-08-01 09:45:12
09:45:15,09:45:15,11.82,-0.01,29,34278,卖盘,2017-08-01,2017-08-01 09:45:15
09:45:18,09:45:18,11.82,--,8,9456,卖盘,2017-08-01,2017-08-01 09:45:18
09:45:21,09:45:21,11.81,-0.01,59,69679,卖盘,2017-08-01,2017-08-01 09:45:21
09:45:24,09:45:24,11.81,--,38,44878,卖盘,2017-08-01,2017-08-01 09:45:24
09:45:27,09:45:27,11.82,0.01,1,1182,买盘,2017-08-01,2017-08-01 09:45:27
09:45:30,09:45:30,11.81,-0.01,24,28344,卖盘,2017-08-01,2017-08-01 09:45:30
09:45:36,09:45:36,11.81,--,30,35430,卖盘,2017-08-01,2017-08-01 09:45:36
09:45:39,09:45:39,11.81,--,31,36611,卖盘,2017-08-01,2017-08-01 09:45:39
09:45:45,09:45:45,11.8,-0.01,341,402380,卖盘,2017-08-01,2017-08-01 09:45:45
09:45:51,09:45:51,11.81,0.01,31,36611,买盘,2017-08-01,2017-08-01 09:45:51
09:45:54,09:45:54,11.81,--,9,10629,买盘,2017-08-01,2017-08-01 09:45:54
09:45:57,09:45:57,11.8,-0.01,2,2360,卖盘,2017-08-01,2017-08-01 09:45:57
09:46:00,09:46:00,11.81,0.01,3,3543,买盘,2017-08-01,2017-08-01 09:46:00
09:46:03,09:46:03,11.81,--,27,31887,买盘,2017-08-01,2017-08-01 09:46:03
09:46:06,09:46:06,11.81,--,5,5905,买盘,2017-08-01,2017-08-01 09:46:06
09:46:09,09:46:09,11.8,-0.01,15,17700,卖盘,2017-08-01,2017-08-01 09:46:09
09:46:12,09:46:12,11.81,0.01,139,164159,买盘,2017-08-01,2017-08-01 09:46:12
09:46:15,09:46:15,11.81,--,6,7086,买盘,2017-08-01,2017-08-01 09:46:15
09:46:18,09:46:18,11.81,--,21,24801,买盘,2017-08-01,2017-08-01 09:46:18
09:46:21,09:46:21,11.82,0.01,75,88650,买盘,2017-08-01,2017-08-01 09:46:21
09:46:24,09:46:24,11.81,-0.01,10,11810,卖盘,2017-08-01,2017-08-01 09:46:24
09:46:27,09:46:27,11.82,0.01,99,117018,买盘,2017-08-01,2017-08-01 09:46:27
09:46:30,09:46:30,11.82,--,34,40188,买盘,2017-08-01,2017-08-01 09:46:30
09:46:33,09:46:33,11.81,-0.01,37,43697,卖盘,2017-08-01,2017-08-01 09:46:33
09:46:39,09:46:39,11.82,0.01,48,56736,买盘,2017-08-01,2017-08-01 09:46:39
09:46:42,09:46:42,11.81,-0.01,19,22439,卖盘,2017-08-01,2017-08-01 09:46:42
09:46:45,09:46:45,11.82,0.01,63,74466,买盘,2017-08-01,2017-08-01 09:46:45
09:46:48,09:46:48,11.82,--,61,72102,买盘,2017-08-01,2017-08-01 09:46:48
09:46:51,09:46:51,11.81,-0.01,1,1181,卖盘,2017-08-01,2017-08-01 09:46:51
09:46:54,09:46:54,11.81,--,193,227933,卖盘,2017-08-01,2017-08-01 09:46:54
09:47:00,09:47:00,11.82,0.01,191,225762,买盘,2017-08-01,2017-08-01 09:47:00
09:47:03,09:47:03,11.82,--,191,225762,买盘,2017-08-01,2017-08-01 09:47:03
09:47:06,09:47:06,11.82,--,46,54372,卖盘,2017-08-01,2017-08-01 09:47:06
09:47:09,09:47:09,11.82,--,25,29550,卖盘,2017-08-01,2017-08-01 09:47:09
09:47:12,09:47:12,11.82,--,22,26004,卖盘,2017-08-01,2017-08-01 09:47:12
09:47:15,09:47:15,11.82,--,25,29550,卖盘,2017-08-01,2017-08-01 09:47:15
09:47:18,09:47:18,11.82,--,56,66192,卖盘,2017-08-01,2017-08-01 09:47:18
09:47:21,09:47:21,11.83,0.01,102,120666,买盘,2017-08-01,2017-08-01 09:47:21
09:47:24,09:47:24,11.82,-0.01,20,23640,卖盘,2017-08-01,2017-08-01 09:47:24
09:47:27,09:47:27,11.83,0.01,444,525252,买盘,2017-08-01,2017-08-01 09:47:27
09:47:30,09:47:30,11.82,-0.01,7,8274,卖盘,2017-08-01,2017-08-01 09:47:30
09:47:33,09:47:33,11.83,0.01,16,18939,买盘,2017-08-01,2017-08-01 09:47:33
09:47:36,09:47:36,11.83,--,3,4720,卖盘,2017-08-01,2017-08-01 09:47:36
09:47:39,09:47:39,11.84,0.01,127,150368,买盘,2017-08-01,2017-08-01 09:47:39
09:47:42,09:47:42,11.84,--,6,7104,买盘,2017-08-01,2017-08-01 09:47:42
09:47:45,09:47:45,11.83,-0.01,10,11830,卖盘,2017-08-01,2017-08-01 09:47:45
09:47:48,09:47:48,11.83,--,4,4732,卖盘,2017-08-01,2017-08-01 09:47:48
09:47:51,09:47:51,11.83,--,41,48503,卖盘,2017-08-01,2017-08-01 09:47:51
09:47:54,09:47:54,11.82,-0.01,52,61464,卖盘,2017-08-01,2017-08-01 09:47:54
09:47:57,09:47:57,11.83,0.01,9,10647,买盘,2017-08-01,2017-08-01 09:47:57
09:48:00,09:48:00,11.83,--,27,31941,买盘,2017-08-01,2017-08-01 09:48:00
09:48:06,09:48:06,11.82,-0.01,20,23640,卖盘,2017-08-01,2017-08-01 09:48:06
09:48:09,09:48:09,11.82,--,127,150114,卖盘,2017-08-01,2017-08-01 09:48:09
09:48:12,09:48:12,11.83,0.01,55,65065,买盘,2017-08-01,2017-08-01 09:48:12
09:48:15,09:48:15,11.83,--,20,23660,卖盘,2017-08-01,2017-08-01 09:48:15
09:48:18,09:48:18,11.84,0.01,300,355200,买盘,2017-08-01,2017-08-01 09:48:18
09:48:21,09:48:21,11.84,--,12,14208,买盘,2017-08-01,2017-08-01 09:48:21
09:48:24,09:48:24,11.83,-0.01,53,62699,卖盘,2017-08-01,2017-08-01 09:48:24
09:48:27,09:48:27,11.85,0.02,390,462161,买盘,2017-08-01,2017-08-01 09:48:27
09:48:30,09:48:30,11.85,--,184,218040,卖盘,2017-08-01,2017-08-01 09:48:30
09:48:33,09:48:33,11.83,-0.02,89,105287,卖盘,2017-08-01,2017-08-01 09:48:33
09:48:39,09:48:39,11.85,0.02,3,3555,中性盘,2017-08-01,2017-08-01 09:48:39
09:48:42,09:48:42,11.86,0.01,1,1186,买盘,2017-08-01,2017-08-01 09:48:42
09:48:45,09:48:45,11.83,-0.03,20,23660,卖盘,2017-08-01,2017-08-01 09:48:45
09:48:48,09:48:48,11.84,0.01,9,10656,中性盘,2017-08-01,2017-08-01 09:48:48
09:48:51,09:48:51,11.86,0.02,44,52184,买盘,2017-08-01,2017-08-01 09:48:51
09:48:57,09:48:57,11.85,-0.01,97,114945,中性盘,2017-08-01,2017-08-01 09:48:57
09:49:03,09:49:03,11.85,--,62,73470,买盘,2017-08-01,2017-08-01 09:49:03
09:49:06,09:49:06,11.86,0.01,10,11860,买盘,2017-08-01,2017-08-01 09:49:06
09:49:09,09:49:09,11.86,--,255,302430,买盘,2017-08-01,2017-08-01 09:49:09
09:49:15,09:49:15,11.85,-0.01,17,20145,卖盘,2017-08-01,2017-08-01 09:49:15
09:49:18,09:49:18,11.87,0.02,266,315742,买盘,2017-08-01,2017-08-01 09:49:18
09:49:21,09:49:21,11.85,-0.02,5,5925,卖盘,2017-08-01,2017-08-01 09:49:21
09:49:24,09:49:24,11.86,0.01,25,29650,买盘,2017-08-01,2017-08-01 09:49:24
09:49:30,09:49:30,11.87,0.01,9,10683,买盘,2017-08-01,2017-08-01 09:49:30
09:49:33,09:49:33,11.87,--,49,58162,买盘,2017-08-01,2017-08-01 09:49:33
09:49:36,09:49:36,11.86,-0.01,21,24906,卖盘,2017-08-01,2017-08-01 09:49:36
09:49:39,09:49:39,11.87,0.01,40,47480,买盘,2017-08-01,2017-08-01 09:49:39
09:49:42,09:49:42,11.86,-0.01,31,36766,卖盘,2017-08-01,2017-08-01 09:49:42
09:49:45,09:49:45,11.87,0.01,58,68846,买盘,2017-08-01,2017-08-01 09:49:45
09:49:48,09:49:48,11.87,--,121,143627,买盘,2017-08-01,2017-08-01 09:49:48
09:49:51,09:49:51,11.87,--,43,51041,买盘,2017-08-01,2017-08-01 09:49:51
09:49:54,09:49:54,11.87,--,23,27301,买盘,2017-08-01,2017-08-01 09:49:54
09:49:57,09:49:57,11.87,--,27,32048,买盘,2017-08-01,2017-08-01 09:49:57
09:50:00,09:50:00,11.86,-0.01,122,144692,卖盘,2017-08-01,2017-08-01 09:50:00
09:50:03,09:50:03,11.87,0.01,26,30861,买盘,2017-08-01,2017-08-01 09:50:03
09:50:06,09:50:06,11.87,--,155,183985,买盘,2017-08-01,2017-08-01 09:50:06
09:50:09,09:50:09,11.87,--,11,13057,卖盘,2017-08-01,2017-08-01 09:50:09
09:50:15,09:50:15,11.87,--,28,33236,卖盘,2017-08-01,2017-08-01 09:50:15
09:50:18,09:50:18,11.87,--,118,140066,卖盘,2017-08-01,2017-08-01 09:50:18
09:50:21,09:50:21,11.87,--,7,8309,买盘,2017-08-01,2017-08-01 09:50:21
09:50:24,09:50:24,11.88,0.01,279,331452,买盘,2017-08-01,2017-08-01 09:50:24
09:50:27,09:50:27,11.87,-0.01,50,59349,买盘,2017-08-01,2017-08-01 09:50:27
09:50:30,09:50:30,11.86,-0.01,36,42696,卖盘,2017-08-01,2017-08-01 09:50:30
09:50:33,09:50:33,11.87,0.01,11,13057,买盘,2017-08-01,2017-08-01 09:50:33
09:50:36,09:50:36,11.87,--,21,24927,买盘,2017-08-01,2017-08-01 09:50:36
09:50:39,09:50:39,11.86,-0.01,47,55742,卖盘,2017-08-01,2017-08-01 09:50:39
09:50:42,09:50:42,11.87,0.01,37,43919,买盘,2017-08-01,2017-08-01 09:50:42
09:50:45,09:50:45,11.86,-0.01,215,254990,卖盘,2017-08-01,2017-08-01 09:50:45
09:50:48,09:50:48,11.86,--,32,37952,买盘,2017-08-01,2017-08-01 09:50:48
09:50:51,09:50:51,11.86,--,56,66416,买盘,2017-08-01,2017-08-01 09:50:51
09:50:54,09:50:54,11.86,--,3,3558,买盘,2017-08-01,2017-08-01 09:50:54
09:50:57,09:50:57,11.86,--,70,83020,买盘,2017-08-01,2017-08-01 09:50:57
09:51:00,09:51:00,11.85,-0.01,57,67545,卖盘,2017-08-01,2017-08-01 09:51:00
09:51:03,09:51:03,11.85,--,49,58065,卖盘,2017-08-01,2017-08-01 09:51:03
09:51:06,09:51:06,11.85,--,9,10665,卖盘,2017-08-01,2017-08-01 09:51:06
09:51:09,09:51:09,11.85,--,12,14220,卖盘,2017-08-01,2017-08-01 09:51:09
09:51:12,09:51:12,11.85,--,165,195525,卖盘,2017-08-01,2017-08-01 09:51:12
09:51:15,09:51:15,11.85,--,35,41475,卖盘,2017-08-01,2017-08-01 09:51:15
09:51:18,09:51:18,11.84,-0.01,18,21312,卖盘,2017-08-01,2017-08-01 09:51:18
09:51:21,09:51:21,11.85,0.01,3,3555,买盘,2017-08-01,2017-08-01 09:51:21
09:51:24,09:51:24,11.85,--,87,103095,买盘,2017-08-01,2017-08-01 09:51:24
09:51:27,09:51:27,11.84,-0.01,25,29600,卖盘,2017-08-01,2017-08-01 09:51:27
09:51:30,09:51:30,11.84,--,10,11840,卖盘,2017-08-01,2017-08-01 09:51:30
09:51:33,09:51:33,11.85,0.01,23,27255,买盘,2017-08-01,2017-08-01 09:51:33
09:51:36,09:51:36,11.85,--,6,7110,买盘,2017-08-01,2017-08-01 09:51:36
09:51:39,09:51:39,11.85,--,27,31995,买盘,2017-08-01,2017-08-01 09:51:39
09:51:42,09:51:42,11.84,-0.01,25,29600,卖盘,2017-08-01,2017-08-01 09:51:42
09:51:45,09:51:45,11.85,0.01,45,53325,买盘,2017-08-01,2017-08-01 09:51:45
09:51:48,09:51:48,11.85,--,148,175380,买盘,2017-08-01,2017-08-01 09:51:48
09:51:51,09:51:51,11.85,--,52,61620,买盘,2017-08-01,2017-08-01 09:51:51
09:51:54,09:51:54,11.85,--,7,8295,买盘,2017-08-01,2017-08-01 09:51:54
09:51:57,09:51:57,11.85,--,18,21330,买盘,2017-08-01,2017-08-01 09:51:57
09:52:00,09:52:00,11.84,-0.01,2,2368,卖盘,2017-08-01,2017-08-01 09:52:00
09:52:03,09:52:03,11.84,--,36,42624,卖盘,2017-08-01,2017-08-01 09:52:03
09:52:06,09:52:06,11.84,--,17,20128,卖盘,2017-08-01,2017-08-01 09:52:06
09:52:09,09:52:09,11.84,--,14,16576,卖盘,2017-08-01,2017-08-01 09:52:09
09:52:12,09:52:12,11.84,--,12,14208,卖盘,2017-08-01,2017-08-01 09:52:12
09:52:15,09:52:15,11.85,0.01,137,162345,买盘,2017-08-01,2017-08-01 09:52:15
09:52:18,09:52:18,11.85,--,2,2370,买盘,2017-08-01,2017-08-01 09:52:18
09:52:21,09:52:21,11.84,-0.01,110,130240,卖盘,2017-08-01,2017-08-01 09:52:21
09:52:27,09:52:27,11.85,0.01,19,22515,买盘,2017-08-01,2017-08-01 09:52:27
09:52:30,09:52:30,11.85,--,8,9480,买盘,2017-08-01,2017-08-01 09:52:30
09:52:33,09:52:33,11.85,--,80,94800,买盘,2017-08-01,2017-08-01 09:52:33
09:52:36,09:52:36,11.84,-0.01,111,131424,卖盘,2017-08-01,2017-08-01 09:52:36
09:52:39,09:52:39,11.84,--,21,24864,买盘,2017-08-01,2017-08-01 09:52:39
09:52:42,09:52:42,11.84,--,50,59200,买盘,2017-08-01,2017-08-01 09:52:42
09:52:45,09:52:45,11.84,--,1,1184,买盘,2017-08-01,2017-08-01 09:52:45
09:52:48,09:52:48,11.84,--,41,48544,买盘,2017-08-01,2017-08-01 09:52:48
09:52:51,09:52:51,11.83,-0.01,32,37856,卖盘,2017-08-01,2017-08-01 09:52:51
09:52:54,09:52:54,11.83,--,127,150241,卖盘,2017-08-01,2017-08-01 09:52:54
09:52:57,09:52:57,11.83,--,123,145509,卖盘,2017-08-01,2017-08-01 09:52:57
09:53:00,09:53:00,11.82,-0.01,91,107562,卖盘,2017-08-01,2017-08-01 09:53:00
09:53:03,09:53:03,11.85,0.03,56,66360,买盘,2017-08-01,2017-08-01 09:53:03
09:53:12,09:53:12,11.85,--,92,109020,买盘,2017-08-01,2017-08-01 09:53:12
09:53:15,09:53:15,11.84,-0.01,18,21312,卖盘,2017-08-01,2017-08-01 09:53:15
09:53:18,09:53:18,11.84,--,66,78144,卖盘,2017-08-01,2017-08-01 09:53:18
09:53:24,09:53:24,11.84,--,34,40256,买盘,2017-08-01,2017-08-01 09:53:24
09:53:27,09:53:27,11.84,--,47,55648,买盘,2017-08-01,2017-08-01 09:53:27
09:53:30,09:53:30,11.83,-0.01,35,41405,卖盘,2017-08-01,2017-08-01 09:53:30
09:53:33,09:53:33,11.84,0.01,28,33152,买盘,2017-08-01,2017-08-01 09:53:33
09:53:36,09:53:36,11.82,-0.02,50,59100,卖盘,2017-08-01,2017-08-01 09:53:36
09:53:42,09:53:42,11.81,-0.01,113,133453,卖盘,2017-08-01,2017-08-01 09:53:42
09:53:45,09:53:45,11.83,0.02,10,11830,买盘,2017-08-01,2017-08-01 09:53:45
09:53:48,09:53:48,11.83,--,38,44954,买盘,2017-08-01,2017-08-01 09:53:48
09:53:51,09:53:51,11.82,-0.01,80,94560,卖盘,2017-08-01,2017-08-01 09:53:51
09:54:03,09:54:03,11.83,0.01,9,10647,卖盘,2017-08-01,2017-08-01 09:54:03
09:54:09,09:54:09,11.83,--,19,22477,买盘,2017-08-01,2017-08-01 09:54:09
09:54:15,09:54:15,11.83,--,4,4732,买盘,2017-08-01,2017-08-01 09:54:15
09:54:18,09:54:18,11.83,--,51,60333,买盘,2017-08-01,2017-08-01 09:54:18
09:54:21,09:54:21,11.82,-0.01,33,39006,卖盘,2017-08-01,2017-08-01 09:54:21
09:54:24,09:54:24,11.83,0.01,80,94640,买盘,2017-08-01,2017-08-01 09:54:24
09:54:27,09:54:27,11.82,-0.01,10,11820,卖盘,2017-08-01,2017-08-01 09:54:27
09:54:30,09:54:30,11.82,--,41,48462,卖盘,2017-08-01,2017-08-01 09:54:30
09:54:33,09:54:33,11.83,0.01,8,9464,买盘,2017-08-01,2017-08-01 09:54:33
09:54:39,09:54:39,11.82,-0.01,3,3546,卖盘,2017-08-01,2017-08-01 09:54:39
09:54:42,09:54:42,11.82,--,20,23640,卖盘,2017-08-01,2017-08-01 09:54:42
09:54:45,09:54:45,11.82,--,32,37824,卖盘,2017-08-01,2017-08-01 09:54:45
09:54:48,09:54:48,11.82,--,37,43734,卖盘,2017-08-01,2017-08-01 09:54:48
09:54:51,09:54:51,11.82,--,58,68556,买盘,2017-08-01,2017-08-01 09:54:51
09:54:54,09:54:54,11.82,--,21,24822,买盘,2017-08-01,2017-08-01 09:54:54
09:54:57,09:54:57,11.83,0.01,18,21294,买盘,2017-08-01,2017-08-01 09:54:57
09:55:00,09:55:00,11.82,-0.01,40,47280,卖盘,2017-08-01,2017-08-01 09:55:00
09:55:03,09:55:03,11.82,--,35,41370,卖盘,2017-08-01,2017-08-01 09:55:03
09:55:09,09:55:09,11.82,--,35,41370,卖盘,2017-08-01,2017-08-01 09:55:09
09:55:12,09:55:12,11.82,--,12,14184,卖盘,2017-08-01,2017-08-01 09:55:12
09:55:21,09:55:21,11.83,0.01,10,11830,买盘,2017-08-01,2017-08-01 09:55:21
09:55:24,09:55:24,11.82,-0.01,99,117018,卖盘,2017-08-01,2017-08-01 09:55:24
09:55:27,09:55:27,11.82,--,23,27186,卖盘,2017-08-01,2017-08-01 09:55:27
09:55:30,09:55:30,11.81,-0.01,312,368472,卖盘,2017-08-01,2017-08-01 09:55:30
09:55:33,09:55:33,11.81,--,10,11810,买盘,2017-08-01,2017-08-01 09:55:33
09:55:36,09:55:36,11.81,--,5,5905,买盘,2017-08-01,2017-08-01 09:55:36
09:55:39,09:55:39,11.81,--,84,99204,买盘,2017-08-01,2017-08-01 09:55:39
09:55:42,09:55:42,11.81,--,4,4724,买盘,2017-08-01,2017-08-01 09:55:42
09:55:45,09:55:45,11.81,--,76,89756,买盘,2017-08-01,2017-08-01 09:55:45
09:55:48,09:55:48,11.8,-0.01,2,2360,卖盘,2017-08-01,2017-08-01 09:55:48
09:55:51,09:55:51,11.8,--,119,140420,卖盘,2017-08-01,2017-08-01 09:55:51
09:55:54,09:55:54,11.8,--,25,29500,卖盘,2017-08-01,2017-08-01 09:55:54
09:56:03,09:56:03,11.81,0.01,110,129910,买盘,2017-08-01,2017-08-01 09:56:03
09:56:06,09:56:06,11.81,--,47,55507,卖盘,2017-08-01,2017-08-01 09:56:06
09:56:09,09:56:09,11.82,0.01,17,20094,买盘,2017-08-01,2017-08-01 09:56:09
09:56:12,09:56:12,11.81,-0.01,16,18896,卖盘,2017-08-01,2017-08-01 09:56:12
09:56:15,09:56:15,11.82,0.01,11,13002,买盘,2017-08-01,2017-08-01 09:56:15
09:56:18,09:56:18,11.82,--,100,118200,买盘,2017-08-01,2017-08-01 09:56:18
09:56:21,09:56:21,11.81,-0.01,19,22439,卖盘,2017-08-01,2017-08-01 09:56:21
09:56:24,09:56:24,11.82,0.01,6,7092,买盘,2017-08-01,2017-08-01 09:56:24
09:56:27,09:56:27,11.81,-0.01,170,200770,卖盘,2017-08-01,2017-08-01 09:56:27
09:56:30,09:56:30,11.81,--,75,88575,卖盘,2017-08-01,2017-08-01 09:56:30
09:56:33,09:56:33,11.81,--,9,10629,卖盘,2017-08-01,2017-08-01 09:56:33
09:56:36,09:56:36,11.81,--,54,63774,卖盘,2017-08-01,2017-08-01 09:56:36
09:56:42,09:56:42,11.81,--,3,3543,卖盘,2017-08-01,2017-08-01 09:56:42
09:56:45,09:56:45,11.81,--,28,33068,卖盘,2017-08-01,2017-08-01 09:56:45
09:56:48,09:56:48,11.82,0.01,53,62646,买盘,2017-08-01,2017-08-01 09:56:48
09:56:51,09:56:51,11.81,-0.01,1,1181,卖盘,2017-08-01,2017-08-01 09:56:51
09:56:54,09:56:54,11.81,--,121,142901,卖盘,2017-08-01,2017-08-01 09:56:54
09:56:57,09:56:57,11.81,--,18,21258,卖盘,2017-08-01,2017-08-01 09:56:57
09:57:00,09:57:00,11.81,--,10,11810,买盘,2017-08-01,2017-08-01 09:57:00
09:57:03,09:57:03,11.8,-0.01,87,102660,卖盘,2017-08-01,2017-08-01 09:57:03
09:57:06,09:57:06,11.81,0.01,14,16534,买盘,2017-08-01,2017-08-01 09:57:06
09:57:12,09:57:12,11.81,--,35,41335,卖盘,2017-08-01,2017-08-01 09:57:12
09:57:15,09:57:15,11.81,--,122,144082,买盘,2017-08-01,2017-08-01 09:57:15
09:57:21,09:57:21,11.81,--,15,17715,买盘,2017-08-01,2017-08-01 09:57:21
09:57:24,09:57:24,11.81,--,37,43697,买盘,2017-08-01,2017-08-01 09:57:24
09:57:27,09:57:27,11.81,--,34,40154,买盘,2017-08-01,2017-08-01 09:57:27
09:57:30,09:57:30,11.8,-0.01,17,20060,卖盘,2017-08-01,2017-08-01 09:57:30
09:57:33,09:57:33,11.81,0.01,42,49602,买盘,2017-08-01,2017-08-01 09:57:33
09:57:36,09:57:36,11.81,--,39,46059,买盘,2017-08-01,2017-08-01 09:57:36
09:57:39,09:57:39,11.81,--,20,23620,买盘,2017-08-01,2017-08-01 09:57:39
09:57:42,09:57:42,11.8,-0.01,18,21240,卖盘,2017-08-01,2017-08-01 09:57:42
09:57:45,09:57:45,11.8,--,129,152220,卖盘,2017-08-01,2017-08-01 09:57:45
09:57:48,09:57:48,11.81,0.01,11,12991,买盘,2017-08-01,2017-08-01 09:57:48
09:57:51,09:57:51,11.81,--,75,88575,买盘,2017-08-01,2017-08-01 09:57:51
09:57:54,09:57:54,11.81,--,46,54326,卖盘,2017-08-01,2017-08-01 09:57:54
09:57:57,09:57:57,11.8,-0.01,5,5900,卖盘,2017-08-01,2017-08-01 09:57:57
09:58:00,09:58:00,11.81,0.01,1,1181,买盘,2017-08-01,2017-08-01 09:58:00
09:58:03,09:58:03,11.8,-0.01,41,48380,卖盘,2017-08-01,2017-08-01 09:58:03
09:58:09,09:58:09,11.8,--,49,57820,卖盘,2017-08-01,2017-08-01 09:58:09
09:58:12,09:58:12,11.81,0.01,17,20077,中性盘,2017-08-01,2017-08-01 09:58:12
09:58:15,09:58:15,11.8,-0.01,50,59000,卖盘,2017-08-01,2017-08-01 09:58:15
09:58:18,09:58:18,11.8,--,42,49560,卖盘,2017-08-01,2017-08-01 09:58:18
09:58:24,09:58:24,11.81,0.01,36,42516,中性盘,2017-08-01,2017-08-01 09:58:24
09:58:27,09:58:27,11.81,--,135,159435,卖盘,2017-08-01,2017-08-01 09:58:27
09:58:30,09:58:30,11.82,0.01,54,63828,买盘,2017-08-01,2017-08-01 09:58:30
09:58:33,09:58:33,11.81,-0.01,12,14172,卖盘,2017-08-01,2017-08-01 09:58:33
09:58:36,09:58:36,11.8,-0.01,30,35400,卖盘,2017-08-01,2017-08-01 09:58:36
09:58:39,09:58:39,11.81,0.01,11,12991,买盘,2017-08-01,2017-08-01 09:58:39
09:58:42,09:58:42,11.81,--,19,22439,买盘,2017-08-01,2017-08-01 09:58:42
09:58:48,09:58:48,11.81,--,43,50783,买盘,2017-08-01,2017-08-01 09:58:48
09:58:51,09:58:51,11.81,--,32,37792,卖盘,2017-08-01,2017-08-01 09:58:51
09:58:54,09:58:54,11.81,--,7,8267,卖盘,2017-08-01,2017-08-01 09:58:54
09:58:57,09:58:57,11.82,0.01,114,134748,买盘,2017-08-01,2017-08-01 09:58:57
09:59:00,09:59:00,11.81,-0.01,26,30706,卖盘,2017-08-01,2017-08-01 09:59:00
09:59:03,09:59:03,11.81,--,67,79127,卖盘,2017-08-01,2017-08-01 09:59:03
09:59:06,09:59:06,11.81,--,3,3543,买盘,2017-08-01,2017-08-01 09:59:06
09:59:09,09:59:09,11.81,--,60,70860,卖盘,2017-08-01,2017-08-01 09:59:09
09:59:12,09:59:12,11.81,--,1,1181,卖盘,2017-08-01,2017-08-01 09:59:12
09:59:15,09:59:15,11.81,--,101,119281,卖盘,2017-08-01,2017-08-01 09:59:15
09:59:21,09:59:21,11.81,--,46,54326,买盘,2017-08-01,2017-08-01 09:59:21
09:59:24,09:59:24,11.81,--,24,28344,卖盘,2017-08-01,2017-08-01 09:59:24
09:59:27,09:59:27,11.81,--,2,2362,卖盘,2017-08-01,2017-08-01 09:59:27
09:59:33,09:59:33,11.82,0.01,129,152478,买盘,2017-08-01,2017-08-01 09:59:33
09:59:36,09:59:36,11.81,-0.01,9,10629,卖盘,2017-08-01,2017-08-01 09:59:36
09:59:39,09:59:39,11.82,0.01,83,98106,买盘,2017-08-01,2017-08-01 09:59:39
09:59:42,09:59:42,11.81,-0.01,37,43697,卖盘,2017-08-01,2017-08-01 09:59:42
09:59:45,09:59:45,11.82,0.01,201,237582,买盘,2017-08-01,2017-08-01 09:59:45
09:59:48,09:59:48,11.82,--,107,126474,卖盘,2017-08-01,2017-08-01 09:59:48
09:59:51,09:59:51,11.83,0.01,12,14196,买盘,2017-08-01,2017-08-01 09:59:51
09:59:57,09:59:57,11.82,-0.01,63,74466,卖盘,2017-08-01,2017-08-01 09:59:57
10:00:00,10:00:00,11.83,0.01,15,17745,买盘,2017-08-01,2017-08-01 10:00:00
10:00:03,10:00:03,11.82,-0.01,21,24822,卖盘,2017-08-01,2017-08-01 10:00:03
10:00:06,10:00:06,11.82,--,13,15366,卖盘,2017-08-01,2017-08-01 10:00:06
10:00:09,10:00:09,11.81,-0.01,93,109833,卖盘,2017-08-01,2017-08-01 10:00:09
10:00:12,10:00:12,11.82,0.01,18,21276,买盘,2017-08-01,2017-08-01 10:00:12
10:00:15,10:00:15,11.81,-0.01,4,4724,卖盘,2017-08-01,2017-08-01 10:00:15
10:00:18,10:00:18,11.82,0.01,34,40188,买盘,2017-08-01,2017-08-01 10:00:18
10:00:21,10:00:21,11.8,-0.02,175,206500,卖盘,2017-08-01,2017-08-01 10:00:21
10:00:27,10:00:27,11.81,0.01,31,36611,买盘,2017-08-01,2017-08-01 10:00:27
10:00:30,10:00:30,11.81,--,93,109833,买盘,2017-08-01,2017-08-01 10:00:30
10:00:33,10:00:33,11.8,-0.01,35,41300,卖盘,2017-08-01,2017-08-01 10:00:33
10:00:36,10:00:36,11.8,--,94,110920,卖盘,2017-08-01,2017-08-01 10:00:36
10:00:39,10:00:39,11.8,--,91,107380,卖盘,2017-08-01,2017-08-01 10:00:39
10:00:45,10:00:45,11.8,--,154,181720,卖盘,2017-08-01,2017-08-01 10:00:45
10:00:48,10:00:48,11.79,-0.01,104,122615,卖盘,2017-08-01,2017-08-01 10:00:48
10:00:51,10:00:51,11.8,0.01,83,97940,中性盘,2017-08-01,2017-08-01 10:00:51
10:00:54,10:00:54,11.79,-0.01,7,8253,卖盘,2017-08-01,2017-08-01 10:00:54
10:00:57,10:00:57,11.79,--,18,21222,卖盘,2017-08-01,2017-08-01 10:00:57
10:01:00,10:01:00,11.79,--,79,93141,卖盘,2017-08-01,2017-08-01 10:01:00
10:01:03,10:01:03,11.79,--,43,50696,卖盘,2017-08-01,2017-08-01 10:01:03
10:01:06,10:01:06,11.79,--,51,60128,卖盘,2017-08-01,2017-08-01 10:01:06
10:01:09,10:01:09,11.79,--,9,10611,卖盘,2017-08-01,2017-08-01 10:01:09
10:01:12,10:01:12,11.79,--,16,18864,卖盘,2017-08-01,2017-08-01 10:01:12
10:01:15,10:01:15,11.79,--,41,48339,卖盘,2017-08-01,2017-08-01 10:01:15
10:01:18,10:01:18,11.79,--,4,4716,卖盘,2017-08-01,2017-08-01 10:01:18
10:01:21,10:01:21,11.8,0.01,170,201473,买盘,2017-08-01,2017-08-01 10:01:21
10:01:24,10:01:24,11.79,-0.01,18,21222,中性盘,2017-08-01,2017-08-01 10:01:24
10:01:30,10:01:30,11.79,--,3,3536,买盘,2017-08-01,2017-08-01 10:01:30
10:01:33,10:01:33,11.78,-0.01,42,49476,卖盘,2017-08-01,2017-08-01 10:01:33
10:01:36,10:01:36,11.79,0.01,30,35370,买盘,2017-08-01,2017-08-01 10:01:36
10:01:39,10:01:39,11.79,--,2,2358,买盘,2017-08-01,2017-08-01 10:01:39
10:01:42,10:01:42,11.78,-0.01,109,128402,卖盘,2017-08-01,2017-08-01 10:01:42
10:01:45,10:01:45,11.79,0.01,6,7073,卖盘,2017-08-01,2017-08-01 10:01:45
10:01:51,10:01:51,11.79,--,1,1179,卖盘,2017-08-01,2017-08-01 10:01:51
10:01:54,10:01:54,11.79,--,72,84888,卖盘,2017-08-01,2017-08-01 10:01:54
10:01:57,10:01:57,11.8,0.01,13,15646,买盘,2017-08-01,2017-08-01 10:01:57
10:02:00,10:02:00,11.8,--,54,63720,卖盘,2017-08-01,2017-08-01 10:02:00
10:02:03,10:02:03,11.8,--,26,30680,卖盘,2017-08-01,2017-08-01 10:02:03
10:02:06,10:02:06,11.8,--,13,15340,卖盘,2017-08-01,2017-08-01 10:02:06
10:02:09,10:02:09,11.8,--,42,49560,卖盘,2017-08-01,2017-08-01 10:02:09
10:02:12,10:02:12,11.8,--,50,59000,卖盘,2017-08-01,2017-08-01 10:02:12
10:02:18,10:02:18,11.81,0.01,42,49602,买盘,2017-08-01,2017-08-01 10:02:18
10:02:24,10:02:24,11.81,--,177,209910,买盘,2017-08-01,2017-08-01 10:02:24
10:02:30,10:02:30,11.8,-0.01,1,1180,中性盘,2017-08-01,2017-08-01 10:02:30
10:02:33,10:02:33,11.8,--,2,2360,买盘,2017-08-01,2017-08-01 10:02:33
10:02:39,10:02:39,11.8,--,94,110920,买盘,2017-08-01,2017-08-01 10:02:39
10:02:42,10:02:42,11.8,--,31,36580,卖盘,2017-08-01,2017-08-01 10:02:42
10:02:45,10:02:45,11.8,--,65,76700,卖盘,2017-08-01,2017-08-01 10:02:45
10:02:48,10:02:48,11.8,--,55,64900,买盘,2017-08-01,2017-08-01 10:02:48
10:02:51,10:02:51,11.8,--,18,21240,买盘,2017-08-01,2017-08-01 10:02:51
10:02:57,10:02:57,11.8,--,226,266680,买盘,2017-08-01,2017-08-01 10:02:57
10:03:00,10:03:00,11.79,-0.01,35,41265,卖盘,2017-08-01,2017-08-01 10:03:00
10:03:03,10:03:03,11.8,0.01,79,93220,买盘,2017-08-01,2017-08-01 10:03:03
10:03:06,10:03:06,11.8,--,133,156940,买盘,2017-08-01,2017-08-01 10:03:06
10:03:09,10:03:09,11.79,-0.01,3,3536,卖盘,2017-08-01,2017-08-01 10:03:09
10:03:12,10:03:12,11.8,0.01,94,110920,买盘,2017-08-01,2017-08-01 10:03:12
10:03:15,10:03:15,11.79,-0.01,40,47160,卖盘,2017-08-01,2017-08-01 10:03:15
10:03:18,10:03:18,11.8,0.01,136,160480,买盘,2017-08-01,2017-08-01 10:03:18
10:03:21,10:03:21,11.79,-0.01,89,104930,卖盘,2017-08-01,2017-08-01 10:03:21
10:03:24,10:03:24,11.8,0.01,69,81420,买盘,2017-08-01,2017-08-01 10:03:24
10:03:27,10:03:27,11.8,--,49,57820,买盘,2017-08-01,2017-08-01 10:03:27
10:03:30,10:03:30,11.8,--,40,47200,卖盘,2017-08-01,2017-08-01 10:03:30
10:03:33,10:03:33,11.8,--,5,5900,卖盘,2017-08-01,2017-08-01 10:03:33
10:03:36,10:03:36,11.79,-0.01,1,1179,卖盘,2017-08-01,2017-08-01 10:03:36
10:03:39,10:03:39,11.78,-0.01,51,60078,卖盘,2017-08-01,2017-08-01 10:03:39
10:03:42,10:03:42,11.8,0.02,8,9440,买盘,2017-08-01,2017-08-01 10:03:42
10:03:45,10:03:45,11.8,--,3,3540,买盘,2017-08-01,2017-08-01 10:03:45
10:03:48,10:03:48,11.79,-0.01,24,28295,卖盘,2017-08-01,2017-08-01 10:03:48
10:03:51,10:03:51,11.79,--,42,49518,买盘,2017-08-01,2017-08-01 10:03:51
10:03:54,10:03:54,11.79,--,2,2358,卖盘,2017-08-01,2017-08-01 10:03:54
10:03:57,10:03:57,11.79,--,96,113183,卖盘,2017-08-01,2017-08-01 10:03:57
10:04:03,10:04:03,11.79,--,56,66024,买盘,2017-08-01,2017-08-01 10:04:03
10:04:06,10:04:06,11.78,-0.01,61,71858,卖盘,2017-08-01,2017-08-01 10:04:06
10:04:09,10:04:09,11.79,0.01,52,61307,买盘,2017-08-01,2017-08-01 10:04:09
10:04:12,10:04:12,11.79,--,4,4716,卖盘,2017-08-01,2017-08-01 10:04:12
10:04:15,10:04:15,11.79,--,2,2358,卖盘,2017-08-01,2017-08-01 10:04:15
10:04:18,10:04:18,11.79,--,73,86067,卖盘,2017-08-01,2017-08-01 10:04:18
10:04:21,10:04:21,11.79,--,189,222830,卖盘,2017-08-01,2017-08-01 10:04:21
10:04:24,10:04:24,11.79,--,15,17685,卖盘,2017-08-01,2017-08-01 10:04:24
10:04:27,10:04:27,11.8,0.01,42,49560,买盘,2017-08-01,2017-08-01 10:04:27
10:04:30,10:04:30,11.8,--,35,41300,买盘,2017-08-01,2017-08-01 10:04:30
10:04:33,10:04:33,11.79,-0.01,2,2358,卖盘,2017-08-01,2017-08-01 10:04:33
10:04:36,10:04:36,11.8,0.01,25,29500,买盘,2017-08-01,2017-08-01 10:04:36
10:04:39,10:04:39,11.78,-0.02,30,35340,卖盘,2017-08-01,2017-08-01 10:04:39
10:04:42,10:04:42,11.78,--,45,53010,卖盘,2017-08-01,2017-08-01 10:04:42
10:04:48,10:04:48,11.78,--,9,10602,卖盘,2017-08-01,2017-08-01 10:04:48
10:04:51,10:04:51,11.78,--,234,275652,卖盘,2017-08-01,2017-08-01 10:04:51
10:04:54,10:04:54,11.78,--,157,184946,卖盘,2017-08-01,2017-08-01 10:04:54
10:04:57,10:04:57,11.78,--,55,64790,卖盘,2017-08-01,2017-08-01 10:04:57
10:05:00,10:05:00,11.78,--,7,8246,买盘,2017-08-01,2017-08-01 10:05:00
10:05:03,10:05:03,11.78,--,6,7068,买盘,2017-08-01,2017-08-01 10:05:03
10:05:06,10:05:06,11.8,0.02,68,80240,买盘,2017-08-01,2017-08-01 10:05:06
10:05:09,10:05:09,11.77,-0.03,26,30602,卖盘,2017-08-01,2017-08-01 10:05:09
10:05:15,10:05:15,11.79,0.02,2,2358,卖盘,2017-08-01,2017-08-01 10:05:15
10:05:18,10:05:18,11.8,0.01,14,16520,买盘,2017-08-01,2017-08-01 10:05:18
10:05:24,10:05:24,11.79,-0.01,5,5895,买盘,2017-08-01,2017-08-01 10:05:24
10:05:27,10:05:27,11.8,0.01,60,70800,买盘,2017-08-01,2017-08-01 10:05:27
10:05:30,10:05:30,11.8,--,173,204140,买盘,2017-08-01,2017-08-01 10:05:30
10:05:36,10:05:36,11.8,--,16,18880,买盘,2017-08-01,2017-08-01 10:05:36
10:05:39,10:05:39,11.79,-0.01,44,51875,卖盘,2017-08-01,2017-08-01 10:05:39
10:05:45,10:05:45,11.79,--,52,61307,买盘,2017-08-01,2017-08-01 10:05:45
10:05:48,10:05:48,11.79,--,7,8253,买盘,2017-08-01,2017-08-01 10:05:48
10:05:51,10:05:51,11.78,-0.01,101,118978,卖盘,2017-08-01,2017-08-01 10:05:51
10:05:57,10:05:57,11.8,0.02,11,12980,买盘,2017-08-01,2017-08-01 10:05:57
10:06:00,10:06:00,11.8,--,136,160480,买盘,2017-08-01,2017-08-01 10:06:00
10:06:03,10:06:03,11.79,-0.01,29,34191,卖盘,2017-08-01,2017-08-01 10:06:03
10:06:06,10:06:06,11.8,0.01,85,100300,买盘,2017-08-01,2017-08-01 10:06:06
10:06:12,10:06:12,11.8,--,3,3540,卖盘,2017-08-01,2017-08-01 10:06:12
10:06:15,10:06:15,11.79,-0.01,72,84888,卖盘,2017-08-01,2017-08-01 10:06:15
10:06:18,10:06:18,11.79,--,124,146196,卖盘,2017-08-01,2017-08-01 10:06:18
10:06:24,10:06:24,11.79,--,186,219293,卖盘,2017-08-01,2017-08-01 10:06:24
10:06:27,10:06:27,11.81,0.02,39,46059,买盘,2017-08-01,2017-08-01 10:06:27
10:06:30,10:06:30,11.8,-0.01,12,14160,卖盘,2017-08-01,2017-08-01 10:06:30
10:06:33,10:06:33,11.81,0.01,12,14479,买盘,2017-08-01,2017-08-01 10:06:33
10:06:39,10:06:39,11.81,--,36,42516,卖盘,2017-08-01,2017-08-01 10:06:39
10:06:42,10:06:42,11.81,--,7,8267,卖盘,2017-08-01,2017-08-01 10:06:42
10:06:45,10:06:45,11.82,0.01,124,146568,买盘,2017-08-01,2017-08-01 10:06:45
10:06:48,10:06:48,11.82,--,23,27186,卖盘,2017-08-01,2017-08-01 10:06:48
10:06:51,10:06:51,11.82,--,23,27186,卖盘,2017-08-01,2017-08-01 10:06:51
10:06:57,10:06:57,11.83,0.01,72,85176,买盘,2017-08-01,2017-08-01 10:06:57
10:07:00,10:07:00,11.83,--,122,144326,买盘,2017-08-01,2017-08-01 10:07:00
10:07:03,10:07:03,11.85,0.02,68,80580,买盘,2017-08-01,2017-08-01 10:07:03
10:07:06,10:07:06,11.83,-0.02,216,255528,买盘,2017-08-01,2017-08-01 10:07:06
10:07:09,10:07:09,11.84,0.01,112,132608,买盘,2017-08-01,2017-08-01 10:07:09
10:07:12,10:07:12,11.82,-0.02,8,9456,卖盘,2017-08-01,2017-08-01 10:07:12
10:07:15,10:07:15,11.82,--,14,16548,买盘,2017-08-01,2017-08-01 10:07:15
10:07:18,10:07:18,11.81,-0.01,109,128729,卖盘,2017-08-01,2017-08-01 10:07:18
10:07:21,10:07:21,11.82,0.01,68,80376,买盘,2017-08-01,2017-08-01 10:07:21
10:07:24,10:07:24,11.82,--,16,18912,买盘,2017-08-01,2017-08-01 10:07:24
10:07:27,10:07:27,11.82,--,83,98106,买盘,2017-08-01,2017-08-01 10:07:27
10:07:30,10:07:30,11.82,--,14,16548,买盘,2017-08-01,2017-08-01 10:07:30
10:07:36,10:07:36,11.81,-0.01,86,101566,卖盘,2017-08-01,2017-08-01 10:07:36
10:07:39,10:07:39,11.82,0.01,1,1182,买盘,2017-08-01,2017-08-01 10:07:39
10:07:42,10:07:42,11.82,--,6,7092,买盘,2017-08-01,2017-08-01 10:07:42
10:07:45,10:07:45,11.82,--,28,33096,买盘,2017-08-01,2017-08-01 10:07:45
10:07:48,10:07:48,11.82,--,92,108744,买盘,2017-08-01,2017-08-01 10:07:48
10:07:51,10:07:51,11.82,--,1,1182,卖盘,2017-08-01,2017-08-01 10:07:51
10:07:54,10:07:54,11.82,--,1,1182,卖盘,2017-08-01,2017-08-01 10:07:54
10:07:57,10:07:57,11.84,0.02,45,53280,买盘,2017-08-01,2017-08-01 10:07:57
10:08:00,10:08:00,11.83,-0.01,16,18928,买盘,2017-08-01,2017-08-01 10:08:00
10:08:03,10:08:03,11.83,--,18,21294,买盘,2017-08-01,2017-08-01 10:08:03
10:08:09,10:08:09,11.84,0.01,7,8288,买盘,2017-08-01,2017-08-01 10:08:09
10:08:21,10:08:21,11.83,-0.01,6,7098,卖盘,2017-08-01,2017-08-01 10:08:21
10:08:24,10:08:24,11.83,--,16,18928,卖盘,2017-08-01,2017-08-01 10:08:24
10:08:27,10:08:27,11.83,--,44,52052,卖盘,2017-08-01,2017-08-01 10:08:27
10:08:30,10:08:30,11.83,--,14,16562,卖盘,2017-08-01,2017-08-01 10:08:30
10:08:33,10:08:33,11.83,--,18,21294,卖盘,2017-08-01,2017-08-01 10:08:33
10:08:36,10:08:36,11.83,--,20,23660,卖盘,2017-08-01,2017-08-01 10:08:36
10:08:39,10:08:39,11.83,--,1,1183,卖盘,2017-08-01,2017-08-01 10:08:39
10:08:45,10:08:45,11.84,0.01,201,237984,买盘,2017-08-01,2017-08-01 10:08:45
10:08:51,10:08:51,11.84,--,31,36704,买盘,2017-08-01,2017-08-01 10:08:51
10:08:54,10:08:54,11.84,--,167,197728,买盘,2017-08-01,2017-08-01 10:08:54
10:08:57,10:08:57,11.83,-0.01,79,93457,卖盘,2017-08-01,2017-08-01 10:08:57
10:09:00,10:09:00,11.84,0.01,74,87616,买盘,2017-08-01,2017-08-01 10:09:00
10:09:03,10:09:03,11.84,--,5,5920,买盘,2017-08-01,2017-08-01 10:09:03
10:09:06,10:09:06,11.83,-0.01,19,22477,卖盘,2017-08-01,2017-08-01 10:09:06
10:09:09,10:09:09,11.84,0.01,18,21312,买盘,2017-08-01,2017-08-01 10:09:09
10:09:12,10:09:12,11.83,-0.01,31,36673,卖盘,2017-08-01,2017-08-01 10:09:12
10:09:15,10:09:15,11.84,0.01,11,13024,买盘,2017-08-01,2017-08-01 10:09:15
10:09:18,10:09:18,11.83,-0.01,2,2366,卖盘,2017-08-01,2017-08-01 10:09:18
10:09:21,10:09:21,11.84,0.01,23,27232,买盘,2017-08-01,2017-08-01 10:09:21
10:09:30,10:09:30,11.84,--,11,13024,买盘,2017-08-01,2017-08-01 10:09:30
10:09:33,10:09:33,11.84,--,10,11840,买盘,2017-08-01,2017-08-01 10:09:33
10:09:36,10:09:36,11.84,--,26,30784,买盘,2017-08-01,2017-08-01 10:09:36
10:09:39,10:09:39,11.83,-0.01,2,2366,卖盘,2017-08-01,2017-08-01 10:09:39
10:09:42,10:09:42,11.84,0.01,2,2368,买盘,2017-08-01,2017-08-01 10:09:42
10:09:45,10:09:45,11.84,--,103,121952,买盘,2017-08-01,2017-08-01 10:09:45
10:09:48,10:09:48,11.83,-0.01,10,11830,卖盘,2017-08-01,2017-08-01 10:09:48
10:09:54,10:09:54,11.83,--,36,42588,卖盘,2017-08-01,2017-08-01 10:09:54
10:09:57,10:09:57,11.83,--,5,5915,买盘,2017-08-01,2017-08-01 10:09:57
10:10:00,10:10:00,11.82,-0.01,2,2364,卖盘,2017-08-01,2017-08-01 10:10:00
10:10:03,10:10:03,11.82,--,24,28368,卖盘,2017-08-01,2017-08-01 10:10:03
10:10:09,10:10:09,11.82,--,1,1182,买盘,2017-08-01,2017-08-01 10:10:09
10:10:12,10:10:12,11.82,--,4,4728,买盘,2017-08-01,2017-08-01 10:10:12
10:10:18,10:10:18,11.82,--,18,21276,买盘,2017-08-01,2017-08-01 10:10:18
10:10:21,10:10:21,11.82,--,7,8274,买盘,2017-08-01,2017-08-01 10:10:21
10:10:24,10:10:24,11.82,--,12,14184,买盘,2017-08-01,2017-08-01 10:10:24
10:10:30,10:10:30,11.81,-0.01,7,8267,卖盘,2017-08-01,2017-08-01 10:10:30
10:10:33,10:10:33,11.81,--,3,3543,卖盘,2017-08-01,2017-08-01 10:10:33
10:10:36,10:10:36,11.82,0.01,11,13002,买盘,2017-08-01,2017-08-01 10:10:36
10:10:39,10:10:39,11.81,-0.01,1,1181,卖盘,2017-08-01,2017-08-01 10:10:39
10:10:45,10:10:45,11.81,--,70,82670,卖盘,2017-08-01,2017-08-01 10:10:45
10:10:51,10:10:51,11.81,--,115,135815,卖盘,2017-08-01,2017-08-01 10:10:51
10:10:54,10:10:54,11.82,0.01,37,43734,买盘,2017-08-01,2017-08-01 10:10:54
10:10:57,10:10:57,11.81,-0.01,5,5905,卖盘,2017-08-01,2017-08-01 10:10:57
10:11:00,10:11:00,11.81,--,2,2362,卖盘,2017-08-01,2017-08-01 10:11:00
10:11:06,10:11:06,11.81,--,14,16534,卖盘,2017-08-01,2017-08-01 10:11:06
10:11:09,10:11:09,11.81,--,15,17715,卖盘,2017-08-01,2017-08-01 10:11:09
10:11:15,10:11:15,11.82,0.01,21,24822,买盘,2017-08-01,2017-08-01 10:11:15
10:11:18,10:11:18,11.82,--,2,2364,买盘,2017-08-01,2017-08-01 10:11:18
10:11:21,10:11:21,11.82,--,6,7092,买盘,2017-08-01,2017-08-01 10:11:21
10:11:24,10:11:24,11.82,--,9,10638,买盘,2017-08-01,2017-08-01 10:11:24
10:11:27,10:11:27,11.82,--,3,3546,买盘,2017-08-01,2017-08-01 10:11:27
10:11:30,10:11:30,11.82,--,5,5910,买盘,2017-08-01,2017-08-01 10:11:30
10:11:33,10:11:33,11.82,--,14,16548,买盘,2017-08-01,2017-08-01 10:11:33
10:11:36,10:11:36,11.81,-0.01,8,9448,卖盘,2017-08-01,2017-08-01 10:11:36
10:11:39,10:11:39,11.81,--,26,30706,卖盘,2017-08-01,2017-08-01 10:11:39
10:11:42,10:11:42,11.81,--,34,40154,卖盘,2017-08-01,2017-08-01 10:11:42
10:11:45,10:11:45,11.82,0.01,10,11820,买盘,2017-08-01,2017-08-01 10:11:45
10:11:54,10:11:54,11.82,--,11,13002,买盘,2017-08-01,2017-08-01 10:11:54
10:11:57,10:11:57,11.81,-0.01,1,1181,卖盘,2017-08-01,2017-08-01 10:11:57
10:12:00,10:12:00,11.81,--,59,69679,卖盘,2017-08-01,2017-08-01 10:12:00
10:12:03,10:12:03,11.81,--,50,59050,卖盘,2017-08-01,2017-08-01 10:12:03
10:12:06,10:12:06,11.81,--,26,30706,卖盘,2017-08-01,2017-08-01 10:12:06
10:12:09,10:12:09,11.81,--,5,5905,买盘,2017-08-01,2017-08-01 10:12:09
10:12:12,10:12:12,11.82,0.01,5,5910,买盘,2017-08-01,2017-08-01 10:12:12
10:12:18,10:12:18,11.82,--,9,10638,买盘,2017-08-01,2017-08-01 10:12:18
10:12:21,10:12:21,11.81,-0.01,12,14172,卖盘,2017-08-01,2017-08-01 10:12:21
10:12:24,10:12:24,11.81,--,31,36611,卖盘,2017-08-01,2017-08-01 10:12:24
10:12:27,10:12:27,11.82,0.01,15,17730,买盘,2017-08-01,2017-08-01 10:12:27
10:12:30,10:12:30,11.81,-0.01,26,30706,卖盘,2017-08-01,2017-08-01 10:12:30
10:12:33,10:12:33,11.82,0.01,20,23640,买盘,2017-08-01,2017-08-01 10:12:33
10:12:36,10:12:36,11.82,--,18,21276,买盘,2017-08-01,2017-08-01 10:12:36
10:12:39,10:12:39,11.82,--,24,28368,买盘,2017-08-01,2017-08-01 10:12:39
10:12:48,10:12:48,11.82,--,90,106380,卖盘,2017-08-01,2017-08-01 10:12:48
10:12:54,10:12:54,11.82,--,10,11820,卖盘,2017-08-01,2017-08-01 10:12:54
10:12:57,10:12:57,11.82,--,1,1182,买盘,2017-08-01,2017-08-01 10:12:57
10:13:03,10:13:03,11.82,--,10,11820,买盘,2017-08-01,2017-08-01 10:13:03
10:13:09,10:13:09,11.81,-0.01,10,11810,卖盘,2017-08-01,2017-08-01 10:13:09
10:13:12,10:13:12,11.81,--,26,30706,卖盘,2017-08-01,2017-08-01 10:13:12
10:13:18,10:13:18,11.81,--,19,22439,卖盘,2017-08-01,2017-08-01 10:13:18
10:13:21,10:13:21,11.82,0.01,1,1182,买盘,2017-08-01,2017-08-01 10:13:21
10:13:24,10:13:24,11.81,-0.01,6,7086,卖盘,2017-08-01,2017-08-01 10:13:24
10:13:30,10:13:30,11.81,--,16,18896,卖盘,2017-08-01,2017-08-01 10:13:30
10:13:36,10:13:36,11.81,--,22,25982,卖盘,2017-08-01,2017-08-01 10:13:36
10:13:39,10:13:39,11.81,--,38,44878,卖盘,2017-08-01,2017-08-01 10:13:39
10:13:42,10:13:42,11.81,--,8,9448,卖盘,2017-08-01,2017-08-01 10:13:42
10:13:45,10:13:45,11.81,--,30,35430,卖盘,2017-08-01,2017-08-01 10:13:45
10:13:57,10:13:57,11.82,0.01,16,18912,买盘,2017-08-01,2017-08-01 10:13:57
10:14:00,10:14:00,11.81,-0.01,698,824338,卖盘,2017-08-01,2017-08-01 10:14:00
10:14:03,10:14:03,11.81,--,1,1181,卖盘,2017-08-01,2017-08-01 10:14:03
10:14:06,10:14:06,11.83,0.02,54,63882,买盘,2017-08-01,2017-08-01 10:14:06
10:14:09,10:14:09,11.82,-0.01,19,22458,卖盘,2017-08-01,2017-08-01 10:14:09
10:14:15,10:14:15,11.83,0.01,5,5915,买盘,2017-08-01,2017-08-01 10:14:15
10:14:24,10:14:24,11.82,-0.01,112,132384,卖盘,2017-08-01,2017-08-01 10:14:24
10:14:27,10:14:27,11.83,0.01,5,5915,买盘,2017-08-01,2017-08-01 10:14:27
10:14:30,10:14:30,11.82,-0.01,31,36642,卖盘,2017-08-01,2017-08-01 10:14:30
10:14:33,10:14:33,11.82,--,8,9456,买盘,2017-08-01,2017-08-01 10:14:33
10:14:36,10:14:36,11.82,--,17,20094,买盘,2017-08-01,2017-08-01 10:14:36
10:14:42,10:14:42,11.82,--,26,30732,买盘,2017-08-01,2017-08-01 10:14:42
10:14:45,10:14:45,11.82,--,18,21276,买盘,2017-08-01,2017-08-01 10:14:45
10:14:48,10:14:48,11.83,0.01,82,97006,买盘,2017-08-01,2017-08-01 10:14:48
10:14:54,10:14:54,11.82,-0.01,20,23640,卖盘,2017-08-01,2017-08-01 10:14:54
10:15:03,10:15:03,11.83,0.01,7,8281,中性盘,2017-08-01,2017-08-01 10:15:03
10:15:06,10:15:06,11.83,--,50,59150,买盘,2017-08-01,2017-08-01 10:15:06
10:15:09,10:15:09,11.83,--,20,23660,买盘,2017-08-01,2017-08-01 10:15:09
10:15:15,10:15:15,11.82,-0.01,59,69738,卖盘,2017-08-01,2017-08-01 10:15:15
10:15:18,10:15:18,11.83,0.01,35,41405,买盘,2017-08-01,2017-08-01 10:15:18
10:15:21,10:15:21,11.83,--,10,11830,买盘,2017-08-01,2017-08-01 10:15:21
10:15:27,10:15:27,11.83,--,70,82810,买盘,2017-08-01,2017-08-01 10:15:27
10:15:30,10:15:30,11.83,--,6,7098,买盘,2017-08-01,2017-08-01 10:15:30
10:15:33,10:15:33,11.82,-0.01,1,1182,卖盘,2017-08-01,2017-08-01 10:15:33
10:15:36,10:15:36,11.83,0.01,31,36673,买盘,2017-08-01,2017-08-01 10:15:36
10:15:39,10:15:39,11.83,--,34,40222,买盘,2017-08-01,2017-08-01 10:15:39
10:15:42,10:15:42,11.82,-0.01,50,59100,卖盘,2017-08-01,2017-08-01 10:15:42
10:15:45,10:15:45,11.83,0.01,34,40222,买盘,2017-08-01,2017-08-01 10:15:45
10:15:48,10:15:48,11.83,--,30,35490,买盘,2017-08-01,2017-08-01 10:15:48
10:15:51,10:15:51,11.82,-0.01,84,99288,卖盘,2017-08-01,2017-08-01 10:15:51
10:15:54,10:15:54,11.82,--,3,3546,卖盘,2017-08-01,2017-08-01 10:15:54
10:16:00,10:16:00,11.83,0.01,20,23660,中性盘,2017-08-01,2017-08-01 10:16:00
10:16:06,10:16:06,11.84,0.01,55,65120,买盘,2017-08-01,2017-08-01 10:16:06
10:16:09,10:16:09,11.83,-0.01,3,3549,卖盘,2017-08-01,2017-08-01 10:16:09
10:16:12,10:16:12,11.83,--,5,5915,卖盘,2017-08-01,2017-08-01 10:16:12
10:16:15,10:16:15,11.84,0.01,54,63936,买盘,2017-08-01,2017-08-01 10:16:15
10:16:21,10:16:21,11.84,--,17,20128,买盘,2017-08-01,2017-08-01 10:16:21
10:16:27,10:16:27,11.84,--,3,3552,买盘,2017-08-01,2017-08-01 10:16:27
10:16:30,10:16:30,11.84,--,19,22496,买盘,2017-08-01,2017-08-01 10:16:30
10:16:36,10:16:36,11.84,--,3,3552,买盘,2017-08-01,2017-08-01 10:16:36
10:16:39,10:16:39,11.84,--,35,41440,买盘,2017-08-01,2017-08-01 10:16:39
10:16:42,10:16:42,11.84,--,39,46176,买盘,2017-08-01,2017-08-01 10:16:42
10:16:45,10:16:45,11.84,--,5,5920,买盘,2017-08-01,2017-08-01 10:16:45
10:16:48,10:16:48,11.84,--,18,21312,买盘,2017-08-01,2017-08-01 10:16:48
10:16:51,10:16:51,11.84,--,8,9472,买盘,2017-08-01,2017-08-01 10:16:51
10:16:54,10:16:54,11.84,--,3,3552,买盘,2017-08-01,2017-08-01 10:16:54
10:16:57,10:16:57,11.84,--,11,13024,买盘,2017-08-01,2017-08-01 10:16:57
10:17:00,10:17:00,11.84,--,5,5920,买盘,2017-08-01,2017-08-01 10:17:00
10:17:03,10:17:03,11.84,--,44,52096,买盘,2017-08-01,2017-08-01 10:17:03
10:17:06,10:17:06,11.84,--,10,11840,买盘,2017-08-01,2017-08-01 10:17:06
10:17:09,10:17:09,11.84,--,19,22496,买盘,2017-08-01,2017-08-01 10:17:09
10:17:12,10:17:12,11.83,-0.01,92,108836,卖盘,2017-08-01,2017-08-01 10:17:12
10:17:15,10:17:15,11.83,--,8,9464,卖盘,2017-08-01,2017-08-01 10:17:15
10:17:18,10:17:18,11.84,0.01,103,121952,买盘,2017-08-01,2017-08-01 10:17:18
10:17:21,10:17:21,11.84,--,37,43808,卖盘,2017-08-01,2017-08-01 10:17:21
10:17:24,10:17:24,11.83,-0.01,10,11830,卖盘,2017-08-01,2017-08-01 10:17:24
10:17:27,10:17:27,11.84,0.01,11,13024,买盘,2017-08-01,2017-08-01 10:17:27
10:17:30,10:17:30,11.84,--,68,80512,买盘,2017-08-01,2017-08-01 10:17:30
10:17:33,10:17:33,11.83,-0.01,30,35490,卖盘,2017-08-01,2017-08-01 10:17:33
10:17:36,10:17:36,11.83,--,22,26026,卖盘,2017-08-01,2017-08-01 10:17:36
10:17:42,10:17:42,11.83,--,30,35490,卖盘,2017-08-01,2017-08-01 10:17:42
10:17:51,10:17:51,11.83,--,5,5915,卖盘,2017-08-01,2017-08-01 10:17:51
10:17:57,10:17:57,11.83,--,91,107653,卖盘,2017-08-01,2017-08-01 10:17:57
10:18:00,10:18:00,11.83,--,2,2366,卖盘,2017-08-01,2017-08-01 10:18:00
10:18:03,10:18:03,11.84,0.01,66,78144,买盘,2017-08-01,2017-08-01 10:18:03
10:18:09,10:18:09,11.83,-0.01,10,11830,卖盘,2017-08-01,2017-08-01 10:18:09
10:18:12,10:18:12,11.84,0.01,50,59200,买盘,2017-08-01,2017-08-01 10:18:12
10:18:18,10:18:18,11.84,--,10,11840,买盘,2017-08-01,2017-08-01 10:18:18
10:18:21,10:18:21,11.84,--,32,37888,买盘,2017-08-01,2017-08-01 10:18:21
10:18:27,10:18:27,11.84,--,22,26048,买盘,2017-08-01,2017-08-01 10:18:27
10:18:30,10:18:30,11.83,-0.01,29,34307,卖盘,2017-08-01,2017-08-01 10:18:30
10:18:33,10:18:33,11.83,--,5,5915,卖盘,2017-08-01,2017-08-01 10:18:33
10:18:39,10:18:39,11.83,--,64,75712,卖盘,2017-08-01,2017-08-01 10:18:39
10:18:42,10:18:42,11.83,--,20,23660,买盘,2017-08-01,2017-08-01 10:18:42
10:18:45,10:18:45,11.83,--,17,20111,买盘,2017-08-01,2017-08-01 10:18:45
10:18:48,10:18:48,11.83,--,10,11830,买盘,2017-08-01,2017-08-01 10:18:48
10:18:51,10:18:51,11.83,--,9,10647,买盘,2017-08-01,2017-08-01 10:18:51
10:18:54,10:18:54,11.82,-0.01,4,4728,卖盘,2017-08-01,2017-08-01 10:18:54
10:18:57,10:18:57,11.83,0.01,23,27209,买盘,2017-08-01,2017-08-01 10:18:57
10:19:00,10:19:00,11.83,--,3,3549,卖盘,2017-08-01,2017-08-01 10:19:00
10:19:06,10:19:06,11.83,--,5,5915,卖盘,2017-08-01,2017-08-01 10:19:06
10:19:12,10:19:12,11.83,--,8,9464,卖盘,2017-08-01,2017-08-01 10:19:12
10:19:18,10:19:18,11.82,-0.01,132,156024,卖盘,2017-08-01,2017-08-01 10:19:18
10:19:21,10:19:21,11.83,0.01,8,9464,卖盘,2017-08-01,2017-08-01 10:19:21
10:19:30,10:19:30,11.83,--,109,128947,买盘,2017-08-01,2017-08-01 10:19:30
10:19:33,10:19:33,11.83,--,20,23660,买盘,2017-08-01,2017-08-01 10:19:33
10:19:36,10:19:36,11.83,--,3,3549,买盘,2017-08-01,2017-08-01 10:19:36
10:19:39,10:19:39,11.83,--,29,34307,买盘,2017-08-01,2017-08-01 10:19:39
10:19:45,10:19:45,11.82,-0.01,20,23640,卖盘,2017-08-01,2017-08-01 10:19:45
10:19:48,10:19:48,11.83,0.01,31,36673,买盘,2017-08-01,2017-08-01 10:19:48
10:19:51,10:19:51,11.83,--,4,4732,买盘,2017-08-01,2017-08-01 10:19:51
10:19:54,10:19:54,11.83,--,38,44954,买盘,2017-08-01,2017-08-01 10:19:54
10:19:57,10:19:57,11.82,-0.01,162,191484,卖盘,2017-08-01,2017-08-01 10:19:57
10:20:00,10:20:00,11.83,0.01,18,21294,买盘,2017-08-01,2017-08-01 10:20:00
10:20:03,10:20:03,11.83,--,1,1183,买盘,2017-08-01,2017-08-01 10:20:03
10:20:06,10:20:06,11.83,--,105,124215,买盘,2017-08-01,2017-08-01 10:20:06
10:20:09,10:20:09,11.83,--,12,14196,卖盘,2017-08-01,2017-08-01 10:20:09
10:20:15,10:20:15,11.83,--,20,23660,卖盘,2017-08-01,2017-08-01 10:20:15
10:20:18,10:20:18,11.84,0.01,5,5920,买盘,2017-08-01,2017-08-01 10:20:18
10:20:21,10:20:21,11.83,-0.01,77,91091,卖盘,2017-08-01,2017-08-01 10:20:21
10:20:27,10:20:27,11.83,--,4,4732,买盘,2017-08-01,2017-08-01 10:20:27
10:20:30,10:20:30,11.83,--,4,4732,买盘,2017-08-01,2017-08-01 10:20:30
10:20:33,10:20:33,11.83,--,91,107653,买盘,2017-08-01,2017-08-01 10:20:33
10:20:36,10:20:36,11.83,--,3,3549,买盘,2017-08-01,2017-08-01 10:20:36
10:20:39,10:20:39,11.83,--,6,7098,买盘,2017-08-01,2017-08-01 10:20:39
10:20:45,10:20:45,11.83,--,12,14196,买盘,2017-08-01,2017-08-01 10:20:45
10:20:48,10:20:48,11.83,--,57,67431,买盘,2017-08-01,2017-08-01 10:20:48
10:20:51,10:20:51,11.83,--,27,31941,买盘,2017-08-01,2017-08-01 10:20:51
10:20:54,10:20:54,11.83,--,16,18928,买盘,2017-08-01,2017-08-01 10:20:54
10:20:57,10:20:57,11.83,--,2,2366,买盘,2017-08-01,2017-08-01 10:20:57
10:21:00,10:21:00,11.83,--,61,72163,买盘,2017-08-01,2017-08-01 10:21:00
10:21:12,10:21:12,11.83,--,47,55601,卖盘,2017-08-01,2017-08-01 10:21:12
10:21:15,10:21:15,11.84,0.01,19,22496,买盘,2017-08-01,2017-08-01 10:21:15
10:21:21,10:21:21,11.83,-0.01,23,27209,卖盘,2017-08-01,2017-08-01 10:21:21
10:21:24,10:21:24,11.84,0.01,11,13024,买盘,2017-08-01,2017-08-01 10:21:24
10:21:30,10:21:30,11.84,--,5,5920,买盘,2017-08-01,2017-08-01 10:21:30
10:21:33,10:21:33,11.84,--,32,37888,买盘,2017-08-01,2017-08-01 10:21:33
10:21:39,10:21:39,11.84,--,5,5920,买盘,2017-08-01,2017-08-01 10:21:39
10:21:42,10:21:42,11.84,--,1,1184,买盘,2017-08-01,2017-08-01 10:21:42
10:21:45,10:21:45,11.83,-0.01,4,4732,卖盘,2017-08-01,2017-08-01 10:21:45
10:21:48,10:21:48,11.84,0.01,5,5920,买盘,2017-08-01,2017-08-01 10:21:48
10:21:51,10:21:51,11.83,-0.01,2,2366,卖盘,2017-08-01,2017-08-01 10:21:51
10:21:54,10:21:54,11.84,0.01,184,217856,买盘,2017-08-01,2017-08-01 10:21:54
10:21:57,10:21:57,11.84,--,9,10656,买盘,2017-08-01,2017-08-01 10:21:57
10:22:00,10:22:00,11.83,-0.01,27,31941,卖盘,2017-08-01,2017-08-01 10:22:00
10:22:09,10:22:09,11.84,0.01,3,3552,中性盘,2017-08-01,2017-08-01 10:22:09
10:22:12,10:22:12,11.84,--,60,71040,卖盘,2017-08-01,2017-08-01 10:22:12
10:22:18,10:22:18,11.84,--,25,29600,卖盘,2017-08-01,2017-08-01 10:22:18
10:22:21,10:22:21,11.84,--,23,27232,卖盘,2017-08-01,2017-08-01 10:22:21
10:22:24,10:22:24,11.84,--,12,14208,买盘,2017-08-01,2017-08-01 10:22:24
10:22:27,10:22:27,11.84,--,5,5920,买盘,2017-08-01,2017-08-01 10:22:27
10:22:30,10:22:30,11.83,-0.01,14,16562,卖盘,2017-08-01,2017-08-01 10:22:30
10:22:33,10:22:33,11.84,0.01,42,49728,买盘,2017-08-01,2017-08-01 10:22:33
10:22:39,10:22:39,11.84,--,7,8288,买盘,2017-08-01,2017-08-01 10:22:39
10:22:42,10:22:42,11.84,--,18,21312,卖盘,2017-08-01,2017-08-01 10:22:42
10:22:45,10:22:45,11.84,--,10,11840,卖盘,2017-08-01,2017-08-01 10:22:45
10:22:51,10:22:51,11.84,--,8,9472,卖盘,2017-08-01,2017-08-01 10:22:51
10:22:54,10:22:54,11.84,--,17,20128,卖盘,2017-08-01,2017-08-01 10:22:54
10:22:57,10:22:57,11.84,--,3,3552,卖盘,2017-08-01,2017-08-01 10:22:57
10:23:00,10:23:00,11.84,--,19,22496,卖盘,2017-08-01,2017-08-01 10:23:00
10:23:03,10:23:03,11.84,--,30,35520,卖盘,2017-08-01,2017-08-01 10:23:03
10:23:06,10:23:06,11.85,0.01,153,181305,买盘,2017-08-01,2017-08-01 10:23:06
10:23:09,10:23:09,11.84,-0.01,64,75776,卖盘,2017-08-01,2017-08-01 10:23:09
10:23:12,10:23:12,11.84,--,46,54464,买盘,2017-08-01,2017-08-01 10:23:12
10:23:15,10:23:15,11.84,--,7,8288,卖盘,2017-08-01,2017-08-01 10:23:15
10:23:27,10:23:27,11.84,--,71,84064,卖盘,2017-08-01,2017-08-01 10:23:27
10:23:30,10:23:30,11.84,--,48,56832,卖盘,2017-08-01,2017-08-01 10:23:30
10:23:33,10:23:33,11.84,--,26,30784,卖盘,2017-08-01,2017-08-01 10:23:33
10:23:36,10:23:36,11.84,--,14,16576,卖盘,2017-08-01,2017-08-01 10:23:36
10:23:42,10:23:42,11.84,--,2,2368,卖盘,2017-08-01,2017-08-01 10:23:42
10:23:45,10:23:45,11.84,--,21,24864,卖盘,2017-08-01,2017-08-01 10:23:45
10:23:48,10:23:48,11.85,0.01,21,24885,买盘,2017-08-01,2017-08-01 10:23:48
10:23:51,10:23:51,11.84,-0.01,1,1184,卖盘,2017-08-01,2017-08-01 10:23:51
10:23:54,10:23:54,11.85,0.01,31,36735,买盘,2017-08-01,2017-08-01 10:23:54
10:23:57,10:23:57,11.84,-0.01,3,3552,卖盘,2017-08-01,2017-08-01 10:23:57
10:24:03,10:24:03,11.85,0.01,20,23700,买盘,2017-08-01,2017-08-01 10:24:03
10:24:06,10:24:06,11.85,--,12,14220,买盘,2017-08-01,2017-08-01 10:24:06
10:24:09,10:24:09,11.85,--,5,5925,买盘,2017-08-01,2017-08-01 10:24:09
10:24:12,10:24:12,11.85,--,4,4740,买盘,2017-08-01,2017-08-01 10:24:12
10:24:15,10:24:15,11.85,--,32,37920,买盘,2017-08-01,2017-08-01 10:24:15
10:24:18,10:24:18,11.85,--,28,33180,买盘,2017-08-01,2017-08-01 10:24:18
10:24:24,10:24:24,11.85,--,40,47400,买盘,2017-08-01,2017-08-01 10:24:24
10:24:33,10:24:33,11.85,--,16,18960,买盘,2017-08-01,2017-08-01 10:24:33
10:24:36,10:24:36,11.85,--,91,107835,买盘,2017-08-01,2017-08-01 10:24:36
10:24:42,10:24:42,11.85,--,283,335355,买盘,2017-08-01,2017-08-01 10:24:42
10:24:45,10:24:45,11.85,--,86,101910,买盘,2017-08-01,2017-08-01 10:24:45
10:24:48,10:24:48,11.86,0.01,7,8302,买盘,2017-08-01,2017-08-01 10:24:48
10:24:51,10:24:51,11.86,--,200,237200,买盘,2017-08-01,2017-08-01 10:24:51
10:24:54,10:24:54,11.87,0.01,312,370344,买盘,2017-08-01,2017-08-01 10:24:54
10:25:03,10:25:03,11.87,--,25,29674,买盘,2017-08-01,2017-08-01 10:25:03
10:25:09,10:25:09,11.87,--,193,229090,买盘,2017-08-01,2017-08-01 10:25:09
10:25:12,10:25:12,11.87,--,447,530589,买盘,2017-08-01,2017-08-01 10:25:12
10:25:15,10:25:15,11.88,0.01,10,11880,买盘,2017-08-01,2017-08-01 10:25:15
10:25:18,10:25:18,11.87,-0.01,118,140066,卖盘,2017-08-01,2017-08-01 10:25:18
10:25:21,10:25:21,11.87,--,393,466490,卖盘,2017-08-01,2017-08-01 10:25:21
10:25:24,10:25:24,11.88,0.01,883,1049004,买盘,2017-08-01,2017-08-01 10:25:24
10:25:27,10:25:27,11.88,--,8,9504,卖盘,2017-08-01,2017-08-01 10:25:27
10:25:30,10:25:30,11.88,--,8,9504,卖盘,2017-08-01,2017-08-01 10:25:30
10:25:33,10:25:33,11.91,0.03,465,553815,买盘,2017-08-01,2017-08-01 10:25:33
10:25:36,10:25:36,11.9,-0.01,50,59500,卖盘,2017-08-01,2017-08-01 10:25:36
10:25:39,10:25:39,11.91,0.01,64,76224,买盘,2017-08-01,2017-08-01 10:25:39
10:25:42,10:25:42,11.92,0.01,140,166880,买盘,2017-08-01,2017-08-01 10:25:42
10:25:45,10:25:45,11.92,--,10,11920,买盘,2017-08-01,2017-08-01 10:25:45
10:25:48,10:25:48,11.92,--,286,340912,买盘,2017-08-01,2017-08-01 10:25:48
10:25:51,10:25:51,11.91,-0.01,98,116718,卖盘,2017-08-01,2017-08-01 10:25:51
10:25:54,10:25:54,11.93,0.02,2,2386,买盘,2017-08-01,2017-08-01 10:25:54
10:25:57,10:25:57,11.93,--,74,88282,买盘,2017-08-01,2017-08-01 10:25:57
10:26:03,10:26:03,11.94,0.01,174,207756,买盘,2017-08-01,2017-08-01 10:26:03
10:26:06,10:26:06,11.94,--,497,593418,卖盘,2017-08-01,2017-08-01 10:26:06
10:26:09,10:26:09,11.94,--,485,579090,卖盘,2017-08-01,2017-08-01 10:26:09
10:26:12,10:26:12,11.94,--,89,106266,买盘,2017-08-01,2017-08-01 10:26:12
10:26:15,10:26:15,11.94,--,721,860874,买盘,2017-08-01,2017-08-01 10:26:15
10:26:18,10:26:18,11.94,--,310,370140,买盘,2017-08-01,2017-08-01 10:26:18
10:26:21,10:26:21,11.95,0.01,276,329820,买盘,2017-08-01,2017-08-01 10:26:21
10:26:24,10:26:24,11.94,-0.01,235,280590,卖盘,2017-08-01,2017-08-01 10:26:24
10:26:27,10:26:27,11.94,--,251,299694,买盘,2017-08-01,2017-08-01 10:26:27
10:26:30,10:26:30,11.94,--,305,364170,买盘,2017-08-01,2017-08-01 10:26:30
10:26:33,10:26:33,11.94,--,262,312828,买盘,2017-08-01,2017-08-01 10:26:33
10:26:36,10:26:36,11.92,-0.02,188,224096,卖盘,2017-08-01,2017-08-01 10:26:36
10:26:39,10:26:39,11.93,0.01,79,94247,买盘,2017-08-01,2017-08-01 10:26:39
10:26:42,10:26:42,11.93,--,179,213547,买盘,2017-08-01,2017-08-01 10:26:42
10:26:45,10:26:45,11.92,-0.01,63,75096,买盘,2017-08-01,2017-08-01 10:26:45
10:26:48,10:26:48,11.91,-0.01,22,26202,中性盘,2017-08-01,2017-08-01 10:26:48
10:26:51,10:26:51,11.92,0.01,106,126352,买盘,2017-08-01,2017-08-01 10:26:51
10:26:54,10:26:54,11.91,-0.01,43,51213,买盘,2017-08-01,2017-08-01 10:26:54
10:26:57,10:26:57,11.92,0.01,58,69136,买盘,2017-08-01,2017-08-01 10:26:57
10:27:00,10:27:00,11.92,--,107,127544,买盘,2017-08-01,2017-08-01 10:27:00
10:27:03,10:27:03,11.92,--,85,101320,买盘,2017-08-01,2017-08-01 10:27:03
10:27:06,10:27:06,11.91,-0.01,29,34539,卖盘,2017-08-01,2017-08-01 10:27:06
10:27:09,10:27:09,11.91,--,132,157212,卖盘,2017-08-01,2017-08-01 10:27:09
10:27:12,10:27:12,11.92,0.01,71,84632,买盘,2017-08-01,2017-08-01 10:27:12
10:27:15,10:27:15,11.91,-0.01,12,14292,中性盘,2017-08-01,2017-08-01 10:27:15
10:27:18,10:27:18,11.9,-0.01,60,71400,卖盘,2017-08-01,2017-08-01 10:27:18
10:27:21,10:27:21,11.9,--,319,379610,卖盘,2017-08-01,2017-08-01 10:27:21
10:27:24,10:27:24,11.9,--,97,115430,买盘,2017-08-01,2017-08-01 10:27:24
10:27:27,10:27:27,11.9,--,30,35700,买盘,2017-08-01,2017-08-01 10:27:27
10:27:30,10:27:30,11.9,--,50,59500,买盘,2017-08-01,2017-08-01 10:27:30
10:27:33,10:27:33,11.9,--,6,7140,买盘,2017-08-01,2017-08-01 10:27:33
10:27:36,10:27:36,11.9,--,50,59500,买盘,2017-08-01,2017-08-01 10:27:36
10:27:39,10:27:39,11.9,--,106,126140,买盘,2017-08-01,2017-08-01 10:27:39
10:27:42,10:27:42,11.91,0.01,300,357300,买盘,2017-08-01,2017-08-01 10:27:42
10:27:45,10:27:45,11.91,--,10,11910,卖盘,2017-08-01,2017-08-01 10:27:45
10:27:48,10:27:48,11.92,0.01,56,66752,买盘,2017-08-01,2017-08-01 10:27:48
10:27:51,10:27:51,11.92,--,43,51256,买盘,2017-08-01,2017-08-01 10:27:51
10:27:54,10:27:54,11.91,-0.01,132,157212,卖盘,2017-08-01,2017-08-01 10:27:54
10:27:57,10:27:57,11.92,0.01,77,91784,买盘,2017-08-01,2017-08-01 10:27:57
10:28:00,10:28:00,11.92,--,232,276544,买盘,2017-08-01,2017-08-01 10:28:00
10:28:03,10:28:03,11.92,--,218,259856,买盘,2017-08-01,2017-08-01 10:28:03
10:28:06,10:28:06,11.92,--,61,72712,买盘,2017-08-01,2017-08-01 10:28:06
10:28:09,10:28:09,11.92,--,19,22648,卖盘,2017-08-01,2017-08-01 10:28:09
10:28:12,10:28:12,11.92,--,68,81056,卖盘,2017-08-01,2017-08-01 10:28:12
10:28:15,10:28:15,11.92,--,86,102512,卖盘,2017-08-01,2017-08-01 10:28:15
10:28:18,10:28:18,11.93,0.01,64,76352,买盘,2017-08-01,2017-08-01 10:28:18
10:28:21,10:28:21,11.93,--,147,175371,买盘,2017-08-01,2017-08-01 10:28:21
10:28:24,10:28:24,11.93,--,551,657343,买盘,2017-08-01,2017-08-01 10:28:24
10:28:27,10:28:27,11.93,--,9,10737,卖盘,2017-08-01,2017-08-01 10:28:27
10:28:30,10:28:30,11.93,--,66,78738,卖盘,2017-08-01,2017-08-01 10:28:30
10:28:33,10:28:33,11.94,0.01,132,157608,买盘,2017-08-01,2017-08-01 10:28:33
10:28:36,10:28:36,11.94,--,256,305664,买盘,2017-08-01,2017-08-01 10:28:36
10:28:39,10:28:39,11.94,--,68,81192,买盘,2017-08-01,2017-08-01 10:28:39
10:28:42,10:28:42,11.94,--,154,183876,买盘,2017-08-01,2017-08-01 10:28:42
10:28:45,10:28:45,11.94,--,422,503868,买盘,2017-08-01,2017-08-01 10:28:45
10:28:48,10:28:48,11.94,--,258,308052,卖盘,2017-08-01,2017-08-01 10:28:48
10:28:51,10:28:51,11.94,--,137,163578,卖盘,2017-08-01,2017-08-01 10:28:51
10:28:54,10:28:54,11.94,--,197,235218,卖盘,2017-08-01,2017-08-01 10:28:54
10:28:57,10:28:57,11.94,--,375,447750,卖盘,2017-08-01,2017-08-01 10:28:57
10:29:00,10:29:00,11.95,0.01,82,97990,买盘,2017-08-01,2017-08-01 10:29:00
10:29:03,10:29:03,11.95,--,72,86040,买盘,2017-08-01,2017-08-01 10:29:03
10:29:06,10:29:06,11.95,--,47,56165,买盘,2017-08-01,2017-08-01 10:29:06
10:29:09,10:29:09,11.95,--,68,81260,买盘,2017-08-01,2017-08-01 10:29:09
10:29:12,10:29:12,11.96,0.01,108,129168,买盘,2017-08-01,2017-08-01 10:29:12
10:29:15,10:29:15,11.95,-0.01,71,84845,卖盘,2017-08-01,2017-08-01 10:29:15
10:29:18,10:29:18,11.96,0.01,194,232024,买盘,2017-08-01,2017-08-01 10:29:18
10:29:21,10:29:21,11.96,--,537,642252,买盘,2017-08-01,2017-08-01 10:29:21
10:29:24,10:29:24,11.97,0.01,140,167580,买盘,2017-08-01,2017-08-01 10:29:24
10:29:27,10:29:27,11.98,0.01,635,760730,买盘,2017-08-01,2017-08-01 10:29:27
10:29:30,10:29:30,11.98,--,452,541496,卖盘,2017-08-01,2017-08-01 10:29:30
10:29:33,10:29:33,11.99,0.01,232,278168,买盘,2017-08-01,2017-08-01 10:29:33
10:29:36,10:29:36,11.99,--,412,493988,卖盘,2017-08-01,2017-08-01 10:29:36
10:29:39,10:29:39,11.99,--,216,258984,卖盘,2017-08-01,2017-08-01 10:29:39
10:29:42,10:29:42,11.99,--,552,661848,买盘,2017-08-01,2017-08-01 10:29:42
10:29:45,10:29:45,11.99,--,264,316536,买盘,2017-08-01,2017-08-01 10:29:45
10:29:48,10:29:48,11.99,--,177,212223,买盘,2017-08-01,2017-08-01 10:29:48
10:29:51,10:29:51,11.99,--,450,539550,买盘,2017-08-01,2017-08-01 10:29:51
10:29:54,10:29:54,11.99,--,273,327327,卖盘,2017-08-01,2017-08-01 10:29:54
10:29:57,10:29:57,12.01,0.02,396,475596,买盘,2017-08-01,2017-08-01 10:29:57
10:30:00,10:30:00,12.0,-0.01,337,404400,卖盘,2017-08-01,2017-08-01 10:30:00
10:30:03,10:30:03,11.99,-0.01,186,223014,卖盘,2017-08-01,2017-08-01 10:30:03
10:30:06,10:30:06,11.98,-0.01,101,120998,卖盘,2017-08-01,2017-08-01 10:30:06
10:30:09,10:30:09,11.96,-0.02,478,571688,卖盘,2017-08-01,2017-08-01 10:30:09
10:30:12,10:30:12,11.98,0.02,249,298302,买盘,2017-08-01,2017-08-01 10:30:12
10:30:15,10:30:15,11.97,-0.01,76,90972,中性盘,2017-08-01,2017-08-01 10:30:15
10:30:18,10:30:18,11.97,--,102,122094,卖盘,2017-08-01,2017-08-01 10:30:18
10:30:21,10:30:21,11.96,-0.01,680,813280,卖盘,2017-08-01,2017-08-01 10:30:21
10:30:24,10:30:24,11.96,--,613,733148,买盘,2017-08-01,2017-08-01 10:30:24
10:30:27,10:30:27,11.97,0.01,50,59850,买盘,2017-08-01,2017-08-01 10:30:27
10:30:30,10:30:30,11.95,-0.02,262,313090,卖盘,2017-08-01,2017-08-01 10:30:30
10:30:33,10:30:33,11.95,--,243,290385,买盘,2017-08-01,2017-08-01 10:30:33
10:30:36,10:30:36,11.96,0.01,99,118404,买盘,2017-08-01,2017-08-01 10:30:36
10:30:39,10:30:39,11.96,--,62,74152,买盘,2017-08-01,2017-08-01 10:30:39
10:30:42,10:30:42,11.96,--,19,22724,买盘,2017-08-01,2017-08-01 10:30:42
10:30:45,10:30:45,11.97,0.01,36,43092,买盘,2017-08-01,2017-08-01 10:30:45
10:30:48,10:30:48,11.97,--,560,670320,买盘,2017-08-01,2017-08-01 10:30:48
10:30:51,10:30:51,11.97,--,71,84987,买盘,2017-08-01,2017-08-01 10:30:51
10:30:54,10:30:54,11.97,--,140,167580,买盘,2017-08-01,2017-08-01 10:30:54
10:30:57,10:30:57,11.97,--,114,136458,卖盘,2017-08-01,2017-08-01 10:30:57
10:31:00,10:31:00,11.97,--,52,62244,买盘,2017-08-01,2017-08-01 10:31:00
10:31:03,10:31:03,11.97,--,481,575757,买盘,2017-08-01,2017-08-01 10:31:03
10:31:06,10:31:06,11.99,0.02,187,224213,买盘,2017-08-01,2017-08-01 10:31:06
10:31:09,10:31:09,11.98,-0.01,354,424092,卖盘,2017-08-01,2017-08-01 10:31:09
10:31:12,10:31:12,11.99,0.01,239,286561,买盘,2017-08-01,2017-08-01 10:31:12
10:31:15,10:31:15,11.99,--,178,213422,买盘,2017-08-01,2017-08-01 10:31:15
10:31:18,10:31:18,11.99,--,171,205424,买盘,2017-08-01,2017-08-01 10:31:18
10:31:21,10:31:21,11.98,-0.01,103,124196,卖盘,2017-08-01,2017-08-01 10:31:21
10:31:24,10:31:24,11.99,0.01,134,160666,买盘,2017-08-01,2017-08-01 10:31:24
10:31:27,10:31:27,11.99,--,138,165462,买盘,2017-08-01,2017-08-01 10:31:27
10:31:30,10:31:30,11.98,-0.01,207,247986,卖盘,2017-08-01,2017-08-01 10:31:30
10:31:33,10:31:33,11.99,0.01,88,105512,买盘,2017-08-01,2017-08-01 10:31:33
10:31:36,10:31:36,11.99,--,50,59950,买盘,2017-08-01,2017-08-01 10:31:36
10:31:39,10:31:39,11.99,--,110,131890,买盘,2017-08-01,2017-08-01 10:31:39
10:31:42,10:31:42,11.99,--,56,67144,买盘,2017-08-01,2017-08-01 10:31:42
10:31:45,10:31:45,11.99,--,165,197835,买盘,2017-08-01,2017-08-01 10:31:45
10:31:48,10:31:48,11.98,-0.01,98,117404,卖盘,2017-08-01,2017-08-01 10:31:48
10:31:51,10:31:51,11.99,0.01,535,641465,买盘,2017-08-01,2017-08-01 10:31:51
10:31:54,10:31:54,11.99,--,94,112706,卖盘,2017-08-01,2017-08-01 10:31:54
10:31:57,10:31:57,12.0,0.01,445,534000,买盘,2017-08-01,2017-08-01 10:31:57
10:32:00,10:32:00,11.99,-0.01,103,123497,卖盘,2017-08-01,2017-08-01 10:32:00
10:32:03,10:32:03,11.99,--,245,293755,卖盘,2017-08-01,2017-08-01 10:32:03
10:32:06,10:32:06,11.99,--,354,424446,卖盘,2017-08-01,2017-08-01 10:32:06
10:32:09,10:32:09,12.0,0.01,289,347196,买盘,2017-08-01,2017-08-01 10:32:09
10:32:12,10:32:12,12.0,--,178,213600,卖盘,2017-08-01,2017-08-01 10:32:12
10:32:15,10:32:15,12.01,0.01,109,130909,买盘,2017-08-01,2017-08-01 10:32:15
10:32:18,10:32:18,12.01,--,220,265024,买盘,2017-08-01,2017-08-01 10:32:18
10:32:21,10:32:21,12.0,-0.01,59,70800,买盘,2017-08-01,2017-08-01 10:32:21
10:32:24,10:32:24,12.0,--,50,60000,买盘,2017-08-01,2017-08-01 10:32:24
10:32:27,10:32:27,12.0,--,65,78000,买盘,2017-08-01,2017-08-01 10:32:27
10:32:30,10:32:30,11.99,-0.01,448,537152,卖盘,2017-08-01,2017-08-01 10:32:30
10:32:33,10:32:33,11.99,--,43,51557,买盘,2017-08-01,2017-08-01 10:32:33
10:32:36,10:32:36,11.99,--,236,282964,买盘,2017-08-01,2017-08-01 10:32:36
10:32:39,10:32:39,11.98,-0.01,80,95840,卖盘,2017-08-01,2017-08-01 10:32:39
10:32:42,10:32:42,11.98,--,176,210848,卖盘,2017-08-01,2017-08-01 10:32:42
10:32:45,10:32:45,11.98,--,45,53910,卖盘,2017-08-01,2017-08-01 10:32:45
10:32:48,10:32:48,11.98,--,145,173710,卖盘,2017-08-01,2017-08-01 10:32:48
10:32:51,10:32:51,11.98,--,297,355806,卖盘,2017-08-01,2017-08-01 10:32:51
10:32:54,10:32:54,11.98,--,519,621762,卖盘,2017-08-01,2017-08-01 10:32:54
10:32:57,10:32:57,11.98,--,106,126988,买盘,2017-08-01,2017-08-01 10:32:57
10:33:00,10:33:00,11.97,-0.01,393,470421,卖盘,2017-08-01,2017-08-01 10:33:00
10:33:03,10:33:03,11.97,--,105,125685,卖盘,2017-08-01,2017-08-01 10:33:03
10:33:06,10:33:06,11.97,--,141,168777,卖盘,2017-08-01,2017-08-01 10:33:06
10:33:09,10:33:09,11.97,--,21,25137,买盘,2017-08-01,2017-08-01 10:33:09
10:33:12,10:33:12,11.98,0.01,194,232412,买盘,2017-08-01,2017-08-01 10:33:12
10:33:15,10:33:15,11.97,-0.01,160,191520,买盘,2017-08-01,2017-08-01 10:33:15
10:33:18,10:33:18,11.98,0.01,82,98236,买盘,2017-08-01,2017-08-01 10:33:18
10:33:21,10:33:21,11.98,--,53,63494,买盘,2017-08-01,2017-08-01 10:33:21
10:33:24,10:33:24,11.97,-0.01,63,75411,中性盘,2017-08-01,2017-08-01 10:33:24
10:33:27,10:33:27,11.97,--,7,8379,卖盘,2017-08-01,2017-08-01 10:33:27
10:33:30,10:33:30,11.97,--,133,159201,卖盘,2017-08-01,2017-08-01 10:33:30
10:33:33,10:33:33,11.97,--,21,25137,买盘,2017-08-01,2017-08-01 10:33:33
10:33:36,10:33:36,11.96,-0.01,188,224848,卖盘,2017-08-01,2017-08-01 10:33:36
10:33:39,10:33:39,11.97,0.01,99,118503,买盘,2017-08-01,2017-08-01 10:33:39
10:33:42,10:33:42,11.97,--,13,15561,买盘,2017-08-01,2017-08-01 10:33:42
10:33:45,10:33:45,11.97,--,133,159201,买盘,2017-08-01,2017-08-01 10:33:45
10:33:48,10:33:48,11.97,--,187,223839,卖盘,2017-08-01,2017-08-01 10:33:48
10:33:51,10:33:51,11.97,--,58,69426,卖盘,2017-08-01,2017-08-01 10:33:51
10:33:54,10:33:54,11.97,--,122,146034,卖盘,2017-08-01,2017-08-01 10:33:54
10:33:57,10:33:57,11.97,--,41,49077,卖盘,2017-08-01,2017-08-01 10:33:57
10:34:00,10:34:00,11.97,--,53,63441,卖盘,2017-08-01,2017-08-01 10:34:00
10:34:03,10:34:03,11.98,0.01,290,347420,买盘,2017-08-01,2017-08-01 10:34:03
10:34:06,10:34:06,11.98,--,120,143760,买盘,2017-08-01,2017-08-01 10:34:06
10:34:09,10:34:09,11.98,--,51,61098,买盘,2017-08-01,2017-08-01 10:34:09
10:34:12,10:34:12,11.98,--,181,216838,买盘,2017-08-01,2017-08-01 10:34:12
10:34:15,10:34:15,11.98,--,73,87454,卖盘,2017-08-01,2017-08-01 10:34:15
10:34:18,10:34:18,11.98,--,88,105424,卖盘,2017-08-01,2017-08-01 10:34:18
10:34:21,10:34:21,11.98,--,183,219234,卖盘,2017-08-01,2017-08-01 10:34:21
10:34:24,10:34:24,11.98,--,114,136572,卖盘,2017-08-01,2017-08-01 10:34:24
10:34:27,10:34:27,11.98,--,46,55108,卖盘,2017-08-01,2017-08-01 10:34:27
10:34:30,10:34:30,11.98,--,57,68286,卖盘,2017-08-01,2017-08-01 10:34:30
10:34:33,10:34:33,11.98,--,86,103028,卖盘,2017-08-01,2017-08-01 10:34:33
10:34:36,10:34:36,11.98,--,62,74276,卖盘,2017-08-01,2017-08-01 10:34:36
10:34:39,10:34:39,11.97,-0.01,122,146034,卖盘,2017-08-01,2017-08-01 10:34:39
10:34:42,10:34:42,11.99,0.02,331,396869,买盘,2017-08-01,2017-08-01 10:34:42
10:34:45,10:34:45,11.97,-0.02,8,9576,卖盘,2017-08-01,2017-08-01 10:34:45
10:34:48,10:34:48,11.99,0.02,116,139084,买盘,2017-08-01,2017-08-01 10:34:48
10:34:51,10:34:51,11.99,--,81,97119,买盘,2017-08-01,2017-08-01 10:34:51
10:34:54,10:34:54,11.99,--,252,302148,买盘,2017-08-01,2017-08-01 10:34:54
10:34:57,10:34:57,11.99,--,157,188243,买盘,2017-08-01,2017-08-01 10:34:57
10:35:00,10:35:00,12.0,0.01,228,273600,买盘,2017-08-01,2017-08-01 10:35:00
10:35:03,10:35:03,11.99,-0.01,2243,2689357,卖盘,2017-08-01,2017-08-01 10:35:03
10:35:06,10:35:06,12.03,0.04,36,43308,买盘,2017-08-01,2017-08-01 10:35:06
10:35:09,10:35:09,12.04,0.01,417,502465,买盘,2017-08-01,2017-08-01 10:35:09
10:35:12,10:35:12,12.05,0.01,337,406085,买盘,2017-08-01,2017-08-01 10:35:12
10:35:15,10:35:15,12.07,0.02,34,41038,买盘,2017-08-01,2017-08-01 10:35:15
10:35:18,10:35:18,12.07,--,85,102595,买盘,2017-08-01,2017-08-01 10:35:18
10:35:21,10:35:21,12.08,0.01,313,378104,买盘,2017-08-01,2017-08-01 10:35:21
10:35:24,10:35:24,12.1,0.02,753,911130,买盘,2017-08-01,2017-08-01 10:35:24
10:35:27,10:35:27,12.1,--,218,263780,买盘,2017-08-01,2017-08-01 10:35:27
10:35:30,10:35:30,12.11,0.01,369,446859,买盘,2017-08-01,2017-08-01 10:35:30
10:35:33,10:35:33,12.11,--,377,456547,买盘,2017-08-01,2017-08-01 10:35:33
10:35:36,10:35:36,12.11,--,274,331814,卖盘,2017-08-01,2017-08-01 10:35:36
10:35:39,10:35:39,12.14,0.03,315,382410,买盘,2017-08-01,2017-08-01 10:35:39
10:35:42,10:35:42,12.13,-0.01,290,351770,卖盘,2017-08-01,2017-08-01 10:35:42
10:35:45,10:35:45,12.14,0.01,768,932352,买盘,2017-08-01,2017-08-01 10:35:45
10:35:48,10:35:48,12.15,0.01,503,611145,买盘,2017-08-01,2017-08-01 10:35:48
10:35:51,10:35:51,12.16,0.01,768,933888,买盘,2017-08-01,2017-08-01 10:35:51
10:35:54,10:35:54,12.16,--,547,665152,买盘,2017-08-01,2017-08-01 10:35:54
10:35:57,10:35:57,12.16,--,679,825664,买盘,2017-08-01,2017-08-01 10:35:57
10:36:00,10:36:00,12.17,0.01,386,469762,中性盘,2017-08-01,2017-08-01 10:36:00
10:36:03,10:36:03,12.17,--,400,486800,卖盘,2017-08-01,2017-08-01 10:36:03
10:36:06,10:36:06,12.18,0.01,911,1109598,买盘,2017-08-01,2017-08-01 10:36:06
10:36:09,10:36:09,12.18,--,356,433608,卖盘,2017-08-01,2017-08-01 10:36:09
10:36:12,10:36:12,12.2,0.02,440,536800,买盘,2017-08-01,2017-08-01 10:36:12
10:36:15,10:36:15,12.19,-0.01,849,1034931,中性盘,2017-08-01,2017-08-01 10:36:15
10:36:18,10:36:18,12.23,0.04,1632,1996669,买盘,2017-08-01,2017-08-01 10:36:18
10:36:21,10:36:21,12.23,--,260,317980,卖盘,2017-08-01,2017-08-01 10:36:21
10:36:24,10:36:24,12.23,--,323,395029,卖盘,2017-08-01,2017-08-01 10:36:24
10:36:27,10:36:27,12.24,0.01,1479,1810296,买盘,2017-08-01,2017-08-01 10:36:27
10:36:30,10:36:30,12.23,-0.01,827,1011421,卖盘,2017-08-01,2017-08-01 10:36:30
10:36:33,10:36:33,12.22,-0.01,566,691652,卖盘,2017-08-01,2017-08-01 10:36:33
10:36:36,10:36:36,12.2,-0.02,629,767380,卖盘,2017-08-01,2017-08-01 10:36:36
10:36:39,10:36:39,12.22,0.02,864,1056296,买盘,2017-08-01,2017-08-01 10:36:39
10:36:42,10:36:42,12.19,-0.03,147,179193,中性盘,2017-08-01,2017-08-01 10:36:42
10:36:45,10:36:45,12.2,0.01,565,689300,买盘,2017-08-01,2017-08-01 10:36:45
10:36:48,10:36:48,12.2,--,897,1094340,买盘,2017-08-01,2017-08-01 10:36:48
10:36:51,10:36:51,12.19,-0.01,491,598529,卖盘,2017-08-01,2017-08-01 10:36:51
10:36:54,10:36:54,12.19,--,398,485162,买盘,2017-08-01,2017-08-01 10:36:54
10:36:57,10:36:57,12.18,-0.01,451,549318,中性盘,2017-08-01,2017-08-01 10:36:57
10:37:00,10:37:00,12.19,0.01,312,380328,买盘,2017-08-01,2017-08-01 10:37:00
10:37:03,10:37:03,12.19,--,360,438840,买盘,2017-08-01,2017-08-01 10:37:03
10:37:06,10:37:06,12.19,--,494,602186,卖盘,2017-08-01,2017-08-01 10:37:06
10:37:09,10:37:09,12.19,--,326,397394,买盘,2017-08-01,2017-08-01 10:37:09
10:37:12,10:37:12,12.19,--,699,852081,买盘,2017-08-01,2017-08-01 10:37:12
10:37:15,10:37:15,12.22,0.03,2159,2638298,买盘,2017-08-01,2017-08-01 10:37:15
10:37:18,10:37:18,12.19,-0.03,239,291341,买盘,2017-08-01,2017-08-01 10:37:18
10:37:21,10:37:21,12.22,0.03,219,267618,买盘,2017-08-01,2017-08-01 10:37:21
10:37:24,10:37:24,12.2,-0.02,982,1198040,中性盘,2017-08-01,2017-08-01 10:37:24
10:37:27,10:37:27,12.21,0.01,324,395604,买盘,2017-08-01,2017-08-01 10:37:27
10:37:30,10:37:30,12.24,0.03,979,1198296,买盘,2017-08-01,2017-08-01 10:37:30
10:37:33,10:37:33,12.24,--,206,252878,买盘,2017-08-01,2017-08-01 10:37:33
10:37:36,10:37:36,12.23,-0.01,362,442726,卖盘,2017-08-01,2017-08-01 10:37:36
10:37:39,10:37:39,12.23,--,329,402367,买盘,2017-08-01,2017-08-01 10:37:39
10:37:42,10:37:42,12.24,0.01,565,691560,买盘,2017-08-01,2017-08-01 10:37:42
10:37:45,10:37:45,12.23,-0.01,455,556465,卖盘,2017-08-01,2017-08-01 10:37:45
10:37:48,10:37:48,12.26,0.03,1532,1878232,买盘,2017-08-01,2017-08-01 10:37:48
10:37:51,10:37:51,12.22,-0.04,773,944606,卖盘,2017-08-01,2017-08-01 10:37:51
10:37:54,10:37:54,12.27,0.05,202,247854,买盘,2017-08-01,2017-08-01 10:37:54
10:37:57,10:37:57,12.27,--,278,341106,买盘,2017-08-01,2017-08-01 10:37:57
10:38:00,10:38:00,12.27,--,353,433131,买盘,2017-08-01,2017-08-01 10:38:00
10:38:03,10:38:03,12.27,--,243,298161,卖盘,2017-08-01,2017-08-01 10:38:03
10:38:06,10:38:06,12.25,-0.02,447,547575,卖盘,2017-08-01,2017-08-01 10:38:06
10:38:09,10:38:09,12.25,--,190,232750,卖盘,2017-08-01,2017-08-01 10:38:09
10:38:12,10:38:12,12.26,0.01,506,620356,买盘,2017-08-01,2017-08-01 10:38:12
10:38:15,10:38:15,12.24,-0.02,631,772344,卖盘,2017-08-01,2017-08-01 10:38:15
10:38:18,10:38:18,12.25,0.01,373,456925,买盘,2017-08-01,2017-08-01 10:38:18
10:38:21,10:38:21,12.23,-0.02,900,1100700,卖盘,2017-08-01,2017-08-01 10:38:21
10:38:24,10:38:24,12.25,0.02,991,1213975,买盘,2017-08-01,2017-08-01 10:38:24
10:38:27,10:38:27,12.24,-0.01,450,550800,卖盘,2017-08-01,2017-08-01 10:38:27
10:38:30,10:38:30,12.24,--,569,696456,买盘,2017-08-01,2017-08-01 10:38:30
10:38:33,10:38:33,12.23,-0.01,539,659197,卖盘,2017-08-01,2017-08-01 10:38:33
10:38:36,10:38:36,12.23,--,420,513660,买盘,2017-08-01,2017-08-01 10:38:36
10:38:39,10:38:39,12.21,-0.02,36,43956,卖盘,2017-08-01,2017-08-01 10:38:39
10:38:42,10:38:42,12.22,0.01,72,87984,买盘,2017-08-01,2017-08-01 10:38:42
10:38:45,10:38:45,12.21,-0.01,90,109890,卖盘,2017-08-01,2017-08-01 10:38:45
10:38:48,10:38:48,12.22,0.01,137,167414,买盘,2017-08-01,2017-08-01 10:38:48
10:38:51,10:38:51,12.21,-0.01,199,242979,卖盘,2017-08-01,2017-08-01 10:38:51
10:38:54,10:38:54,12.21,--,309,377289,买盘,2017-08-01,2017-08-01 10:38:54
10:38:57,10:38:57,12.2,-0.01,733,894260,卖盘,2017-08-01,2017-08-01 10:38:57
10:39:00,10:39:00,12.2,--,339,413580,卖盘,2017-08-01,2017-08-01 10:39:00
10:39:03,10:39:03,12.2,--,273,333060,买盘,2017-08-01,2017-08-01 10:39:03
10:39:06,10:39:06,12.19,-0.01,194,236486,卖盘,2017-08-01,2017-08-01 10:39:06
10:39:09,10:39:09,12.2,0.01,378,461160,买盘,2017-08-01,2017-08-01 10:39:09
10:39:12,10:39:12,12.18,-0.02,225,274050,卖盘,2017-08-01,2017-08-01 10:39:12
10:39:15,10:39:15,12.19,0.01,105,127995,买盘,2017-08-01,2017-08-01 10:39:15
10:39:18,10:39:18,12.19,--,130,158470,买盘,2017-08-01,2017-08-01 10:39:18
10:39:21,10:39:21,12.19,--,297,362043,买盘,2017-08-01,2017-08-01 10:39:21
10:39:24,10:39:24,12.2,0.01,60,73200,买盘,2017-08-01,2017-08-01 10:39:24
10:39:27,10:39:27,12.19,-0.01,256,312064,卖盘,2017-08-01,2017-08-01 10:39:27
10:39:30,10:39:30,12.2,0.01,361,440420,买盘,2017-08-01,2017-08-01 10:39:30
10:39:33,10:39:33,12.21,0.01,156,190476,买盘,2017-08-01,2017-08-01 10:39:33
10:39:36,10:39:36,12.2,-0.01,224,273280,卖盘,2017-08-01,2017-08-01 10:39:36
10:39:39,10:39:39,12.2,--,291,355020,买盘,2017-08-01,2017-08-01 10:39:39
10:39:42,10:39:42,12.2,--,310,378200,卖盘,2017-08-01,2017-08-01 10:39:42
10:39:45,10:39:45,12.22,0.02,225,274950,买盘,2017-08-01,2017-08-01 10:39:45
10:39:48,10:39:48,12.21,-0.01,309,377289,中性盘,2017-08-01,2017-08-01 10:39:48
10:39:51,10:39:51,12.21,--,168,205128,卖盘,2017-08-01,2017-08-01 10:39:51
10:39:54,10:39:54,12.21,--,78,95238,买盘,2017-08-01,2017-08-01 10:39:54
10:39:57,10:39:57,12.21,--,158,192918,卖盘,2017-08-01,2017-08-01 10:39:57
10:40:00,10:40:00,12.21,--,265,323565,卖盘,2017-08-01,2017-08-01 10:40:00
10:40:03,10:40:03,12.23,0.02,335,409705,买盘,2017-08-01,2017-08-01 10:40:03
10:40:06,10:40:06,12.22,-0.01,182,222404,卖盘,2017-08-01,2017-08-01 10:40:06
10:40:09,10:40:09,12.23,0.01,224,273952,买盘,2017-08-01,2017-08-01 10:40:09
10:40:12,10:40:12,12.22,-0.01,181,221182,卖盘,2017-08-01,2017-08-01 10:40:12
10:40:15,10:40:15,12.22,--,316,386152,卖盘,2017-08-01,2017-08-01 10:40:15
10:40:18,10:40:18,12.23,0.01,297,363231,买盘,2017-08-01,2017-08-01 10:40:18
10:40:21,10:40:21,12.23,--,791,967393,买盘,2017-08-01,2017-08-01 10:40:21
10:40:24,10:40:24,12.24,0.01,460,563040,买盘,2017-08-01,2017-08-01 10:40:24
10:40:27,10:40:27,12.24,--,380,465120,买盘,2017-08-01,2017-08-01 10:40:27
10:40:30,10:40:30,12.24,--,608,744192,买盘,2017-08-01,2017-08-01 10:40:30
10:40:33,10:40:33,12.25,0.01,627,768075,买盘,2017-08-01,2017-08-01 10:40:33
10:40:36,10:40:36,12.24,-0.01,152,186048,卖盘,2017-08-01,2017-08-01 10:40:36
10:40:39,10:40:39,12.25,0.01,360,441000,买盘,2017-08-01,2017-08-01 10:40:39
10:40:42,10:40:42,12.25,--,345,422625,买盘,2017-08-01,2017-08-01 10:40:42
10:40:45,10:40:45,12.25,--,380,465500,买盘,2017-08-01,2017-08-01 10:40:45
10:40:48,10:40:48,12.26,0.01,275,337150,买盘,2017-08-01,2017-08-01 10:40:48
10:40:51,10:40:51,12.25,-0.01,275,336875,卖盘,2017-08-01,2017-08-01 10:40:51
10:40:54,10:40:54,12.26,0.01,414,507564,买盘,2017-08-01,2017-08-01 10:40:54
10:40:57,10:40:57,12.26,--,239,293014,买盘,2017-08-01,2017-08-01 10:40:57
10:41:00,10:41:00,12.27,0.01,164,201228,买盘,2017-08-01,2017-08-01 10:41:00
10:41:03,10:41:03,12.27,--,377,462579,买盘,2017-08-01,2017-08-01 10:41:03
10:41:06,10:41:06,12.28,0.01,627,769956,买盘,2017-08-01,2017-08-01 10:41:06
10:41:09,10:41:09,12.29,0.01,348,427691,买盘,2017-08-01,2017-08-01 10:41:09
10:41:12,10:41:12,12.28,-0.01,374,459272,卖盘,2017-08-01,2017-08-01 10:41:12
10:41:15,10:41:15,12.28,--,840,1031520,卖盘,2017-08-01,2017-08-01 10:41:15
10:41:18,10:41:18,12.3,0.02,301,370230,买盘,2017-08-01,2017-08-01 10:41:18
10:41:21,10:41:21,12.3,--,342,420660,买盘,2017-08-01,2017-08-01 10:41:21
10:41:24,10:41:24,12.31,0.01,1404,1728324,买盘,2017-08-01,2017-08-01 10:41:24
10:41:27,10:41:27,12.31,--,393,483783,卖盘,2017-08-01,2017-08-01 10:41:27
10:41:30,10:41:30,12.32,0.01,181,222992,中性盘,2017-08-01,2017-08-01 10:41:30
10:41:33,10:41:33,12.34,0.02,208,256672,买盘,2017-08-01,2017-08-01 10:41:33
10:41:36,10:41:36,12.33,-0.01,458,564714,卖盘,2017-08-01,2017-08-01 10:41:36
10:41:39,10:41:39,12.35,0.02,459,566865,买盘,2017-08-01,2017-08-01 10:41:39
10:41:42,10:41:42,12.35,--,553,682955,买盘,2017-08-01,2017-08-01 10:41:42
10:41:45,10:41:45,12.37,0.02,674,833738,买盘,2017-08-01,2017-08-01 10:41:45
10:41:48,10:41:48,12.35,-0.02,443,547105,卖盘,2017-08-01,2017-08-01 10:41:48
10:41:51,10:41:51,12.37,0.02,484,598708,买盘,2017-08-01,2017-08-01 10:41:51
10:41:54,10:41:54,12.36,-0.01,1640,2027040,中性盘,2017-08-01,2017-08-01 10:41:54
10:41:57,10:41:57,12.36,--,1254,1549944,买盘,2017-08-01,2017-08-01 10:41:57
10:42:00,10:42:00,12.39,0.03,2261,2801379,买盘,2017-08-01,2017-08-01 10:42:00
10:42:03,10:42:03,12.37,-0.02,424,524488,卖盘,2017-08-01,2017-08-01 10:42:03
10:42:06,10:42:06,12.4,0.03,430,533200,买盘,2017-08-01,2017-08-01 10:42:06
10:42:09,10:42:09,12.38,-0.02,420,519960,中性盘,2017-08-01,2017-08-01 10:42:09
10:42:12,10:42:12,12.38,--,233,288454,卖盘,2017-08-01,2017-08-01 10:42:12
10:42:15,10:42:15,12.38,--,589,729182,卖盘,2017-08-01,2017-08-01 10:42:15
10:42:18,10:42:18,12.4,0.02,611,757640,买盘,2017-08-01,2017-08-01 10:42:18
10:42:21,10:42:21,12.39,-0.01,1104,1367856,卖盘,2017-08-01,2017-08-01 10:42:21
10:42:24,10:42:24,12.38,-0.01,1057,1308566,卖盘,2017-08-01,2017-08-01 10:42:24
10:42:27,10:42:27,12.35,-0.03,1095,1352325,卖盘,2017-08-01,2017-08-01 10:42:27
10:42:30,10:42:30,12.37,0.02,585,723645,买盘,2017-08-01,2017-08-01 10:42:30
10:42:33,10:42:33,12.35,-0.02,558,689130,卖盘,2017-08-01,2017-08-01 10:42:33
10:42:36,10:42:36,12.34,-0.01,434,535556,卖盘,2017-08-01,2017-08-01 10:42:36
10:42:39,10:42:39,12.35,0.01,234,288990,中性盘,2017-08-01,2017-08-01 10:42:39
10:42:42,10:42:42,12.32,-0.03,358,441056,卖盘,2017-08-01,2017-08-01 10:42:42
10:42:45,10:42:45,12.35,0.03,574,708890,买盘,2017-08-01,2017-08-01 10:42:45
10:42:48,10:42:48,12.31,-0.04,275,338525,卖盘,2017-08-01,2017-08-01 10:42:48
10:42:51,10:42:51,12.32,0.01,360,443520,买盘,2017-08-01,2017-08-01 10:42:51
10:42:54,10:42:54,12.32,--,425,523600,买盘,2017-08-01,2017-08-01 10:42:54
10:42:57,10:42:57,12.3,-0.02,1181,1452630,卖盘,2017-08-01,2017-08-01 10:42:57
10:43:00,10:43:00,12.3,--,241,296430,卖盘,2017-08-01,2017-08-01 10:43:00
10:43:03,10:43:03,12.31,0.01,239,294209,买盘,2017-08-01,2017-08-01 10:43:03
10:43:06,10:43:06,12.31,--,262,322522,卖盘,2017-08-01,2017-08-01 10:43:06
10:43:09,10:43:09,12.31,--,225,276975,卖盘,2017-08-01,2017-08-01 10:43:09
10:43:12,10:43:12,12.32,0.01,140,172480,买盘,2017-08-01,2017-08-01 10:43:12
10:43:15,10:43:15,12.32,--,216,266112,卖盘,2017-08-01,2017-08-01 10:43:15
10:43:18,10:43:18,12.31,-0.01,320,393920,卖盘,2017-08-01,2017-08-01 10:43:18
10:43:21,10:43:21,12.32,0.01,223,274736,中性盘,2017-08-01,2017-08-01 10:43:21
10:43:24,10:43:24,12.33,0.01,281,346473,买盘,2017-08-01,2017-08-01 10:43:24
10:43:27,10:43:27,12.33,--,144,177552,买盘,2017-08-01,2017-08-01 10:43:27
10:43:30,10:43:30,12.33,--,522,643626,买盘,2017-08-01,2017-08-01 10:43:30
10:43:33,10:43:33,12.33,--,369,454977,卖盘,2017-08-01,2017-08-01 10:43:33
10:43:36,10:43:36,12.34,0.01,453,559002,中性盘,2017-08-01,2017-08-01 10:43:36
10:43:39,10:43:39,12.35,0.01,522,644670,买盘,2017-08-01,2017-08-01 10:43:39
10:43:42,10:43:42,12.35,--,413,510055,买盘,2017-08-01,2017-08-01 10:43:42
10:43:45,10:43:45,12.35,--,178,219830,买盘,2017-08-01,2017-08-01 10:43:45
10:43:48,10:43:48,12.35,--,197,243295,卖盘,2017-08-01,2017-08-01 10:43:48
10:43:51,10:43:51,12.36,0.01,276,341136,买盘,2017-08-01,2017-08-01 10:43:51
10:43:54,10:43:54,12.36,--,257,317652,买盘,2017-08-01,2017-08-01 10:43:54
10:43:57,10:43:57,12.36,--,109,134724,卖盘,2017-08-01,2017-08-01 10:43:57
10:44:00,10:44:00,12.37,0.01,365,451505,买盘,2017-08-01,2017-08-01 10:44:00
10:44:03,10:44:03,12.37,--,209,258532,买盘,2017-08-01,2017-08-01 10:44:03
10:44:06,10:44:06,12.38,0.01,133,164654,买盘,2017-08-01,2017-08-01 10:44:06
10:44:09,10:44:09,12.38,--,373,461774,买盘,2017-08-01,2017-08-01 10:44:09
10:44:12,10:44:12,12.38,--,231,285978,买盘,2017-08-01,2017-08-01 10:44:12
10:44:15,10:44:15,12.38,--,334,413492,卖盘,2017-08-01,2017-08-01 10:44:15
10:44:18,10:44:18,12.38,--,397,491486,卖盘,2017-08-01,2017-08-01 10:44:18
10:44:21,10:44:21,12.38,--,798,987924,卖盘,2017-08-01,2017-08-01 10:44:21
10:44:24,10:44:24,12.39,0.01,1435,1777965,中性盘,2017-08-01,2017-08-01 10:44:24
10:44:27,10:44:27,12.4,0.01,778,964720,买盘,2017-08-01,2017-08-01 10:44:27
10:44:30,10:44:30,12.41,0.01,122,151402,买盘,2017-08-01,2017-08-01 10:44:30
10:44:33,10:44:33,12.42,0.01,386,479412,买盘,2017-08-01,2017-08-01 10:44:33
10:44:36,10:44:36,12.43,0.01,247,307021,买盘,2017-08-01,2017-08-01 10:44:36
10:44:39,10:44:39,12.44,0.01,329,409276,买盘,2017-08-01,2017-08-01 10:44:39
10:44:42,10:44:42,12.44,--,219,272436,买盘,2017-08-01,2017-08-01 10:44:42
10:44:45,10:44:45,12.46,0.02,641,798686,买盘,2017-08-01,2017-08-01 10:44:45
10:44:48,10:44:48,12.46,--,140,174440,买盘,2017-08-01,2017-08-01 10:44:48
10:44:51,10:44:51,12.46,--,744,927024,买盘,2017-08-01,2017-08-01 10:44:51
10:44:54,10:44:54,12.47,0.01,504,628488,买盘,2017-08-01,2017-08-01 10:44:54
10:44:57,10:44:57,12.47,--,407,507529,买盘,2017-08-01,2017-08-01 10:44:57
10:45:00,10:45:00,12.46,-0.01,896,1116416,卖盘,2017-08-01,2017-08-01 10:45:00
10:45:03,10:45:03,12.47,0.01,899,1121053,买盘,2017-08-01,2017-08-01 10:45:03
10:45:06,10:45:06,12.45,-0.02,956,1190220,卖盘,2017-08-01,2017-08-01 10:45:06
10:45:09,10:45:09,12.47,0.02,855,1066185,买盘,2017-08-01,2017-08-01 10:45:09
10:45:12,10:45:12,12.46,-0.01,712,887152,卖盘,2017-08-01,2017-08-01 10:45:12
10:45:15,10:45:15,12.47,0.01,1048,1306856,买盘,2017-08-01,2017-08-01 10:45:15
10:45:18,10:45:18,12.46,-0.01,672,837312,卖盘,2017-08-01,2017-08-01 10:45:18
10:45:21,10:45:21,12.46,--,735,915810,卖盘,2017-08-01,2017-08-01 10:45:21
10:45:24,10:45:24,12.46,--,784,976864,买盘,2017-08-01,2017-08-01 10:45:24
10:45:27,10:45:27,12.45,-0.01,483,601335,卖盘,2017-08-01,2017-08-01 10:45:27
10:45:30,10:45:30,12.45,--,270,336150,买盘,2017-08-01,2017-08-01 10:45:30
10:45:33,10:45:33,12.44,-0.01,1043,1297492,卖盘,2017-08-01,2017-08-01 10:45:33
10:45:36,10:45:36,12.43,-0.01,526,653818,中性盘,2017-08-01,2017-08-01 10:45:36
10:45:39,10:45:39,12.43,--,410,509630,买盘,2017-08-01,2017-08-01 10:45:39
10:45:42,10:45:42,12.41,-0.02,609,755769,买盘,2017-08-01,2017-08-01 10:45:42
10:45:45,10:45:45,12.41,--,406,503846,卖盘,2017-08-01,2017-08-01 10:45:45
10:45:48,10:45:48,12.41,--,887,1100767,卖盘,2017-08-01,2017-08-01 10:45:48
10:45:51,10:45:51,12.41,--,487,604367,买盘,2017-08-01,2017-08-01 10:45:51
10:45:54,10:45:54,12.4,-0.01,524,649760,卖盘,2017-08-01,2017-08-01 10:45:54
10:45:57,10:45:57,12.36,-0.04,1143,1412748,卖盘,2017-08-01,2017-08-01 10:45:57
10:46:00,10:46:00,12.44,0.08,1608,2000352,买盘,2017-08-01,2017-08-01 10:46:00
10:46:03,10:46:03,12.39,-0.05,152,188328,买盘,2017-08-01,2017-08-01 10:46:03
10:46:06,10:46:06,12.39,--,95,117705,买盘,2017-08-01,2017-08-01 10:46:06
10:46:09,10:46:09,12.43,0.04,380,472340,买盘,2017-08-01,2017-08-01 10:46:09
10:46:12,10:46:12,12.4,-0.03,217,269080,卖盘,2017-08-01,2017-08-01 10:46:12
10:46:15,10:46:15,12.42,0.02,207,257094,买盘,2017-08-01,2017-08-01 10:46:15
10:46:18,10:46:18,12.4,-0.02,340,421600,卖盘,2017-08-01,2017-08-01 10:46:18
10:46:21,10:46:21,12.42,0.02,151,187542,买盘,2017-08-01,2017-08-01 10:46:21
10:46:24,10:46:24,12.42,--,320,397440,买盘,2017-08-01,2017-08-01 10:46:24
10:46:27,10:46:27,12.42,--,344,427248,买盘,2017-08-01,2017-08-01 10:46:27
10:46:30,10:46:30,12.41,-0.01,201,249441,中性盘,2017-08-01,2017-08-01 10:46:30
10:46:33,10:46:33,12.41,--,353,438073,买盘,2017-08-01,2017-08-01 10:46:33
10:46:36,10:46:36,12.41,--,585,725985,买盘,2017-08-01,2017-08-01 10:46:36
10:46:39,10:46:39,12.42,0.01,309,383778,买盘,2017-08-01,2017-08-01 10:46:39
10:46:42,10:46:42,12.41,-0.01,817,1013897,卖盘,2017-08-01,2017-08-01 10:46:42
10:46:45,10:46:45,12.42,0.01,287,356454,买盘,2017-08-01,2017-08-01 10:46:45
10:46:48,10:46:48,12.41,-0.01,278,344998,买盘,2017-08-01,2017-08-01 10:46:48
10:46:51,10:46:51,12.41,--,152,188632,买盘,2017-08-01,2017-08-01 10:46:51
10:46:54,10:46:54,12.4,-0.01,538,667120,卖盘,2017-08-01,2017-08-01 10:46:54
10:46:57,10:46:57,12.41,0.01,266,330106,买盘,2017-08-01,2017-08-01 10:46:57
10:47:00,10:47:00,12.41,--,190,235790,卖盘,2017-08-01,2017-08-01 10:47:00
10:47:03,10:47:03,12.4,-0.01,607,752680,卖盘,2017-08-01,2017-08-01 10:47:03
10:47:06,10:47:06,12.4,--,206,255440,买盘,2017-08-01,2017-08-01 10:47:06
10:47:09,10:47:09,12.38,-0.02,696,861648,卖盘,2017-08-01,2017-08-01 10:47:09
10:47:12,10:47:12,12.41,0.03,456,565896,买盘,2017-08-01,2017-08-01 10:47:12
10:47:15,10:47:15,12.4,-0.01,320,396800,卖盘,2017-08-01,2017-08-01 10:47:15
10:47:18,10:47:18,12.4,--,136,168640,买盘,2017-08-01,2017-08-01 10:47:18
10:47:21,10:47:21,12.37,-0.03,112,138544,卖盘,2017-08-01,2017-08-01 10:47:21
10:47:24,10:47:24,12.37,--,290,358730,卖盘,2017-08-01,2017-08-01 10:47:24
10:47:27,10:47:27,12.37,--,159,196683,买盘,2017-08-01,2017-08-01 10:47:27
10:47:30,10:47:30,12.38,0.01,177,219126,买盘,2017-08-01,2017-08-01 10:47:30
10:47:33,10:47:33,12.37,-0.01,404,499747,卖盘,2017-08-01,2017-08-01 10:47:33
10:47:36,10:47:36,12.36,-0.01,627,774972,卖盘,2017-08-01,2017-08-01 10:47:36
10:47:39,10:47:39,12.37,0.01,173,214001,买盘,2017-08-01,2017-08-01 10:47:39
10:47:42,10:47:42,12.37,--,561,693957,买盘,2017-08-01,2017-08-01 10:47:42
10:47:45,10:47:45,12.37,--,269,332753,买盘,2017-08-01,2017-08-01 10:47:45
10:47:48,10:47:48,12.36,-0.01,144,177984,卖盘,2017-08-01,2017-08-01 10:47:48
10:47:51,10:47:51,12.38,0.02,154,190652,买盘,2017-08-01,2017-08-01 10:47:51
10:47:54,10:47:54,12.36,-0.02,1041,1286676,卖盘,2017-08-01,2017-08-01 10:47:54
10:47:57,10:47:57,12.37,0.01,415,513354,中性盘,2017-08-01,2017-08-01 10:47:57
10:48:00,10:48:00,12.37,--,89,110093,卖盘,2017-08-01,2017-08-01 10:48:00
10:48:03,10:48:03,12.37,--,280,346360,卖盘,2017-08-01,2017-08-01 10:48:03
10:48:06,10:48:06,12.37,--,143,176891,卖盘,2017-08-01,2017-08-01 10:48:06
