idx_time,time,price,change,volume,amount,type,date,date_time
09:25:03,09:25:03,35.0,35,1260,4410000,买盘,2017-07-17,2017-07-17 09:25:03
09:30:00,09:30:00,34.8,-0.2,57,198359,卖盘,2017-07-17,2017-07-17 09:30:00
09:30:03,09:30:03,35.1,0.3,2255,7915050,买盘,2017-07-17,2017-07-17 09:30:03
09:30:06,09:30:06,35.24,0.14,395,1391980,买盘,2017-07-17,2017-07-17 09:30:06
09:30:09,09:30:09,35.2,-0.04,142,499840,中性盘,2017-07-17,2017-07-17 09:30:09
09:30:12,09:30:12,35.24,0.04,116,408784,买盘,2017-07-17,2017-07-17 09:30:12
09:30:15,09:30:15,35.24,--,129,454596,买盘,2017-07-17,2017-07-17 09:30:15
09:30:18,09:30:18,35.24,--,222,782328,买盘,2017-07-17,2017-07-17 09:30:18
09:30:21,09:30:21,35.26,0.02,57,200982,买盘,2017-07-17,2017-07-17 09:30:21
09:30:24,09:30:24,35.27,0.01,143,504361,中性盘,2017-07-17,2017-07-17 09:30:24
09:30:27,09:30:27,35.3,0.03,113,398889,中性盘,2017-07-17,2017-07-17 09:30:27
09:30:30,09:30:30,35.47,0.17,144,510768,买盘,2017-07-17,2017-07-17 09:30:30
09:30:33,09:30:33,35.44,-0.03,169,598936,中性盘,2017-07-17,2017-07-17 09:30:33
09:30:36,09:30:36,35.44,--,176,623744,买盘,2017-07-17,2017-07-17 09:30:36
09:30:39,09:30:39,35.35,-0.09,318,1124130,卖盘,2017-07-17,2017-07-17 09:30:39
09:30:42,09:30:42,35.35,--,198,699930,买盘,2017-07-17,2017-07-17 09:30:42
09:30:45,09:30:45,35.2,-0.15,339,1193280,卖盘,2017-07-17,2017-07-17 09:30:45
09:30:48,09:30:48,35.2,--,187,658240,买盘,2017-07-17,2017-07-17 09:30:48
09:30:51,09:30:51,35.18,-0.02,113,397534,中性盘,2017-07-17,2017-07-17 09:30:51
09:30:54,09:30:54,35.15,-0.03,110,386650,卖盘,2017-07-17,2017-07-17 09:30:54
09:30:57,09:30:57,35.0,-0.15,735,2572500,卖盘,2017-07-17,2017-07-17 09:30:57
09:31:00,09:31:00,35.0,--,854,2989000,卖盘,2017-07-17,2017-07-17 09:31:00
09:31:03,09:31:03,34.99,-0.01,199,696301,中性盘,2017-07-17,2017-07-17 09:31:03
09:31:06,09:31:06,34.99,--,84,293916,买盘,2017-07-17,2017-07-17 09:31:06
09:31:09,09:31:09,34.9,-0.09,37,129130,卖盘,2017-07-17,2017-07-17 09:31:09
09:31:12,09:31:12,34.9,--,278,970220,卖盘,2017-07-17,2017-07-17 09:31:12
09:31:15,09:31:15,34.9,--,120,418800,卖盘,2017-07-17,2017-07-17 09:31:15
09:31:18,09:31:18,34.9,--,64,223360,中性盘,2017-07-17,2017-07-17 09:31:18
09:31:21,09:31:21,34.86,-0.04,247,861042,卖盘,2017-07-17,2017-07-17 09:31:21
09:31:24,09:31:24,34.89,0.03,88,307032,买盘,2017-07-17,2017-07-17 09:31:24
09:31:27,09:31:27,34.81,-0.08,90,313290,卖盘,2017-07-17,2017-07-17 09:31:27
09:31:30,09:31:30,34.89,0.08,103,359367,买盘,2017-07-17,2017-07-17 09:31:30
09:31:33,09:31:33,34.81,-0.08,137,476897,卖盘,2017-07-17,2017-07-17 09:31:33
09:31:36,09:31:36,34.94,0.13,42,146748,买盘,2017-07-17,2017-07-17 09:31:36
09:31:39,09:31:39,34.91,-0.03,152,530632,中性盘,2017-07-17,2017-07-17 09:31:39
09:31:42,09:31:42,34.94,0.03,56,195664,买盘,2017-07-17,2017-07-17 09:31:42
09:31:45,09:31:45,34.98,0.04,23,80454,买盘,2017-07-17,2017-07-17 09:31:45
09:31:48,09:31:48,34.99,0.01,58,202942,买盘,2017-07-17,2017-07-17 09:31:48
09:31:51,09:31:51,35.0,0.01,57,199500,买盘,2017-07-17,2017-07-17 09:31:51
09:31:54,09:31:54,35.0,--,60,210000,买盘,2017-07-17,2017-07-17 09:31:54
09:31:57,09:31:57,35.0,--,80,280000,买盘,2017-07-17,2017-07-17 09:31:57
09:32:00,09:32:00,35.08,0.08,11,38588,买盘,2017-07-17,2017-07-17 09:32:00
09:32:03,09:32:03,35.0,-0.08,62,217000,卖盘,2017-07-17,2017-07-17 09:32:03
09:32:06,09:32:06,35.08,0.08,77,270116,买盘,2017-07-17,2017-07-17 09:32:06
09:32:09,09:32:09,35.18,0.1,197,693046,买盘,2017-07-17,2017-07-17 09:32:09
09:32:12,09:32:12,35.11,-0.07,39,136929,卖盘,2017-07-17,2017-07-17 09:32:12
09:32:15,09:32:15,35.16,0.05,64,225023,中性盘,2017-07-17,2017-07-17 09:32:15
09:32:18,09:32:18,35.18,0.02,92,323656,买盘,2017-07-17,2017-07-17 09:32:18
09:32:21,09:32:21,35.19,0.01,66,232253,买盘,2017-07-17,2017-07-17 09:32:21
09:32:24,09:32:24,35.2,0.01,60,211200,买盘,2017-07-17,2017-07-17 09:32:24
09:32:27,09:32:27,35.19,-0.01,90,316710,卖盘,2017-07-17,2017-07-17 09:32:27
09:32:30,09:32:30,35.24,0.05,15,52860,买盘,2017-07-17,2017-07-17 09:32:30
09:32:33,09:32:33,35.3,0.06,90,317700,买盘,2017-07-17,2017-07-17 09:32:33
09:32:36,09:32:36,35.3,--,105,370649,买盘,2017-07-17,2017-07-17 09:32:36
09:32:39,09:32:39,35.3,--,119,420069,买盘,2017-07-17,2017-07-17 09:32:39
09:32:42,09:32:42,35.33,0.03,81,286173,中性盘,2017-07-17,2017-07-17 09:32:42
09:32:45,09:32:45,35.35,0.02,310,1095850,买盘,2017-07-17,2017-07-17 09:32:45
09:32:48,09:32:48,35.4,0.05,63,223020,买盘,2017-07-17,2017-07-17 09:32:48
09:32:51,09:32:51,35.4,--,90,318600,买盘,2017-07-17,2017-07-17 09:32:51
09:32:54,09:32:54,35.47,0.07,89,315683,买盘,2017-07-17,2017-07-17 09:32:54
09:32:57,09:32:57,35.45,-0.02,24,85080,卖盘,2017-07-17,2017-07-17 09:32:57
09:33:00,09:33:00,35.54,0.09,128,454912,买盘,2017-07-17,2017-07-17 09:33:00
09:33:03,09:33:03,35.5,-0.04,141,500550,卖盘,2017-07-17,2017-07-17 09:33:03
09:33:06,09:33:06,35.54,0.04,79,280766,买盘,2017-07-17,2017-07-17 09:33:06
09:33:09,09:33:09,35.7,0.16,75,267750,买盘,2017-07-17,2017-07-17 09:33:09
09:33:12,09:33:12,35.64,-0.06,305,1087020,中性盘,2017-07-17,2017-07-17 09:33:12
09:33:15,09:33:15,35.64,--,168,598752,买盘,2017-07-17,2017-07-17 09:33:15
09:33:18,09:33:18,35.64,--,173,616572,买盘,2017-07-17,2017-07-17 09:33:18
09:33:21,09:33:21,35.64,--,330,1176120,卖盘,2017-07-17,2017-07-17 09:33:21
09:33:24,09:33:24,35.64,--,159,566676,买盘,2017-07-17,2017-07-17 09:33:24
09:33:27,09:33:27,35.54,-0.1,479,1702366,卖盘,2017-07-17,2017-07-17 09:33:27
09:33:30,09:33:30,35.54,--,159,565086,买盘,2017-07-17,2017-07-17 09:33:30
09:33:33,09:33:33,35.52,-0.02,327,1161504,卖盘,2017-07-17,2017-07-17 09:33:33
09:33:36,09:33:36,35.5,-0.02,203,720650,中性盘,2017-07-17,2017-07-17 09:33:36
09:33:39,09:33:39,35.5,--,342,1214100,买盘,2017-07-17,2017-07-17 09:33:39
09:33:42,09:33:42,35.5,--,221,784550,买盘,2017-07-17,2017-07-17 09:33:42
09:33:45,09:33:45,35.5,--,239,848450,买盘,2017-07-17,2017-07-17 09:33:45
09:33:48,09:33:48,35.5,--,110,390500,买盘,2017-07-17,2017-07-17 09:33:48
09:33:51,09:33:51,35.4,-0.1,271,959340,卖盘,2017-07-17,2017-07-17 09:33:51
09:33:54,09:33:54,35.45,0.05,292,1035140,买盘,2017-07-17,2017-07-17 09:33:54
09:33:57,09:33:57,35.39,-0.06,86,304354,卖盘,2017-07-17,2017-07-17 09:33:57
09:34:00,09:34:00,35.45,0.06,102,361590,买盘,2017-07-17,2017-07-17 09:34:00
09:34:03,09:34:03,35.44,-0.01,120,425280,卖盘,2017-07-17,2017-07-17 09:34:03
09:34:06,09:34:06,35.48,0.04,47,166755,买盘,2017-07-17,2017-07-17 09:34:06
09:34:09,09:34:09,35.45,-0.03,123,436035,卖盘,2017-07-17,2017-07-17 09:34:09
09:34:12,09:34:12,35.5,0.05,216,766800,买盘,2017-07-17,2017-07-17 09:34:12
09:34:15,09:34:15,35.5,--,93,330150,买盘,2017-07-17,2017-07-17 09:34:15
09:34:18,09:34:18,35.5,--,159,564450,买盘,2017-07-17,2017-07-17 09:34:18
09:34:21,09:34:21,35.52,0.02,116,412032,买盘,2017-07-17,2017-07-17 09:34:21
09:34:24,09:34:24,35.5,-0.02,101,358550,卖盘,2017-07-17,2017-07-17 09:34:24
09:34:27,09:34:27,35.56,0.06,25,88900,买盘,2017-07-17,2017-07-17 09:34:27
09:34:30,09:34:30,35.6,0.04,66,234960,买盘,2017-07-17,2017-07-17 09:34:30
09:34:33,09:34:33,35.56,-0.04,53,188468,卖盘,2017-07-17,2017-07-17 09:34:33
09:34:36,09:34:36,35.6,0.04,72,256320,买盘,2017-07-17,2017-07-17 09:34:36
09:34:39,09:34:39,35.69,0.09,159,567471,买盘,2017-07-17,2017-07-17 09:34:39
09:34:42,09:34:42,35.64,-0.05,46,163944,中性盘,2017-07-17,2017-07-17 09:34:42
09:34:45,09:34:45,35.69,0.05,29,103501,买盘,2017-07-17,2017-07-17 09:34:45
09:34:48,09:34:48,35.7,0.01,30,107100,买盘,2017-07-17,2017-07-17 09:34:48
09:34:51,09:34:51,35.7,--,81,289170,买盘,2017-07-17,2017-07-17 09:34:51
09:34:54,09:34:54,35.69,-0.01,126,449694,卖盘,2017-07-17,2017-07-17 09:34:54
09:34:57,09:34:57,35.79,0.1,107,382953,买盘,2017-07-17,2017-07-17 09:34:57
09:35:00,09:35:00,35.78,-0.01,43,153854,中性盘,2017-07-17,2017-07-17 09:35:00
09:35:03,09:35:03,35.8,0.02,221,791179,买盘,2017-07-17,2017-07-17 09:35:03
09:35:06,09:35:06,35.79,-0.01,135,483165,卖盘,2017-07-17,2017-07-17 09:35:06
09:35:09,09:35:09,35.8,0.01,91,325780,买盘,2017-07-17,2017-07-17 09:35:09
09:35:12,09:35:12,35.93,0.13,50,179650,买盘,2017-07-17,2017-07-17 09:35:12
09:35:15,09:35:15,35.86,-0.07,41,147026,卖盘,2017-07-17,2017-07-17 09:35:15
09:35:18,09:35:18,35.93,0.07,218,783274,买盘,2017-07-17,2017-07-17 09:35:18
09:35:21,09:35:21,35.93,--,119,427567,买盘,2017-07-17,2017-07-17 09:35:21
09:35:24,09:35:24,35.89,-0.04,128,459392,卖盘,2017-07-17,2017-07-17 09:35:24
09:35:27,09:35:27,35.9,0.01,227,814930,中性盘,2017-07-17,2017-07-17 09:35:27
09:35:30,09:35:30,35.8,-0.1,559,2001219,卖盘,2017-07-17,2017-07-17 09:35:30
09:35:33,09:35:33,35.79,-0.01,266,952014,卖盘,2017-07-17,2017-07-17 09:35:33
09:35:36,09:35:36,35.86,0.07,192,688512,买盘,2017-07-17,2017-07-17 09:35:36
09:35:39,09:35:39,35.69,-0.17,342,1220598,卖盘,2017-07-17,2017-07-17 09:35:39
09:35:42,09:35:42,35.72,0.03,147,525084,买盘,2017-07-17,2017-07-17 09:35:42
09:35:45,09:35:45,35.77,0.05,124,443548,买盘,2017-07-17,2017-07-17 09:35:45
09:35:48,09:35:48,35.8,0.03,136,486879,买盘,2017-07-17,2017-07-17 09:35:48
09:35:51,09:35:51,35.77,-0.03,143,511511,卖盘,2017-07-17,2017-07-17 09:35:51
09:35:54,09:35:54,35.8,0.03,200,716000,买盘,2017-07-17,2017-07-17 09:35:54
09:35:57,09:35:57,35.71,-0.09,260,928460,卖盘,2017-07-17,2017-07-17 09:35:57
09:36:00,09:36:00,35.78,0.07,163,583214,买盘,2017-07-17,2017-07-17 09:36:00
09:36:03,09:36:03,35.78,--,75,268350,买盘,2017-07-17,2017-07-17 09:36:03
09:36:06,09:36:06,35.78,--,243,869454,买盘,2017-07-17,2017-07-17 09:36:06
09:36:09,09:36:09,35.72,-0.06,291,1039452,卖盘,2017-07-17,2017-07-17 09:36:09
09:36:12,09:36:12,35.78,0.06,124,443672,买盘,2017-07-17,2017-07-17 09:36:12
09:36:15,09:36:15,35.77,-0.01,64,228928,卖盘,2017-07-17,2017-07-17 09:36:15
09:36:18,09:36:18,35.76,-0.01,51,182376,中性盘,2017-07-17,2017-07-17 09:36:18
09:36:21,09:36:21,35.77,0.01,49,175273,买盘,2017-07-17,2017-07-17 09:36:21
09:36:24,09:36:24,35.78,0.01,37,132386,买盘,2017-07-17,2017-07-17 09:36:24
09:36:27,09:36:27,35.77,-0.01,76,271852,卖盘,2017-07-17,2017-07-17 09:36:27
09:36:30,09:36:30,35.78,0.01,103,368534,买盘,2017-07-17,2017-07-17 09:36:30
09:36:33,09:36:33,35.77,-0.01,110,393470,卖盘,2017-07-17,2017-07-17 09:36:33
09:36:36,09:36:36,35.77,--,84,300468,买盘,2017-07-17,2017-07-17 09:36:36
09:36:39,09:36:39,35.77,--,216,772632,买盘,2017-07-17,2017-07-17 09:36:39
09:36:42,09:36:42,35.72,-0.05,95,339340,卖盘,2017-07-17,2017-07-17 09:36:42
09:36:45,09:36:45,35.7,-0.02,139,496230,卖盘,2017-07-17,2017-07-17 09:36:45
09:36:48,09:36:48,35.75,0.05,36,128700,买盘,2017-07-17,2017-07-17 09:36:48
09:36:51,09:36:51,35.7,-0.05,70,249900,卖盘,2017-07-17,2017-07-17 09:36:51
09:36:54,09:36:54,35.66,-0.04,103,367297,卖盘,2017-07-17,2017-07-17 09:36:54
09:36:57,09:36:57,35.7,0.04,100,357000,买盘,2017-07-17,2017-07-17 09:36:57
09:37:00,09:37:00,35.64,-0.06,36,128304,卖盘,2017-07-17,2017-07-17 09:37:00
09:37:03,09:37:03,35.7,0.06,122,435540,买盘,2017-07-17,2017-07-17 09:37:03
09:37:06,09:37:06,35.65,-0.05,46,163990,卖盘,2017-07-17,2017-07-17 09:37:06
09:37:09,09:37:09,35.7,0.05,27,96390,中性盘,2017-07-17,2017-07-17 09:37:09
09:37:12,09:37:12,35.65,-0.05,77,274505,中性盘,2017-07-17,2017-07-17 09:37:12
09:37:15,09:37:15,35.71,0.06,59,210689,买盘,2017-07-17,2017-07-17 09:37:15
09:37:18,09:37:18,35.66,-0.05,75,267450,卖盘,2017-07-17,2017-07-17 09:37:18
09:37:21,09:37:21,35.7,0.04,12,42840,买盘,2017-07-17,2017-07-17 09:37:21
09:37:24,09:37:24,35.7,--,60,214200,买盘,2017-07-17,2017-07-17 09:37:24
09:37:27,09:37:27,35.71,0.01,143,510653,买盘,2017-07-17,2017-07-17 09:37:27
09:37:30,09:37:30,35.7,-0.01,28,99960,卖盘,2017-07-17,2017-07-17 09:37:30
09:37:33,09:37:33,35.73,0.03,97,346580,买盘,2017-07-17,2017-07-17 09:37:33
09:37:36,09:37:36,35.73,--,175,625275,买盘,2017-07-17,2017-07-17 09:37:36
09:37:39,09:37:39,35.73,--,68,242963,买盘,2017-07-17,2017-07-17 09:37:39
09:37:42,09:37:42,35.73,--,13,46448,卖盘,2017-07-17,2017-07-17 09:37:42
09:37:45,09:37:45,35.74,0.01,172,614728,卖盘,2017-07-17,2017-07-17 09:37:45
09:37:48,09:37:48,35.76,0.02,17,60792,买盘,2017-07-17,2017-07-17 09:37:48
09:37:51,09:37:51,35.77,0.01,60,214620,买盘,2017-07-17,2017-07-17 09:37:51
09:37:54,09:37:54,35.77,--,10,35770,买盘,2017-07-17,2017-07-17 09:37:54
09:37:57,09:37:57,35.77,--,118,422086,买盘,2017-07-17,2017-07-17 09:37:57
09:38:00,09:38:00,35.77,--,20,71540,卖盘,2017-07-17,2017-07-17 09:38:00
09:38:03,09:38:03,35.77,--,114,407778,卖盘,2017-07-17,2017-07-17 09:38:03
09:38:06,09:38:06,35.78,0.01,280,1001840,买盘,2017-07-17,2017-07-17 09:38:06
09:38:09,09:38:09,35.77,-0.01,554,1981658,卖盘,2017-07-17,2017-07-17 09:38:09
09:38:12,09:38:12,35.79,0.02,122,436638,买盘,2017-07-17,2017-07-17 09:38:12
09:38:15,09:38:15,35.78,-0.01,41,146698,卖盘,2017-07-17,2017-07-17 09:38:15
09:38:18,09:38:18,35.8,0.02,131,468979,买盘,2017-07-17,2017-07-17 09:38:18
09:38:21,09:38:21,35.8,--,100,358000,买盘,2017-07-17,2017-07-17 09:38:21
09:38:24,09:38:24,35.84,0.04,93,335032,买盘,2017-07-17,2017-07-17 09:38:24
09:38:27,09:38:27,35.85,0.01,77,276045,买盘,2017-07-17,2017-07-17 09:38:27
09:38:30,09:38:30,35.84,-0.01,16,57344,中性盘,2017-07-17,2017-07-17 09:38:30
09:38:33,09:38:33,35.9,0.06,133,477470,买盘,2017-07-17,2017-07-17 09:38:33
09:38:36,09:38:36,35.86,-0.04,6,21516,卖盘,2017-07-17,2017-07-17 09:38:36
09:38:39,09:38:39,35.93,0.07,44,158092,买盘,2017-07-17,2017-07-17 09:38:39
09:38:42,09:38:42,35.93,--,12,43116,买盘,2017-07-17,2017-07-17 09:38:42
09:38:45,09:38:45,35.99,0.06,159,572241,买盘,2017-07-17,2017-07-17 09:38:45
09:38:48,09:38:48,35.99,--,12,43188,卖盘,2017-07-17,2017-07-17 09:38:48
09:38:51,09:38:51,36.0,0.01,77,277200,买盘,2017-07-17,2017-07-17 09:38:51
09:38:54,09:38:54,36.07,0.07,125,450875,买盘,2017-07-17,2017-07-17 09:38:54
09:38:57,09:38:57,36.12,0.05,31,111971,买盘,2017-07-17,2017-07-17 09:38:57
09:39:00,09:39:00,36.12,--,44,158928,买盘,2017-07-17,2017-07-17 09:39:00
09:39:03,09:39:03,36.08,-0.04,216,779328,卖盘,2017-07-17,2017-07-17 09:39:03
09:39:06,09:39:06,36.2,0.12,86,311320,买盘,2017-07-17,2017-07-17 09:39:06
09:39:09,09:39:09,36.22,0.02,59,213698,买盘,2017-07-17,2017-07-17 09:39:09
09:39:12,09:39:12,36.22,--,67,242674,买盘,2017-07-17,2017-07-17 09:39:12
09:39:15,09:39:15,36.24,0.02,141,510984,买盘,2017-07-17,2017-07-17 09:39:15
09:39:18,09:39:18,36.24,--,191,692184,买盘,2017-07-17,2017-07-17 09:39:18
09:39:21,09:39:21,36.26,0.02,502,1820252,买盘,2017-07-17,2017-07-17 09:39:21
09:39:24,09:39:24,36.26,--,116,420616,买盘,2017-07-17,2017-07-17 09:39:24
09:39:27,09:39:27,36.3,0.04,13,47189,买盘,2017-07-17,2017-07-17 09:39:27
09:39:30,09:39:30,36.3,--,28,101639,买盘,2017-07-17,2017-07-17 09:39:30
09:39:33,09:39:33,36.44,0.14,151,550244,买盘,2017-07-17,2017-07-17 09:39:33
09:39:36,09:39:36,36.44,--,29,105676,买盘,2017-07-17,2017-07-17 09:39:36
09:39:39,09:39:39,36.49,0.05,40,145960,买盘,2017-07-17,2017-07-17 09:39:39
09:39:42,09:39:42,36.56,0.07,72,263232,买盘,2017-07-17,2017-07-17 09:39:42
09:39:45,09:39:45,36.55,-0.01,28,102339,卖盘,2017-07-17,2017-07-17 09:39:45
09:39:48,09:39:48,36.8,0.25,161,592480,买盘,2017-07-17,2017-07-17 09:39:48
09:39:51,09:39:51,36.84,0.04,18,66312,买盘,2017-07-17,2017-07-17 09:39:51
09:39:54,09:39:54,36.84,--,25,92100,中性盘,2017-07-17,2017-07-17 09:39:54
09:39:57,09:39:57,36.88,0.04,51,188088,买盘,2017-07-17,2017-07-17 09:39:57
09:40:00,09:40:00,36.9,0.02,215,793350,买盘,2017-07-17,2017-07-17 09:40:00
09:40:03,09:40:03,36.9,--,113,416970,卖盘,2017-07-17,2017-07-17 09:40:03
09:40:06,09:40:06,36.99,0.09,138,510462,买盘,2017-07-17,2017-07-17 09:40:06
09:40:09,09:40:09,36.98,-0.01,76,281048,卖盘,2017-07-17,2017-07-17 09:40:09
09:40:12,09:40:12,37.18,0.2,408,1516944,买盘,2017-07-17,2017-07-17 09:40:12
09:40:15,09:40:15,37.33,0.15,114,425562,买盘,2017-07-17,2017-07-17 09:40:15
09:40:18,09:40:18,37.2,-0.13,18,66960,卖盘,2017-07-17,2017-07-17 09:40:18
09:40:21,09:40:21,37.33,0.13,43,160519,中性盘,2017-07-17,2017-07-17 09:40:21
09:40:24,09:40:24,37.37,0.04,100,373700,买盘,2017-07-17,2017-07-17 09:40:24
09:40:27,09:40:27,37.36,-0.01,210,784560,卖盘,2017-07-17,2017-07-17 09:40:27
09:40:30,09:40:30,37.36,--,229,855544,买盘,2017-07-17,2017-07-17 09:40:30
09:40:33,09:40:33,37.0,-0.36,431,1594700,卖盘,2017-07-17,2017-07-17 09:40:33
09:40:36,09:40:36,37.36,0.36,555,2073480,买盘,2017-07-17,2017-07-17 09:40:36
09:40:39,09:40:39,37.21,-0.15,128,476288,中性盘,2017-07-17,2017-07-17 09:40:39
09:40:42,09:40:42,37.21,--,62,230702,买盘,2017-07-17,2017-07-17 09:40:42
09:40:45,09:40:45,37.01,-0.2,211,780911,中性盘,2017-07-17,2017-07-17 09:40:45
09:40:48,09:40:48,37.0,-0.01,91,336700,卖盘,2017-07-17,2017-07-17 09:40:48
09:40:51,09:40:51,37.21,0.21,82,305122,买盘,2017-07-17,2017-07-17 09:40:51
09:40:54,09:40:54,37.05,-0.16,65,240824,卖盘,2017-07-17,2017-07-17 09:40:54
09:40:57,09:40:57,37.1,0.05,34,126140,中性盘,2017-07-17,2017-07-17 09:40:57
09:41:00,09:41:00,36.99,-0.11,156,577044,卖盘,2017-07-17,2017-07-17 09:41:00
09:41:03,09:41:03,37.05,0.06,30,111149,买盘,2017-07-17,2017-07-17 09:41:03
09:41:06,09:41:06,37.1,0.05,194,719740,买盘,2017-07-17,2017-07-17 09:41:06
09:41:09,09:41:09,37.01,-0.09,16,59216,中性盘,2017-07-17,2017-07-17 09:41:09
09:41:12,09:41:12,37.1,0.09,111,411810,买盘,2017-07-17,2017-07-17 09:41:12
09:41:15,09:41:15,37.01,-0.09,335,1239835,卖盘,2017-07-17,2017-07-17 09:41:15
09:41:18,09:41:18,37.09,0.08,69,255921,买盘,2017-07-17,2017-07-17 09:41:18
09:41:21,09:41:21,37.0,-0.09,75,277500,卖盘,2017-07-17,2017-07-17 09:41:21
09:41:24,09:41:24,37.0,--,52,192400,买盘,2017-07-17,2017-07-17 09:41:24
09:41:27,09:41:27,37.0,--,113,418100,买盘,2017-07-17,2017-07-17 09:41:27
09:41:30,09:41:30,37.0,--,56,207200,中性盘,2017-07-17,2017-07-17 09:41:30
09:41:33,09:41:33,36.98,-0.02,81,299538,卖盘,2017-07-17,2017-07-17 09:41:33
09:41:36,09:41:36,37.05,0.07,115,426074,买盘,2017-07-17,2017-07-17 09:41:36
09:41:39,09:41:39,37.01,-0.04,90,333090,卖盘,2017-07-17,2017-07-17 09:41:39
09:41:42,09:41:42,37.0,-0.01,50,185000,买盘,2017-07-17,2017-07-17 09:41:42
09:41:45,09:41:45,37.0,--,118,436600,买盘,2017-07-17,2017-07-17 09:41:45
09:41:48,09:41:48,36.98,-0.02,49,181201,卖盘,2017-07-17,2017-07-17 09:41:48
09:41:51,09:41:51,36.98,--,6,22187,买盘,2017-07-17,2017-07-17 09:41:51
09:41:54,09:41:54,36.92,-0.06,31,114452,卖盘,2017-07-17,2017-07-17 09:41:54
09:41:57,09:41:57,36.92,--,24,88608,买盘,2017-07-17,2017-07-17 09:41:57
09:42:00,09:42:00,36.89,-0.03,26,95914,买盘,2017-07-17,2017-07-17 09:42:00
09:42:03,09:42:03,36.88,-0.01,54,199152,卖盘,2017-07-17,2017-07-17 09:42:03
09:42:06,09:42:06,36.88,--,123,453624,卖盘,2017-07-17,2017-07-17 09:42:06
09:42:09,09:42:09,36.88,--,151,556888,卖盘,2017-07-17,2017-07-17 09:42:09
09:42:12,09:42:12,36.88,--,66,243408,买盘,2017-07-17,2017-07-17 09:42:12
09:42:15,09:42:15,36.87,-0.01,57,210158,中性盘,2017-07-17,2017-07-17 09:42:15
09:42:18,09:42:18,36.86,-0.01,39,143754,买盘,2017-07-17,2017-07-17 09:42:18
09:42:21,09:42:21,36.8,-0.06,38,139840,卖盘,2017-07-17,2017-07-17 09:42:21
09:42:24,09:42:24,36.79,-0.01,2,7358,卖盘,2017-07-17,2017-07-17 09:42:24
09:42:27,09:42:27,36.79,--,58,213382,中性盘,2017-07-17,2017-07-17 09:42:27
09:42:30,09:42:30,36.8,0.01,62,228159,买盘,2017-07-17,2017-07-17 09:42:30
09:42:33,09:42:33,36.7,-0.1,40,146800,中性盘,2017-07-17,2017-07-17 09:42:33
09:42:36,09:42:36,36.57,-0.13,20,73140,卖盘,2017-07-17,2017-07-17 09:42:36
09:42:39,09:42:39,36.6,0.03,30,109800,买盘,2017-07-17,2017-07-17 09:42:39
09:42:42,09:42:42,36.57,-0.03,59,215763,中性盘,2017-07-17,2017-07-17 09:42:42
09:42:45,09:42:45,36.54,-0.03,31,113274,中性盘,2017-07-17,2017-07-17 09:42:45
09:42:48,09:42:48,36.35,-0.19,22,79970,卖盘,2017-07-17,2017-07-17 09:42:48
09:42:51,09:42:51,36.35,--,22,79970,买盘,2017-07-17,2017-07-17 09:42:51
09:42:54,09:42:54,36.35,--,23,83605,买盘,2017-07-17,2017-07-17 09:42:54
09:42:57,09:42:57,36.26,-0.09,61,221186,卖盘,2017-07-17,2017-07-17 09:42:57
09:43:00,09:43:00,36.27,0.01,33,119691,中性盘,2017-07-17,2017-07-17 09:43:00
09:43:03,09:43:03,36.25,-0.02,78,282750,卖盘,2017-07-17,2017-07-17 09:43:03
09:43:06,09:43:06,36.24,-0.01,33,119592,卖盘,2017-07-17,2017-07-17 09:43:06
09:43:09,09:43:09,36.26,0.02,52,188552,买盘,2017-07-17,2017-07-17 09:43:09
09:43:12,09:43:12,36.1,-0.16,64,231040,卖盘,2017-07-17,2017-07-17 09:43:12
09:43:15,09:43:15,36.1,--,82,296020,买盘,2017-07-17,2017-07-17 09:43:15
09:43:18,09:43:18,36.1,--,44,158840,买盘,2017-07-17,2017-07-17 09:43:18
09:43:21,09:43:21,36.1,--,53,191330,买盘,2017-07-17,2017-07-17 09:43:21
09:43:24,09:43:24,36.0,-0.1,73,262800,卖盘,2017-07-17,2017-07-17 09:43:24
09:43:27,09:43:27,36.0,--,57,205200,买盘,2017-07-17,2017-07-17 09:43:27
09:43:30,09:43:30,35.99,-0.01,28,100772,卖盘,2017-07-17,2017-07-17 09:43:30
09:43:33,09:43:33,35.99,--,9,32391,买盘,2017-07-17,2017-07-17 09:43:33
09:43:36,09:43:36,35.95,-0.04,30,107850,卖盘,2017-07-17,2017-07-17 09:43:36
09:43:39,09:43:39,35.98,0.03,56,201487,买盘,2017-07-17,2017-07-17 09:43:39
09:43:42,09:43:42,35.9,-0.08,21,75390,卖盘,2017-07-17,2017-07-17 09:43:42
09:43:45,09:43:45,35.94,0.04,58,208452,买盘,2017-07-17,2017-07-17 09:43:45
09:43:48,09:43:48,35.9,-0.04,118,423620,卖盘,2017-07-17,2017-07-17 09:43:48
09:43:51,09:43:51,35.9,--,41,147190,买盘,2017-07-17,2017-07-17 09:43:51
09:43:54,09:43:54,35.89,-0.01,73,261997,中性盘,2017-07-17,2017-07-17 09:43:54
09:43:57,09:43:57,35.86,-0.03,10,35860,卖盘,2017-07-17,2017-07-17 09:43:57
09:44:00,09:44:00,35.88,0.02,78,279864,买盘,2017-07-17,2017-07-17 09:44:00
09:44:03,09:44:03,35.85,-0.03,76,272460,卖盘,2017-07-17,2017-07-17 09:44:03
09:44:06,09:44:06,35.88,0.03,83,297804,中性盘,2017-07-17,2017-07-17 09:44:06
09:44:09,09:44:09,35.84,-0.04,81,290304,中性盘,2017-07-17,2017-07-17 09:44:09
09:44:12,09:44:12,35.84,--,49,175616,买盘,2017-07-17,2017-07-17 09:44:12
09:44:15,09:44:15,35.85,0.01,70,250950,买盘,2017-07-17,2017-07-17 09:44:15
09:44:18,09:44:18,35.72,-0.13,29,103588,中性盘,2017-07-17,2017-07-17 09:44:18
09:44:21,09:44:21,35.71,-0.01,54,192834,中性盘,2017-07-17,2017-07-17 09:44:21
09:44:24,09:44:24,35.72,0.01,35,125020,中性盘,2017-07-17,2017-07-17 09:44:24
09:44:27,09:44:27,35.74,0.02,43,153682,买盘,2017-07-17,2017-07-17 09:44:27
09:44:30,09:44:30,35.74,--,69,246606,卖盘,2017-07-17,2017-07-17 09:44:30
09:44:33,09:44:33,35.74,--,148,528952,卖盘,2017-07-17,2017-07-17 09:44:33
09:44:36,09:44:36,35.74,--,30,107220,买盘,2017-07-17,2017-07-17 09:44:36
09:44:39,09:44:39,35.72,-0.02,113,403636,中性盘,2017-07-17,2017-07-17 09:44:39
09:44:42,09:44:42,35.74,0.02,45,160830,买盘,2017-07-17,2017-07-17 09:44:42
09:44:45,09:44:45,35.71,-0.03,115,410665,卖盘,2017-07-17,2017-07-17 09:44:45
09:44:48,09:44:48,35.7,-0.01,26,92820,中性盘,2017-07-17,2017-07-17 09:44:48
09:44:51,09:44:51,35.7,--,38,135660,买盘,2017-07-17,2017-07-17 09:44:51
09:44:54,09:44:54,35.63,-0.07,134,477442,卖盘,2017-07-17,2017-07-17 09:44:54
09:44:57,09:44:57,35.69,0.06,30,107070,买盘,2017-07-17,2017-07-17 09:44:57
09:45:00,09:45:00,35.69,--,60,214140,买盘,2017-07-17,2017-07-17 09:45:00
09:45:03,09:45:03,35.6,-0.09,33,117480,买盘,2017-07-17,2017-07-17 09:45:03
09:45:06,09:45:06,35.6,--,14,49840,买盘,2017-07-17,2017-07-17 09:45:06
09:45:09,09:45:09,35.6,--,24,85440,买盘,2017-07-17,2017-07-17 09:45:09
09:45:12,09:45:12,35.58,-0.02,77,273966,卖盘,2017-07-17,2017-07-17 09:45:12
09:45:15,09:45:15,35.58,--,17,60486,买盘,2017-07-17,2017-07-17 09:45:15
09:45:18,09:45:18,35.54,-0.04,18,63972,卖盘,2017-07-17,2017-07-17 09:45:18
09:45:21,09:45:21,35.58,0.04,36,128088,买盘,2017-07-17,2017-07-17 09:45:21
09:45:24,09:45:24,35.51,-0.07,74,262774,卖盘,2017-07-17,2017-07-17 09:45:24
09:45:27,09:45:27,35.54,0.03,22,78188,买盘,2017-07-17,2017-07-17 09:45:27
09:45:30,09:45:30,35.54,--,36,127944,买盘,2017-07-17,2017-07-17 09:45:30
09:45:33,09:45:33,35.48,-0.06,77,273196,卖盘,2017-07-17,2017-07-17 09:45:33
09:45:36,09:45:36,35.54,0.06,248,881818,买盘,2017-07-17,2017-07-17 09:45:36
09:45:39,09:45:39,35.55,0.01,145,515474,买盘,2017-07-17,2017-07-17 09:45:39
09:45:42,09:45:42,35.55,--,86,305730,买盘,2017-07-17,2017-07-17 09:45:42
09:45:45,09:45:45,35.54,-0.01,129,458466,卖盘,2017-07-17,2017-07-17 09:45:45
09:45:48,09:45:48,35.58,0.04,113,402054,买盘,2017-07-17,2017-07-17 09:45:48
09:45:51,09:45:51,35.58,--,43,152994,买盘,2017-07-17,2017-07-17 09:45:51
09:45:54,09:45:54,35.54,-0.04,103,366062,卖盘,2017-07-17,2017-07-17 09:45:54
09:45:57,09:45:57,35.57,0.03,32,113824,买盘,2017-07-17,2017-07-17 09:45:57
09:46:00,09:46:00,35.54,-0.03,103,366062,卖盘,2017-07-17,2017-07-17 09:46:00
09:46:03,09:46:03,35.54,--,109,387386,卖盘,2017-07-17,2017-07-17 09:46:03
09:46:06,09:46:06,35.58,0.04,471,1676351,买盘,2017-07-17,2017-07-17 09:46:06
09:46:09,09:46:09,35.59,0.01,105,373695,中性盘,2017-07-17,2017-07-17 09:46:09
09:46:12,09:46:12,35.6,0.01,113,402280,买盘,2017-07-17,2017-07-17 09:46:12
09:46:15,09:46:15,35.55,-0.05,158,561690,卖盘,2017-07-17,2017-07-17 09:46:15
09:46:18,09:46:18,35.6,0.05,278,989680,买盘,2017-07-17,2017-07-17 09:46:18
09:46:21,09:46:21,35.6,--,97,345320,买盘,2017-07-17,2017-07-17 09:46:21
09:46:24,09:46:24,35.65,0.05,139,495535,买盘,2017-07-17,2017-07-17 09:46:24
09:46:27,09:46:27,35.6,-0.05,19,67640,卖盘,2017-07-17,2017-07-17 09:46:27
09:46:30,09:46:30,35.61,0.01,21,74781,中性盘,2017-07-17,2017-07-17 09:46:30
09:46:33,09:46:33,35.69,0.08,37,132053,买盘,2017-07-17,2017-07-17 09:46:33
09:46:36,09:46:36,35.68,-0.01,63,224784,卖盘,2017-07-17,2017-07-17 09:46:36
09:46:39,09:46:39,35.7,0.02,234,835380,买盘,2017-07-17,2017-07-17 09:46:39
09:46:42,09:46:42,35.79,0.09,99,354321,买盘,2017-07-17,2017-07-17 09:46:42
09:46:45,09:46:45,35.79,--,43,153897,买盘,2017-07-17,2017-07-17 09:46:45
09:46:48,09:46:48,35.79,--,5,17895,中性盘,2017-07-17,2017-07-17 09:46:48
09:46:51,09:46:51,35.84,0.05,11,39424,买盘,2017-07-17,2017-07-17 09:46:51
09:46:54,09:46:54,35.85,0.01,5,17925,买盘,2017-07-17,2017-07-17 09:46:54
09:46:57,09:46:57,35.87,0.02,1,3586,中性盘,2017-07-17,2017-07-17 09:46:57
09:47:00,09:47:00,35.94,0.07,40,143760,买盘,2017-07-17,2017-07-17 09:47:00
09:47:03,09:47:03,35.95,0.01,28,100660,买盘,2017-07-17,2017-07-17 09:47:03
09:47:06,09:47:06,35.98,0.03,44,158312,买盘,2017-07-17,2017-07-17 09:47:06
09:47:09,09:47:09,35.99,0.01,60,215940,买盘,2017-07-17,2017-07-17 09:47:09
09:47:12,09:47:12,36.0,0.01,37,133200,买盘,2017-07-17,2017-07-17 09:47:12
09:47:15,09:47:15,36.03,0.03,14,50442,买盘,2017-07-17,2017-07-17 09:47:15
09:47:18,09:47:18,36.1,0.07,44,158840,买盘,2017-07-17,2017-07-17 09:47:18
09:47:21,09:47:21,36.1,--,22,79420,买盘,2017-07-17,2017-07-17 09:47:21
09:47:24,09:47:24,36.2,0.1,76,275120,买盘,2017-07-17,2017-07-17 09:47:24
09:47:27,09:47:27,36.2,--,135,488700,买盘,2017-07-17,2017-07-17 09:47:27
09:47:30,09:47:30,36.23,0.03,46,166658,买盘,2017-07-17,2017-07-17 09:47:30
09:47:33,09:47:33,36.26,0.03,55,199430,买盘,2017-07-17,2017-07-17 09:47:33
09:47:36,09:47:36,36.3,0.04,17,61709,买盘,2017-07-17,2017-07-17 09:47:36
09:47:39,09:47:39,36.35,0.05,5,18175,买盘,2017-07-17,2017-07-17 09:47:39
09:47:42,09:47:42,36.35,--,71,258085,买盘,2017-07-17,2017-07-17 09:47:42
09:47:45,09:47:45,36.44,0.09,119,433636,中性盘,2017-07-17,2017-07-17 09:47:45
09:47:48,09:47:48,36.49,0.05,78,287869,买盘,2017-07-17,2017-07-17 09:47:48
09:47:51,09:47:51,36.57,0.08,53,193821,买盘,2017-07-17,2017-07-17 09:47:51
09:47:54,09:47:54,36.4,-0.17,193,702520,卖盘,2017-07-17,2017-07-17 09:47:54
09:47:57,09:47:57,36.48,0.08,144,525312,买盘,2017-07-17,2017-07-17 09:47:57
09:48:00,09:48:00,36.54,0.06,187,683699,买盘,2017-07-17,2017-07-17 09:48:00
09:48:03,09:48:03,36.48,-0.06,85,310080,卖盘,2017-07-17,2017-07-17 09:48:03
09:48:06,09:48:06,36.54,0.06,65,237510,卖盘,2017-07-17,2017-07-17 09:48:06
09:48:09,09:48:09,36.6,0.06,162,596177,买盘,2017-07-17,2017-07-17 09:48:09
09:48:12,09:48:12,36.57,-0.03,107,391299,卖盘,2017-07-17,2017-07-17 09:48:12
09:48:15,09:48:15,36.57,--,65,237705,卖盘,2017-07-17,2017-07-17 09:48:15
09:48:18,09:48:18,36.63,0.06,55,201465,买盘,2017-07-17,2017-07-17 09:48:18
09:48:21,09:48:21,36.63,--,159,582417,卖盘,2017-07-17,2017-07-17 09:48:21
09:48:24,09:48:24,36.63,--,16,58608,卖盘,2017-07-17,2017-07-17 09:48:24
09:48:27,09:48:27,36.64,0.01,111,406704,买盘,2017-07-17,2017-07-17 09:48:27
09:48:30,09:48:30,36.64,--,59,216176,买盘,2017-07-17,2017-07-17 09:48:30
09:48:33,09:48:33,36.64,--,69,252816,卖盘,2017-07-17,2017-07-17 09:48:33
09:48:36,09:48:36,36.7,0.06,34,124780,买盘,2017-07-17,2017-07-17 09:48:36
09:48:39,09:48:39,36.64,-0.06,139,509296,卖盘,2017-07-17,2017-07-17 09:48:39
09:48:42,09:48:42,36.69,0.05,71,260498,中性盘,2017-07-17,2017-07-17 09:48:42
09:48:45,09:48:45,36.66,-0.03,100,366599,中性盘,2017-07-17,2017-07-17 09:48:45
09:48:48,09:48:48,36.69,0.03,167,612723,卖盘,2017-07-17,2017-07-17 09:48:48
09:48:51,09:48:51,36.77,0.08,108,397116,买盘,2017-07-17,2017-07-17 09:48:51
09:48:54,09:48:54,36.7,-0.07,82,300940,卖盘,2017-07-17,2017-07-17 09:48:54
09:48:57,09:48:57,36.7,--,164,601880,卖盘,2017-07-17,2017-07-17 09:48:57
09:49:00,09:49:00,36.73,0.03,108,396683,买盘,2017-07-17,2017-07-17 09:49:00
09:49:03,09:49:03,36.69,-0.04,87,319203,卖盘,2017-07-17,2017-07-17 09:49:03
09:49:06,09:49:06,36.77,0.08,232,853064,买盘,2017-07-17,2017-07-17 09:49:06
09:49:09,09:49:09,36.77,--,88,323576,卖盘,2017-07-17,2017-07-17 09:49:09
09:49:12,09:49:12,36.73,-0.04,52,190995,卖盘,2017-07-17,2017-07-17 09:49:12
09:49:15,09:49:15,36.7,-0.03,53,194510,卖盘,2017-07-17,2017-07-17 09:49:15
09:49:18,09:49:18,36.73,0.03,144,528912,买盘,2017-07-17,2017-07-17 09:49:18
09:49:21,09:49:21,36.7,-0.03,54,198180,卖盘,2017-07-17,2017-07-17 09:49:21
09:49:24,09:49:24,36.73,0.03,282,1035785,买盘,2017-07-17,2017-07-17 09:49:24
09:49:27,09:49:27,36.7,-0.03,71,260570,卖盘,2017-07-17,2017-07-17 09:49:27
09:49:30,09:49:30,36.71,0.01,234,859014,中性盘,2017-07-17,2017-07-17 09:49:30
09:49:33,09:49:33,36.69,-0.02,60,220140,卖盘,2017-07-17,2017-07-17 09:49:33
09:49:36,09:49:36,36.67,-0.02,38,139346,卖盘,2017-07-17,2017-07-17 09:49:36
09:49:39,09:49:39,36.7,0.03,20,73400,买盘,2017-07-17,2017-07-17 09:49:39
09:49:42,09:49:42,36.65,-0.05,44,161260,卖盘,2017-07-17,2017-07-17 09:49:42
09:49:45,09:49:45,36.65,--,63,230895,卖盘,2017-07-17,2017-07-17 09:49:45
09:49:48,09:49:48,36.64,-0.01,83,304112,卖盘,2017-07-17,2017-07-17 09:49:48
09:49:51,09:49:51,36.65,0.01,59,216235,中性盘,2017-07-17,2017-07-17 09:49:51
09:49:54,09:49:54,36.62,-0.03,118,432115,卖盘,2017-07-17,2017-07-17 09:49:54
09:49:57,09:49:57,36.6,-0.02,100,366000,卖盘,2017-07-17,2017-07-17 09:49:57
09:50:00,09:50:00,36.6,--,13,47580,买盘,2017-07-17,2017-07-17 09:50:00
09:50:03,09:50:03,36.6,--,49,179340,买盘,2017-07-17,2017-07-17 09:50:03
09:50:06,09:50:06,36.54,-0.06,10,36540,卖盘,2017-07-17,2017-07-17 09:50:06
09:50:09,09:50:09,36.52,-0.02,18,65736,中性盘,2017-07-17,2017-07-17 09:50:09
09:50:12,09:50:12,36.49,-0.03,22,80278,卖盘,2017-07-17,2017-07-17 09:50:12
09:50:15,09:50:15,36.4,-0.09,20,72800,卖盘,2017-07-17,2017-07-17 09:50:15
09:50:18,09:50:18,36.4,--,15,54600,买盘,2017-07-17,2017-07-17 09:50:18
09:50:21,09:50:21,36.4,--,107,389480,买盘,2017-07-17,2017-07-17 09:50:21
09:50:24,09:50:24,36.38,-0.02,25,90950,中性盘,2017-07-17,2017-07-17 09:50:24
09:50:27,09:50:27,36.3,-0.08,38,137940,卖盘,2017-07-17,2017-07-17 09:50:27
09:50:30,09:50:30,36.35,0.05,3,10905,买盘,2017-07-17,2017-07-17 09:50:30
09:50:33,09:50:33,36.27,-0.08,1,3627,卖盘,2017-07-17,2017-07-17 09:50:33
09:50:36,09:50:36,36.27,--,6,21762,买盘,2017-07-17,2017-07-17 09:50:36
09:50:39,09:50:39,36.25,-0.02,11,39875,卖盘,2017-07-17,2017-07-17 09:50:39
09:50:42,09:50:42,36.25,--,8,29000,卖盘,2017-07-17,2017-07-17 09:50:42
09:50:45,09:50:45,36.26,0.01,79,286454,买盘,2017-07-17,2017-07-17 09:50:45
09:50:48,09:50:48,36.17,-0.09,12,43404,卖盘,2017-07-17,2017-07-17 09:50:48
09:50:54,09:50:54,36.15,-0.02,5,18075,卖盘,2017-07-17,2017-07-17 09:50:54
09:50:57,09:50:57,36.1,-0.05,3,10830,卖盘,2017-07-17,2017-07-17 09:50:57
09:51:00,09:51:00,36.0,-0.1,53,190800,卖盘,2017-07-17,2017-07-17 09:51:00
09:51:03,09:51:03,36.0,--,20,72000,卖盘,2017-07-17,2017-07-17 09:51:03
09:51:06,09:51:06,36.0,--,118,424800,卖盘,2017-07-17,2017-07-17 09:51:06
09:51:09,09:51:09,35.99,-0.01,44,158356,中性盘,2017-07-17,2017-07-17 09:51:09
09:51:12,09:51:12,35.98,-0.01,4,14391,中性盘,2017-07-17,2017-07-17 09:51:12
09:51:15,09:51:15,35.99,0.01,143,514657,买盘,2017-07-17,2017-07-17 09:51:15
09:51:18,09:51:18,35.99,--,34,122366,卖盘,2017-07-17,2017-07-17 09:51:18
09:51:21,09:51:21,35.99,--,96,345504,卖盘,2017-07-17,2017-07-17 09:51:21
09:51:24,09:51:24,36.0,0.01,5,18000,买盘,2017-07-17,2017-07-17 09:51:24
09:51:27,09:51:27,35.99,-0.01,90,323910,卖盘,2017-07-17,2017-07-17 09:51:27
09:51:30,09:51:30,35.99,--,109,392291,买盘,2017-07-17,2017-07-17 09:51:30
09:51:33,09:51:33,35.99,--,29,104371,买盘,2017-07-17,2017-07-17 09:51:33
09:51:36,09:51:36,35.99,--,60,215940,卖盘,2017-07-17,2017-07-17 09:51:36
09:51:39,09:51:39,35.99,--,48,172752,买盘,2017-07-17,2017-07-17 09:51:39
09:51:42,09:51:42,35.97,-0.02,5,17985,卖盘,2017-07-17,2017-07-17 09:51:42
09:51:45,09:51:45,35.99,0.02,31,111569,买盘,2017-07-17,2017-07-17 09:51:45
09:51:48,09:51:48,35.99,--,113,406687,买盘,2017-07-17,2017-07-17 09:51:48
09:51:51,09:51:51,35.96,-0.03,63,226548,中性盘,2017-07-17,2017-07-17 09:51:51
09:51:54,09:51:54,35.93,-0.03,36,129348,卖盘,2017-07-17,2017-07-17 09:51:54
09:51:57,09:51:57,35.93,--,13,46709,买盘,2017-07-17,2017-07-17 09:51:57
09:52:00,09:52:00,35.93,--,12,43116,买盘,2017-07-17,2017-07-17 09:52:00
09:52:03,09:52:03,35.93,--,55,197615,买盘,2017-07-17,2017-07-17 09:52:03
09:52:06,09:52:06,35.9,-0.03,64,229760,卖盘,2017-07-17,2017-07-17 09:52:06
09:52:09,09:52:09,35.95,0.05,358,1287010,买盘,2017-07-17,2017-07-17 09:52:09
09:52:12,09:52:12,35.93,-0.02,79,283847,卖盘,2017-07-17,2017-07-17 09:52:12
09:52:15,09:52:15,35.96,0.03,9,32364,买盘,2017-07-17,2017-07-17 09:52:15
09:52:18,09:52:18,35.93,-0.03,33,118569,卖盘,2017-07-17,2017-07-17 09:52:18
09:52:21,09:52:21,35.99,0.06,44,158356,买盘,2017-07-17,2017-07-17 09:52:21
09:52:24,09:52:24,35.99,--,53,190747,买盘,2017-07-17,2017-07-17 09:52:24
09:52:27,09:52:27,36.0,0.01,34,122400,买盘,2017-07-17,2017-07-17 09:52:27
09:52:30,09:52:30,36.0,--,60,216000,买盘,2017-07-17,2017-07-17 09:52:30
09:52:33,09:52:33,36.0,--,75,270000,买盘,2017-07-17,2017-07-17 09:52:33
09:52:36,09:52:36,36.02,0.02,1,3602,中性盘,2017-07-17,2017-07-17 09:52:36
09:52:39,09:52:39,36.03,0.01,43,154929,中性盘,2017-07-17,2017-07-17 09:52:39
09:52:42,09:52:42,36.09,0.06,2,7218,买盘,2017-07-17,2017-07-17 09:52:42
09:52:45,09:52:45,36.09,--,84,303156,买盘,2017-07-17,2017-07-17 09:52:45
09:52:48,09:52:48,36.15,0.06,179,647085,买盘,2017-07-17,2017-07-17 09:52:48
09:52:51,09:52:51,36.11,-0.04,9,32499,中性盘,2017-07-17,2017-07-17 09:52:51
09:52:54,09:52:54,36.15,0.04,18,65070,买盘,2017-07-17,2017-07-17 09:52:54
09:52:57,09:52:57,36.15,--,110,397650,买盘,2017-07-17,2017-07-17 09:52:57
09:53:00,09:53:00,36.15,--,191,690465,买盘,2017-07-17,2017-07-17 09:53:00
09:53:03,09:53:03,36.15,--,148,535020,买盘,2017-07-17,2017-07-17 09:53:03
09:53:06,09:53:06,36.15,--,111,401265,买盘,2017-07-17,2017-07-17 09:53:06
09:53:09,09:53:09,36.12,-0.03,68,245615,卖盘,2017-07-17,2017-07-17 09:53:09
09:53:12,09:53:12,36.2,0.08,148,535760,买盘,2017-07-17,2017-07-17 09:53:12
09:53:18,09:53:18,36.15,-0.05,47,169905,卖盘,2017-07-17,2017-07-17 09:53:18
09:53:21,09:53:21,36.2,0.05,11,39820,中性盘,2017-07-17,2017-07-17 09:53:21
09:53:24,09:53:24,36.22,0.02,27,97794,中性盘,2017-07-17,2017-07-17 09:53:24
09:53:27,09:53:27,36.25,0.03,75,271875,买盘,2017-07-17,2017-07-17 09:53:27
09:53:30,09:53:30,36.25,--,108,391500,卖盘,2017-07-17,2017-07-17 09:53:30
09:53:36,09:53:36,36.27,0.02,66,239382,中性盘,2017-07-17,2017-07-17 09:53:36
09:53:39,09:53:39,36.3,0.03,17,61709,买盘,2017-07-17,2017-07-17 09:53:39
09:53:42,09:53:42,36.3,--,1,3629,卖盘,2017-07-17,2017-07-17 09:53:42
09:53:45,09:53:45,36.35,0.05,32,116320,买盘,2017-07-17,2017-07-17 09:53:45
09:53:48,09:53:48,36.3,-0.05,57,206909,卖盘,2017-07-17,2017-07-17 09:53:48
09:53:51,09:53:51,36.48,0.18,17,62015,买盘,2017-07-17,2017-07-17 09:53:51
09:53:54,09:53:54,36.47,-0.01,1,3647,买盘,2017-07-17,2017-07-17 09:53:54
09:53:57,09:53:57,36.47,--,9,32823,中性盘,2017-07-17,2017-07-17 09:53:57
09:54:00,09:54:00,36.4,-0.07,133,484120,卖盘,2017-07-17,2017-07-17 09:54:00
09:54:03,09:54:03,36.3,-0.1,147,533610,卖盘,2017-07-17,2017-07-17 09:54:03
09:54:06,09:54:06,36.41,0.11,110,400509,中性盘,2017-07-17,2017-07-17 09:54:06
09:54:09,09:54:09,36.54,0.13,156,570024,买盘,2017-07-17,2017-07-17 09:54:09
09:54:12,09:54:12,36.5,-0.04,50,182500,卖盘,2017-07-17,2017-07-17 09:54:12
09:54:15,09:54:15,36.54,0.04,23,84042,买盘,2017-07-17,2017-07-17 09:54:15
09:54:18,09:54:18,36.41,-0.13,268,975787,卖盘,2017-07-17,2017-07-17 09:54:18
09:54:21,09:54:21,36.41,--,29,105588,中性盘,2017-07-17,2017-07-17 09:54:21
09:54:24,09:54:24,36.5,0.09,117,427050,买盘,2017-07-17,2017-07-17 09:54:24
09:54:27,09:54:27,36.54,0.04,30,109620,买盘,2017-07-17,2017-07-17 09:54:27
09:54:30,09:54:30,36.47,-0.07,128,466816,卖盘,2017-07-17,2017-07-17 09:54:30
09:54:33,09:54:33,36.5,0.03,43,156950,买盘,2017-07-17,2017-07-17 09:54:33
09:54:36,09:54:36,36.54,0.04,59,215586,买盘,2017-07-17,2017-07-17 09:54:36
09:54:39,09:54:39,36.51,-0.03,83,303033,买盘,2017-07-17,2017-07-17 09:54:39
09:54:42,09:54:42,36.54,0.03,83,303282,买盘,2017-07-17,2017-07-17 09:54:42
09:54:45,09:54:45,36.51,-0.03,58,211758,卖盘,2017-07-17,2017-07-17 09:54:45
09:54:48,09:54:48,36.51,--,73,266523,中性盘,2017-07-17,2017-07-17 09:54:48
09:54:51,09:54:51,36.51,--,5,18255,买盘,2017-07-17,2017-07-17 09:54:51
09:54:54,09:54:54,36.5,-0.01,39,142350,卖盘,2017-07-17,2017-07-17 09:54:54
09:54:57,09:54:57,36.5,--,8,29200,买盘,2017-07-17,2017-07-17 09:54:57
09:55:00,09:55:00,36.45,-0.05,36,131220,卖盘,2017-07-17,2017-07-17 09:55:00
09:55:03,09:55:03,36.45,--,78,284310,卖盘,2017-07-17,2017-07-17 09:55:03
09:55:06,09:55:06,36.5,0.05,54,197100,买盘,2017-07-17,2017-07-17 09:55:06
09:55:09,09:55:09,36.45,-0.05,33,120285,卖盘,2017-07-17,2017-07-17 09:55:09
09:55:12,09:55:12,36.45,--,37,134865,卖盘,2017-07-17,2017-07-17 09:55:12
09:55:15,09:55:15,36.46,0.01,24,87504,中性盘,2017-07-17,2017-07-17 09:55:15
09:55:18,09:55:18,36.41,-0.05,49,178408,卖盘,2017-07-17,2017-07-17 09:55:18
09:55:21,09:55:21,36.45,0.04,11,40095,买盘,2017-07-17,2017-07-17 09:55:21
09:55:24,09:55:24,36.4,-0.05,76,276640,卖盘,2017-07-17,2017-07-17 09:55:24
09:55:27,09:55:27,36.41,0.01,16,58255,中性盘,2017-07-17,2017-07-17 09:55:27
09:55:30,09:55:30,36.36,-0.05,39,141804,卖盘,2017-07-17,2017-07-17 09:55:30
09:55:33,09:55:33,36.4,0.04,41,149240,买盘,2017-07-17,2017-07-17 09:55:33
09:55:36,09:55:36,36.36,-0.04,45,163620,买盘,2017-07-17,2017-07-17 09:55:36
09:55:39,09:55:39,36.35,-0.01,29,105415,中性盘,2017-07-17,2017-07-17 09:55:39
09:55:42,09:55:42,36.31,-0.04,38,137978,卖盘,2017-07-17,2017-07-17 09:55:42
09:55:45,09:55:45,36.3,-0.01,13,47189,卖盘,2017-07-17,2017-07-17 09:55:45
09:55:48,09:55:48,36.3,--,89,323070,卖盘,2017-07-17,2017-07-17 09:55:48
09:55:51,09:55:51,36.3,--,20,72600,卖盘,2017-07-17,2017-07-17 09:55:51
09:55:54,09:55:54,36.26,-0.04,49,177674,卖盘,2017-07-17,2017-07-17 09:55:54
09:55:57,09:55:57,36.29,0.03,17,61693,买盘,2017-07-17,2017-07-17 09:55:57
09:56:00,09:56:00,36.3,0.01,63,228689,买盘,2017-07-17,2017-07-17 09:56:00
09:56:03,09:56:03,36.25,-0.05,18,65250,卖盘,2017-07-17,2017-07-17 09:56:03
09:56:06,09:56:06,36.25,--,33,119625,卖盘,2017-07-17,2017-07-17 09:56:06
09:56:09,09:56:09,36.26,0.01,80,290080,买盘,2017-07-17,2017-07-17 09:56:09
09:56:12,09:56:12,36.26,--,38,137788,买盘,2017-07-17,2017-07-17 09:56:12
09:56:15,09:56:15,36.25,-0.01,47,170375,卖盘,2017-07-17,2017-07-17 09:56:15
09:56:18,09:56:18,36.28,0.03,44,159632,中性盘,2017-07-17,2017-07-17 09:56:18
09:56:21,09:56:21,36.26,-0.02,25,90650,中性盘,2017-07-17,2017-07-17 09:56:21
09:56:24,09:56:24,36.28,0.02,6,21768,买盘,2017-07-17,2017-07-17 09:56:24
09:56:27,09:56:27,36.26,-0.02,1,3626,卖盘,2017-07-17,2017-07-17 09:56:27
09:56:30,09:56:30,36.28,0.02,29,105212,买盘,2017-07-17,2017-07-17 09:56:30
09:56:33,09:56:33,36.28,--,32,116096,买盘,2017-07-17,2017-07-17 09:56:33
09:56:36,09:56:36,36.26,-0.02,29,105154,卖盘,2017-07-17,2017-07-17 09:56:36
09:56:39,09:56:39,36.26,--,11,39886,买盘,2017-07-17,2017-07-17 09:56:39
09:56:42,09:56:42,36.28,0.02,2,7256,买盘,2017-07-17,2017-07-17 09:56:42
09:56:45,09:56:45,36.26,-0.02,24,87024,卖盘,2017-07-17,2017-07-17 09:56:45
09:56:48,09:56:48,36.28,0.02,1,3628,买盘,2017-07-17,2017-07-17 09:56:48
09:56:51,09:56:51,36.28,--,74,268472,买盘,2017-07-17,2017-07-17 09:56:51
09:56:54,09:56:54,36.28,--,16,58048,卖盘,2017-07-17,2017-07-17 09:56:54
09:56:57,09:56:57,36.29,0.01,71,258457,买盘,2017-07-17,2017-07-17 09:56:57
09:57:00,09:57:00,36.28,-0.01,21,76188,中性盘,2017-07-17,2017-07-17 09:57:00
09:57:03,09:57:03,36.29,0.01,5,18145,买盘,2017-07-17,2017-07-17 09:57:03
09:57:06,09:57:06,36.28,-0.01,34,123352,卖盘,2017-07-17,2017-07-17 09:57:06
09:57:09,09:57:09,36.28,--,20,72560,卖盘,2017-07-17,2017-07-17 09:57:09
09:57:12,09:57:12,36.3,0.02,47,170610,买盘,2017-07-17,2017-07-17 09:57:12
09:57:15,09:57:15,36.29,-0.01,4,14516,卖盘,2017-07-17,2017-07-17 09:57:15
09:57:18,09:57:18,36.28,-0.01,18,65304,卖盘,2017-07-17,2017-07-17 09:57:18
09:57:21,09:57:21,36.27,-0.01,20,72540,卖盘,2017-07-17,2017-07-17 09:57:21
09:57:24,09:57:24,36.27,--,38,137826,买盘,2017-07-17,2017-07-17 09:57:24
09:57:27,09:57:27,36.29,0.02,20,72580,买盘,2017-07-17,2017-07-17 09:57:27
09:57:30,09:57:30,36.28,-0.01,24,87072,卖盘,2017-07-17,2017-07-17 09:57:30
09:57:33,09:57:33,36.29,0.01,34,123386,中性盘,2017-07-17,2017-07-17 09:57:33
09:57:36,09:57:36,36.29,--,23,83467,卖盘,2017-07-17,2017-07-17 09:57:36
09:57:39,09:57:39,36.3,0.01,16,58079,买盘,2017-07-17,2017-07-17 09:57:39
09:57:42,09:57:42,36.29,-0.01,47,170563,卖盘,2017-07-17,2017-07-17 09:57:42
09:57:45,09:57:45,36.29,--,16,58064,卖盘,2017-07-17,2017-07-17 09:57:45
09:57:48,09:57:48,36.29,--,35,127015,卖盘,2017-07-17,2017-07-17 09:57:48
09:57:51,09:57:51,36.3,0.01,49,177870,买盘,2017-07-17,2017-07-17 09:57:51
09:57:54,09:57:54,36.3,--,6,21780,买盘,2017-07-17,2017-07-17 09:57:54
09:57:57,09:57:57,36.3,--,4,14519,卖盘,2017-07-17,2017-07-17 09:57:57
09:58:00,09:58:00,36.32,0.02,81,294192,买盘,2017-07-17,2017-07-17 09:58:00
09:58:03,09:58:03,36.35,0.03,62,225370,买盘,2017-07-17,2017-07-17 09:58:03
09:58:06,09:58:06,36.35,--,31,112685,卖盘,2017-07-17,2017-07-17 09:58:06
09:58:09,09:58:09,36.35,--,10,36350,卖盘,2017-07-17,2017-07-17 09:58:09
09:58:12,09:58:12,36.4,0.05,67,243880,买盘,2017-07-17,2017-07-17 09:58:12
09:58:18,09:58:18,36.41,0.01,42,152922,买盘,2017-07-17,2017-07-17 09:58:18
09:58:21,09:58:21,36.41,--,2,7281,卖盘,2017-07-17,2017-07-17 09:58:21
09:58:24,09:58:24,36.44,0.03,31,112964,买盘,2017-07-17,2017-07-17 09:58:24
09:58:27,09:58:27,36.45,0.01,68,247860,买盘,2017-07-17,2017-07-17 09:58:27
09:58:33,09:58:33,36.45,--,41,149445,买盘,2017-07-17,2017-07-17 09:58:33
09:58:36,09:58:36,36.45,--,1,3645,卖盘,2017-07-17,2017-07-17 09:58:36
09:58:39,09:58:39,36.46,0.01,51,185946,买盘,2017-07-17,2017-07-17 09:58:39
09:58:42,09:58:42,36.46,--,8,29168,卖盘,2017-07-17,2017-07-17 09:58:42
09:58:45,09:58:45,36.46,--,27,98442,卖盘,2017-07-17,2017-07-17 09:58:45
09:58:48,09:58:48,36.5,0.04,21,76650,买盘,2017-07-17,2017-07-17 09:58:48
09:58:54,09:58:54,36.49,-0.01,21,76629,卖盘,2017-07-17,2017-07-17 09:58:54
09:58:57,09:58:57,36.55,0.06,305,1114775,买盘,2017-07-17,2017-07-17 09:58:57
09:59:03,09:59:03,36.58,0.03,44,160952,买盘,2017-07-17,2017-07-17 09:59:03
09:59:06,09:59:06,36.58,--,34,124372,卖盘,2017-07-17,2017-07-17 09:59:06
09:59:09,09:59:09,36.6,0.02,30,109800,买盘,2017-07-17,2017-07-17 09:59:09
09:59:12,09:59:12,36.64,0.04,32,117248,买盘,2017-07-17,2017-07-17 09:59:12
09:59:15,09:59:15,36.65,0.01,10,36650,买盘,2017-07-17,2017-07-17 09:59:15
09:59:18,09:59:18,36.66,0.01,30,109979,买盘,2017-07-17,2017-07-17 09:59:18
09:59:21,09:59:21,36.65,-0.01,44,161260,卖盘,2017-07-17,2017-07-17 09:59:21
09:59:24,09:59:24,36.66,0.01,22,80651,卖盘,2017-07-17,2017-07-17 09:59:24
09:59:27,09:59:27,36.65,-0.01,98,359170,卖盘,2017-07-17,2017-07-17 09:59:27
09:59:30,09:59:30,36.66,0.01,96,351935,买盘,2017-07-17,2017-07-17 09:59:30
09:59:33,09:59:33,36.7,0.04,109,400030,买盘,2017-07-17,2017-07-17 09:59:33
09:59:36,09:59:36,36.68,-0.02,66,242088,卖盘,2017-07-17,2017-07-17 09:59:36
09:59:39,09:59:39,36.72,0.04,6,23096,买盘,2017-07-17,2017-07-17 09:59:39
09:59:42,09:59:42,36.72,--,32,117504,卖盘,2017-07-17,2017-07-17 09:59:42
09:59:45,09:59:45,36.77,0.05,20,73540,买盘,2017-07-17,2017-07-17 09:59:45
09:59:48,09:59:48,36.79,0.02,35,128765,买盘,2017-07-17,2017-07-17 09:59:48
09:59:51,09:59:51,36.78,-0.01,19,69882,中性盘,2017-07-17,2017-07-17 09:59:51
09:59:54,09:59:54,36.78,--,40,147120,买盘,2017-07-17,2017-07-17 09:59:54
09:59:57,09:59:57,36.77,-0.01,139,511103,卖盘,2017-07-17,2017-07-17 09:59:57
10:00:00,10:00:00,36.8,0.03,19,69920,买盘,2017-07-17,2017-07-17 10:00:00
10:00:03,10:00:03,36.8,--,102,375360,卖盘,2017-07-17,2017-07-17 10:00:03
10:00:06,10:00:06,36.89,0.09,15,55335,买盘,2017-07-17,2017-07-17 10:00:06
10:00:09,10:00:09,36.88,-0.01,11,40568,卖盘,2017-07-17,2017-07-17 10:00:09
10:00:12,10:00:12,36.89,0.01,33,121737,中性盘,2017-07-17,2017-07-17 10:00:12
10:00:15,10:00:15,36.91,0.02,17,62746,中性盘,2017-07-17,2017-07-17 10:00:15
10:00:18,10:00:18,36.93,0.02,14,51702,买盘,2017-07-17,2017-07-17 10:00:18
10:00:21,10:00:21,36.96,0.03,26,96096,中性盘,2017-07-17,2017-07-17 10:00:21
10:00:24,10:00:24,36.95,-0.01,9,33255,中性盘,2017-07-17,2017-07-17 10:00:24
10:00:27,10:00:27,36.96,0.01,42,155232,买盘,2017-07-17,2017-07-17 10:00:27
10:00:30,10:00:30,36.98,0.02,132,488135,买盘,2017-07-17,2017-07-17 10:00:30
10:00:33,10:00:33,36.97,-0.01,107,395579,卖盘,2017-07-17,2017-07-17 10:00:33
10:00:36,10:00:36,36.97,--,35,129395,买盘,2017-07-17,2017-07-17 10:00:36
10:00:39,10:00:39,36.98,0.01,135,499229,买盘,2017-07-17,2017-07-17 10:00:39
10:00:42,10:00:42,36.98,--,17,62865,买盘,2017-07-17,2017-07-17 10:00:42
10:00:45,10:00:45,36.99,0.01,108,399492,买盘,2017-07-17,2017-07-17 10:00:45
10:00:48,10:00:48,36.99,--,126,466074,买盘,2017-07-17,2017-07-17 10:00:48
10:00:51,10:00:51,36.99,--,89,329211,买盘,2017-07-17,2017-07-17 10:00:51
10:00:54,10:00:54,37.0,0.01,77,284900,买盘,2017-07-17,2017-07-17 10:00:54
10:00:57,10:00:57,36.99,-0.01,25,92475,卖盘,2017-07-17,2017-07-17 10:00:57
10:01:00,10:01:00,37.0,0.01,156,577200,买盘,2017-07-17,2017-07-17 10:01:00
10:01:03,10:01:03,36.99,-0.01,61,225639,卖盘,2017-07-17,2017-07-17 10:01:03
10:01:06,10:01:06,37.01,0.02,34,125834,买盘,2017-07-17,2017-07-17 10:01:06
10:01:09,10:01:09,37.03,0.02,12,44436,中性盘,2017-07-17,2017-07-17 10:01:09
10:01:12,10:01:12,37.0,-0.03,146,540200,卖盘,2017-07-17,2017-07-17 10:01:12
10:01:15,10:01:15,36.99,-0.01,74,273726,卖盘,2017-07-17,2017-07-17 10:01:15
10:01:18,10:01:18,37.05,0.06,81,300105,买盘,2017-07-17,2017-07-17 10:01:18
10:01:21,10:01:21,37.03,-0.02,7,25921,买盘,2017-07-17,2017-07-17 10:01:21
10:01:24,10:01:24,37.0,-0.03,113,418100,卖盘,2017-07-17,2017-07-17 10:01:24
10:01:27,10:01:27,37.02,0.02,27,99954,中性盘,2017-07-17,2017-07-17 10:01:27
10:01:30,10:01:30,37.01,-0.01,153,566253,中性盘,2017-07-17,2017-07-17 10:01:30
10:01:33,10:01:33,37.05,0.04,17,62984,买盘,2017-07-17,2017-07-17 10:01:33
10:01:36,10:01:36,37.03,-0.02,34,125902,卖盘,2017-07-17,2017-07-17 10:01:36
10:01:39,10:01:39,37.1,0.07,40,148400,买盘,2017-07-17,2017-07-17 10:01:39
10:01:42,10:01:42,37.03,-0.07,27,99981,卖盘,2017-07-17,2017-07-17 10:01:42
10:01:45,10:01:45,37.1,0.07,42,155820,买盘,2017-07-17,2017-07-17 10:01:45
10:01:48,10:01:48,37.08,-0.02,44,163152,卖盘,2017-07-17,2017-07-17 10:01:48
10:01:51,10:01:51,37.1,0.02,159,589890,买盘,2017-07-17,2017-07-17 10:01:51
10:01:54,10:01:54,37.1,--,64,237440,卖盘,2017-07-17,2017-07-17 10:01:54
10:01:57,10:01:57,37.15,0.05,74,274910,买盘,2017-07-17,2017-07-17 10:01:57
10:02:00,10:02:00,37.15,--,6,22290,中性盘,2017-07-17,2017-07-17 10:02:00
10:02:03,10:02:03,37.18,0.03,5,18590,买盘,2017-07-17,2017-07-17 10:02:03
10:02:06,10:02:06,37.15,-0.03,3,11145,卖盘,2017-07-17,2017-07-17 10:02:06
10:02:09,10:02:09,37.18,0.03,27,100386,买盘,2017-07-17,2017-07-17 10:02:09
10:02:12,10:02:12,37.19,0.01,90,334710,买盘,2017-07-17,2017-07-17 10:02:12
10:02:15,10:02:15,37.18,-0.01,66,245388,卖盘,2017-07-17,2017-07-17 10:02:15
10:02:18,10:02:18,37.2,0.02,8,29760,买盘,2017-07-17,2017-07-17 10:02:18
10:02:21,10:02:21,37.27,0.07,8,29816,买盘,2017-07-17,2017-07-17 10:02:21
10:02:24,10:02:24,37.22,-0.05,3,11166,卖盘,2017-07-17,2017-07-17 10:02:24
10:02:27,10:02:27,37.28,0.06,14,52192,买盘,2017-07-17,2017-07-17 10:02:27
10:02:30,10:02:30,37.29,0.01,132,492228,买盘,2017-07-17,2017-07-17 10:02:30
10:02:33,10:02:33,37.3,0.01,10,37300,买盘,2017-07-17,2017-07-17 10:02:33
10:02:36,10:02:36,37.3,--,11,41030,卖盘,2017-07-17,2017-07-17 10:02:36
10:02:39,10:02:39,37.35,0.05,19,70965,买盘,2017-07-17,2017-07-17 10:02:39
10:02:42,10:02:42,37.35,--,7,26145,买盘,2017-07-17,2017-07-17 10:02:42
10:02:45,10:02:45,37.36,0.01,34,127024,买盘,2017-07-17,2017-07-17 10:02:45
10:02:48,10:02:48,37.36,--,11,41096,买盘,2017-07-17,2017-07-17 10:02:48
10:02:51,10:02:51,37.37,0.01,59,220482,买盘,2017-07-17,2017-07-17 10:02:51
10:02:54,10:02:54,37.4,0.03,40,149600,买盘,2017-07-17,2017-07-17 10:02:54
10:02:57,10:02:57,37.48,0.08,12,44975,买盘,2017-07-17,2017-07-17 10:02:57
10:03:00,10:03:00,37.5,0.02,65,243750,买盘,2017-07-17,2017-07-17 10:03:00
10:03:03,10:03:03,37.49,-0.01,13,48737,中性盘,2017-07-17,2017-07-17 10:03:03
10:03:06,10:03:06,37.5,0.01,156,585000,买盘,2017-07-17,2017-07-17 10:03:06
10:03:09,10:03:09,37.5,--,82,307500,买盘,2017-07-17,2017-07-17 10:03:09
10:03:12,10:03:12,37.57,0.07,234,879138,买盘,2017-07-17,2017-07-17 10:03:12
10:03:15,10:03:15,37.51,-0.06,39,146289,中性盘,2017-07-17,2017-07-17 10:03:15
10:03:18,10:03:18,37.51,--,40,150040,卖盘,2017-07-17,2017-07-17 10:03:18
10:03:21,10:03:21,37.57,0.06,232,871624,卖盘,2017-07-17,2017-07-17 10:03:21
10:03:24,10:03:24,37.57,--,54,202878,卖盘,2017-07-17,2017-07-17 10:03:24
10:03:27,10:03:27,37.69,0.12,16,60304,买盘,2017-07-17,2017-07-17 10:03:27
10:03:30,10:03:30,37.77,0.08,44,166188,买盘,2017-07-17,2017-07-17 10:03:30
10:03:33,10:03:33,37.73,-0.04,5,18865,中性盘,2017-07-17,2017-07-17 10:03:33
10:03:36,10:03:36,37.77,0.04,24,90648,买盘,2017-07-17,2017-07-17 10:03:36
10:03:39,10:03:39,37.77,--,54,203958,买盘,2017-07-17,2017-07-17 10:03:39
10:03:42,10:03:42,37.8,0.03,133,502739,买盘,2017-07-17,2017-07-17 10:03:42
10:03:45,10:03:45,37.88,0.08,83,314404,买盘,2017-07-17,2017-07-17 10:03:45
10:03:48,10:03:48,37.88,--,14,53032,买盘,2017-07-17,2017-07-17 10:03:48
10:03:51,10:03:51,37.88,--,62,234856,买盘,2017-07-17,2017-07-17 10:03:51
10:03:54,10:03:54,37.89,0.01,23,87147,买盘,2017-07-17,2017-07-17 10:03:54
10:03:57,10:03:57,37.88,-0.01,134,507592,卖盘,2017-07-17,2017-07-17 10:03:57
10:04:00,10:04:00,37.88,--,104,393952,买盘,2017-07-17,2017-07-17 10:04:00
10:04:03,10:04:03,37.83,-0.05,266,1006278,卖盘,2017-07-17,2017-07-17 10:04:03
10:04:06,10:04:06,37.83,--,58,219414,卖盘,2017-07-17,2017-07-17 10:04:06
10:04:09,10:04:09,37.88,0.05,130,492440,买盘,2017-07-17,2017-07-17 10:04:09
10:04:12,10:04:12,37.89,0.01,67,253863,买盘,2017-07-17,2017-07-17 10:04:12
10:04:15,10:04:15,37.89,--,340,1288260,卖盘,2017-07-17,2017-07-17 10:04:15
10:04:18,10:04:18,37.88,-0.01,141,534108,卖盘,2017-07-17,2017-07-17 10:04:18
10:04:21,10:04:21,37.88,--,143,541684,卖盘,2017-07-17,2017-07-17 10:04:21
10:04:24,10:04:24,37.89,0.01,125,473625,买盘,2017-07-17,2017-07-17 10:04:24
10:04:27,10:04:27,37.88,-0.01,45,170460,卖盘,2017-07-17,2017-07-17 10:04:27
10:04:30,10:04:30,37.9,0.02,172,651880,买盘,2017-07-17,2017-07-17 10:04:30
10:04:33,10:04:33,37.8,-0.1,333,1258740,卖盘,2017-07-17,2017-07-17 10:04:33
10:04:36,10:04:36,37.87,0.07,50,189350,卖盘,2017-07-17,2017-07-17 10:04:36
10:04:39,10:04:39,37.88,0.01,48,181824,买盘,2017-07-17,2017-07-17 10:04:39
10:04:42,10:04:42,37.88,--,75,284100,买盘,2017-07-17,2017-07-17 10:04:42
10:04:45,10:04:45,37.89,0.01,73,276597,买盘,2017-07-17,2017-07-17 10:04:45
10:04:48,10:04:48,37.9,0.01,54,204660,买盘,2017-07-17,2017-07-17 10:04:48
10:04:51,10:04:51,37.9,--,106,401740,买盘,2017-07-17,2017-07-17 10:04:51
10:04:54,10:04:54,37.84,-0.06,29,109736,卖盘,2017-07-17,2017-07-17 10:04:54
10:04:57,10:04:57,37.93,0.09,178,675154,买盘,2017-07-17,2017-07-17 10:04:57
10:05:00,10:05:00,37.94,0.01,68,257991,买盘,2017-07-17,2017-07-17 10:05:00
10:05:03,10:05:03,37.93,-0.01,98,371714,中性盘,2017-07-17,2017-07-17 10:05:03
10:05:06,10:05:06,37.93,--,81,307233,买盘,2017-07-17,2017-07-17 10:05:06
10:05:09,10:05:09,37.93,--,26,98618,买盘,2017-07-17,2017-07-17 10:05:09
10:05:12,10:05:12,37.89,-0.04,71,269019,卖盘,2017-07-17,2017-07-17 10:05:12
10:05:15,10:05:15,37.9,0.01,31,117490,中性盘,2017-07-17,2017-07-17 10:05:15
10:05:18,10:05:18,37.93,0.03,98,371714,买盘,2017-07-17,2017-07-17 10:05:18
10:05:21,10:05:21,37.82,-0.11,212,801784,卖盘,2017-07-17,2017-07-17 10:05:21
10:05:24,10:05:24,37.9,0.08,39,147810,买盘,2017-07-17,2017-07-17 10:05:24
10:05:27,10:05:27,37.89,-0.01,33,125037,卖盘,2017-07-17,2017-07-17 10:05:27
10:05:30,10:05:30,37.89,--,37,140193,卖盘,2017-07-17,2017-07-17 10:05:30
10:05:33,10:05:33,37.89,--,32,121248,卖盘,2017-07-17,2017-07-17 10:05:33
10:05:36,10:05:36,37.88,-0.01,7,26516,卖盘,2017-07-17,2017-07-17 10:05:36
10:05:39,10:05:39,37.86,-0.02,28,106008,买盘,2017-07-17,2017-07-17 10:05:39
10:05:42,10:05:42,37.86,--,12,45432,买盘,2017-07-17,2017-07-17 10:05:42
10:05:45,10:05:45,37.82,-0.04,65,245830,卖盘,2017-07-17,2017-07-17 10:05:45
10:05:48,10:05:48,37.81,-0.01,4,15124,中性盘,2017-07-17,2017-07-17 10:05:48
10:05:51,10:05:51,37.8,-0.01,43,162540,卖盘,2017-07-17,2017-07-17 10:05:51
10:05:54,10:05:54,37.79,-0.01,4,15116,卖盘,2017-07-17,2017-07-17 10:05:54
10:05:57,10:05:57,37.78,-0.01,18,68004,卖盘,2017-07-17,2017-07-17 10:05:57
10:06:00,10:06:00,37.73,-0.05,20,75460,卖盘,2017-07-17,2017-07-17 10:06:00
10:06:03,10:06:03,37.74,0.01,10,37740,买盘,2017-07-17,2017-07-17 10:06:03
10:06:06,10:06:06,37.7,-0.04,7,26390,卖盘,2017-07-17,2017-07-17 10:06:06
10:06:09,10:06:09,37.68,-0.02,8,30144,卖盘,2017-07-17,2017-07-17 10:06:09
10:06:12,10:06:12,37.64,-0.04,5,18820,卖盘,2017-07-17,2017-07-17 10:06:12
10:06:18,10:06:18,37.45,-0.19,26,97370,卖盘,2017-07-17,2017-07-17 10:06:18
10:06:21,10:06:21,37.5,0.05,72,270000,买盘,2017-07-17,2017-07-17 10:06:21
10:06:24,10:06:24,37.5,--,3,11250,买盘,2017-07-17,2017-07-17 10:06:24
10:06:27,10:06:27,37.39,-0.11,5,18695,卖盘,2017-07-17,2017-07-17 10:06:27
10:06:30,10:06:30,37.36,-0.03,13,48568,卖盘,2017-07-17,2017-07-17 10:06:30
10:06:33,10:06:33,37.35,-0.01,4,16844,卖盘,2017-07-17,2017-07-17 10:06:33
10:06:36,10:06:36,37.3,-0.05,16,61507,卖盘,2017-07-17,2017-07-17 10:06:36
10:06:39,10:06:39,37.3,--,10,37300,卖盘,2017-07-17,2017-07-17 10:06:39
10:06:42,10:06:42,37.27,-0.03,42,156534,卖盘,2017-07-17,2017-07-17 10:06:42
10:06:45,10:06:45,37.27,--,22,81994,卖盘,2017-07-17,2017-07-17 10:06:45
10:06:48,10:06:48,37.27,--,1,3727,买盘,2017-07-17,2017-07-17 10:06:48
10:06:51,10:06:51,37.24,-0.03,70,260680,卖盘,2017-07-17,2017-07-17 10:06:51
10:06:54,10:06:54,37.18,-0.06,23,85514,卖盘,2017-07-17,2017-07-17 10:06:54
10:06:57,10:06:57,37.24,0.06,78,290472,买盘,2017-07-17,2017-07-17 10:06:57
10:07:00,10:07:00,37.18,-0.06,15,55770,卖盘,2017-07-17,2017-07-17 10:07:00
10:07:03,10:07:03,37.18,--,18,68820,买盘,2017-07-17,2017-07-17 10:07:03
10:07:06,10:07:06,37.12,-0.06,25,94618,卖盘,2017-07-17,2017-07-17 10:07:06
10:07:09,10:07:09,37.12,--,4,14847,买盘,2017-07-17,2017-07-17 10:07:09
10:07:12,10:07:12,37.12,--,30,111359,买盘,2017-07-17,2017-07-17 10:07:12
10:07:18,10:07:18,37.06,-0.06,50,186152,中性盘,2017-07-17,2017-07-17 10:07:18
10:07:21,10:07:21,37.1,0.04,33,122430,买盘,2017-07-17,2017-07-17 10:07:21
10:07:24,10:07:24,37.03,-0.07,10,37030,卖盘,2017-07-17,2017-07-17 10:07:24
10:07:27,10:07:27,37.04,0.01,21,77784,中性盘,2017-07-17,2017-07-17 10:07:27
10:07:30,10:07:30,37.04,--,17,62968,卖盘,2017-07-17,2017-07-17 10:07:30
10:07:33,10:07:33,37.1,0.06,29,107590,买盘,2017-07-17,2017-07-17 10:07:33
10:07:36,10:07:36,37.05,-0.05,38,140790,卖盘,2017-07-17,2017-07-17 10:07:36
10:07:39,10:07:39,37.1,0.05,11,40810,买盘,2017-07-17,2017-07-17 10:07:39
10:07:42,10:07:42,37.09,-0.01,9,33381,卖盘,2017-07-17,2017-07-17 10:07:42
10:07:45,10:07:45,37.1,0.01,62,230020,买盘,2017-07-17,2017-07-17 10:07:45
10:07:48,10:07:48,37.1,--,66,244860,买盘,2017-07-17,2017-07-17 10:07:48
10:07:51,10:07:51,37.1,--,172,638120,买盘,2017-07-17,2017-07-17 10:07:51
10:07:54,10:07:54,37.1,--,57,211470,卖盘,2017-07-17,2017-07-17 10:07:54
10:07:57,10:07:57,37.11,0.01,36,133596,买盘,2017-07-17,2017-07-17 10:07:57
10:08:00,10:08:00,37.11,--,5,18555,买盘,2017-07-17,2017-07-17 10:08:00
10:08:03,10:08:03,37.12,0.01,8,29695,买盘,2017-07-17,2017-07-17 10:08:03
10:08:06,10:08:06,37.17,0.05,25,92925,买盘,2017-07-17,2017-07-17 10:08:06
10:08:09,10:08:09,37.11,-0.06,31,115041,卖盘,2017-07-17,2017-07-17 10:08:09
10:08:12,10:08:12,37.17,0.06,8,31631,买盘,2017-07-17,2017-07-17 10:08:12
10:08:15,10:08:15,37.17,--,5,18585,卖盘,2017-07-17,2017-07-17 10:08:15
10:08:18,10:08:18,37.17,--,17,63189,卖盘,2017-07-17,2017-07-17 10:08:18
10:08:21,10:08:21,37.17,--,27,100359,卖盘,2017-07-17,2017-07-17 10:08:21
10:08:24,10:08:24,37.2,0.03,24,89280,买盘,2017-07-17,2017-07-17 10:08:24
10:08:27,10:08:27,37.2,--,20,74400,买盘,2017-07-17,2017-07-17 10:08:27
10:08:30,10:08:30,37.2,--,2,7440,卖盘,2017-07-17,2017-07-17 10:08:30
10:08:36,10:08:36,37.24,0.04,5,18620,买盘,2017-07-17,2017-07-17 10:08:36
10:08:39,10:08:39,37.27,0.03,2,7454,买盘,2017-07-17,2017-07-17 10:08:39
10:08:42,10:08:42,37.27,--,8,29816,买盘,2017-07-17,2017-07-17 10:08:42
10:08:45,10:08:45,37.27,--,2,7454,买盘,2017-07-17,2017-07-17 10:08:45
10:08:48,10:08:48,37.29,0.02,4,14916,买盘,2017-07-17,2017-07-17 10:08:48
10:08:51,10:08:51,37.29,--,8,29832,买盘,2017-07-17,2017-07-17 10:08:51
10:08:57,10:08:57,37.34,0.05,45,168030,买盘,2017-07-17,2017-07-17 10:08:57
10:09:00,10:09:00,37.34,--,5,18670,买盘,2017-07-17,2017-07-17 10:09:00
10:09:03,10:09:03,37.32,-0.02,2,7464,卖盘,2017-07-17,2017-07-17 10:09:03
10:09:06,10:09:06,37.34,0.02,110,410740,买盘,2017-07-17,2017-07-17 10:09:06
10:09:09,10:09:09,37.33,-0.01,28,104524,中性盘,2017-07-17,2017-07-17 10:09:09
10:09:12,10:09:12,37.34,0.01,24,89616,买盘,2017-07-17,2017-07-17 10:09:12
10:09:15,10:09:15,37.3,-0.04,35,130549,卖盘,2017-07-17,2017-07-17 10:09:15
10:09:18,10:09:18,37.3,--,95,354350,卖盘,2017-07-17,2017-07-17 10:09:18
10:09:21,10:09:21,37.32,0.02,12,44784,买盘,2017-07-17,2017-07-17 10:09:21
10:09:24,10:09:24,37.3,-0.02,88,328240,卖盘,2017-07-17,2017-07-17 10:09:24
10:09:27,10:09:27,37.32,0.02,24,89568,中性盘,2017-07-17,2017-07-17 10:09:27
10:09:30,10:09:30,37.32,--,8,29856,卖盘,2017-07-17,2017-07-17 10:09:30
10:09:33,10:09:33,37.33,0.01,1,3733,中性盘,2017-07-17,2017-07-17 10:09:33
10:09:36,10:09:36,37.31,-0.02,14,52234,卖盘,2017-07-17,2017-07-17 10:09:36
10:09:39,10:09:39,37.32,0.01,7,26124,买盘,2017-07-17,2017-07-17 10:09:39
10:09:42,10:09:42,37.32,--,8,29856,买盘,2017-07-17,2017-07-17 10:09:42
10:09:45,10:09:45,37.3,-0.02,24,89520,卖盘,2017-07-17,2017-07-17 10:09:45
10:09:48,10:09:48,37.3,--,2,7459,买盘,2017-07-17,2017-07-17 10:09:48
10:09:54,10:09:54,37.3,--,5,18650,买盘,2017-07-17,2017-07-17 10:09:54
10:09:57,10:09:57,37.29,-0.01,55,205095,卖盘,2017-07-17,2017-07-17 10:09:57
10:10:00,10:10:00,37.29,--,9,33561,买盘,2017-07-17,2017-07-17 10:10:00
10:10:03,10:10:03,37.29,--,20,74580,买盘,2017-07-17,2017-07-17 10:10:03
10:10:06,10:10:06,37.27,-0.02,25,93175,卖盘,2017-07-17,2017-07-17 10:10:06
10:10:12,10:10:12,37.28,0.01,44,164032,买盘,2017-07-17,2017-07-17 10:10:12
10:10:15,10:10:15,37.27,-0.01,49,182623,卖盘,2017-07-17,2017-07-17 10:10:15
10:10:21,10:10:21,37.27,--,11,40997,买盘,2017-07-17,2017-07-17 10:10:21
10:10:24,10:10:24,37.25,-0.02,9,33525,卖盘,2017-07-17,2017-07-17 10:10:24
10:10:27,10:10:27,37.21,-0.04,29,107909,卖盘,2017-07-17,2017-07-17 10:10:27
10:10:30,10:10:30,37.24,0.03,4,14896,买盘,2017-07-17,2017-07-17 10:10:30
10:10:33,10:10:33,37.24,--,2,7448,买盘,2017-07-17,2017-07-17 10:10:33
10:10:36,10:10:36,37.25,0.01,87,324075,买盘,2017-07-17,2017-07-17 10:10:36
10:10:39,10:10:39,37.21,-0.04,75,279075,卖盘,2017-07-17,2017-07-17 10:10:39
10:10:42,10:10:42,37.25,0.04,141,525225,买盘,2017-07-17,2017-07-17 10:10:42
10:10:45,10:10:45,37.25,--,26,96850,卖盘,2017-07-17,2017-07-17 10:10:45
10:10:48,10:10:48,37.25,--,16,59600,卖盘,2017-07-17,2017-07-17 10:10:48
10:10:51,10:10:51,37.26,0.01,1,3726,买盘,2017-07-17,2017-07-17 10:10:51
10:10:54,10:10:54,37.25,-0.01,48,178800,卖盘,2017-07-17,2017-07-17 10:10:54
10:10:57,10:10:57,37.27,0.02,25,93175,买盘,2017-07-17,2017-07-17 10:10:57
10:11:03,10:11:03,37.25,-0.02,3,11175,中性盘,2017-07-17,2017-07-17 10:11:03
10:11:06,10:11:06,37.25,--,13,48425,买盘,2017-07-17,2017-07-17 10:11:06
10:11:09,10:11:09,37.2,-0.05,4,14880,卖盘,2017-07-17,2017-07-17 10:11:09
10:11:12,10:11:12,37.2,--,93,345960,卖盘,2017-07-17,2017-07-17 10:11:12
10:11:15,10:11:15,37.25,0.05,95,353875,买盘,2017-07-17,2017-07-17 10:11:15
10:11:18,10:11:18,37.2,-0.05,1,3720,中性盘,2017-07-17,2017-07-17 10:11:18
10:11:21,10:11:21,37.2,--,4,14880,中性盘,2017-07-17,2017-07-17 10:11:21
10:11:24,10:11:24,37.2,--,3,11160,买盘,2017-07-17,2017-07-17 10:11:24
10:11:27,10:11:27,37.21,0.01,13,48373,中性盘,2017-07-17,2017-07-17 10:11:27
10:11:33,10:11:33,37.2,-0.01,14,52080,买盘,2017-07-17,2017-07-17 10:11:33
10:11:36,10:11:36,37.18,-0.02,2,7436,卖盘,2017-07-17,2017-07-17 10:11:36
10:11:39,10:11:39,37.12,-0.06,15,57498,卖盘,2017-07-17,2017-07-17 10:11:39
10:11:42,10:11:42,37.12,--,17,63103,买盘,2017-07-17,2017-07-17 10:11:42
10:11:45,10:11:45,37.1,-0.02,87,322770,卖盘,2017-07-17,2017-07-17 10:11:45
10:11:48,10:11:48,37.09,-0.01,2,7418,卖盘,2017-07-17,2017-07-17 10:11:48
10:11:51,10:11:51,37.09,--,34,126106,卖盘,2017-07-17,2017-07-17 10:11:51
10:11:54,10:11:54,37.07,-0.02,5,18535,卖盘,2017-07-17,2017-07-17 10:11:54
10:11:57,10:11:57,37.09,0.02,11,40799,中性盘,2017-07-17,2017-07-17 10:11:57
10:12:00,10:12:00,37.06,-0.03,11,40766,卖盘,2017-07-17,2017-07-17 10:12:00
10:12:03,10:12:03,37.07,0.01,2,7414,买盘,2017-07-17,2017-07-17 10:12:03
10:12:06,10:12:06,37.06,-0.01,38,140828,卖盘,2017-07-17,2017-07-17 10:12:06
10:12:09,10:12:09,37.05,-0.01,14,51869,卖盘,2017-07-17,2017-07-17 10:12:09
10:12:12,10:12:12,37.02,-0.03,10,37020,卖盘,2017-07-17,2017-07-17 10:12:12
10:12:18,10:12:18,37.0,-0.02,263,973100,卖盘,2017-07-17,2017-07-17 10:12:18
10:12:21,10:12:21,37.0,--,20,74000,卖盘,2017-07-17,2017-07-17 10:12:21
10:12:24,10:12:24,37.0,--,36,133200,卖盘,2017-07-17,2017-07-17 10:12:24
10:12:27,10:12:27,37.0,--,29,107300,卖盘,2017-07-17,2017-07-17 10:12:27
10:12:30,10:12:30,36.96,-0.04,46,172861,卖盘,2017-07-17,2017-07-17 10:12:30
10:12:36,10:12:36,36.96,--,2,7392,卖盘,2017-07-17,2017-07-17 10:12:36
10:12:39,10:12:39,36.9,-0.06,42,154980,卖盘,2017-07-17,2017-07-17 10:12:39
10:12:42,10:12:42,36.77,-0.13,50,183850,卖盘,2017-07-17,2017-07-17 10:12:42
10:12:45,10:12:45,36.96,0.19,1,3696,买盘,2017-07-17,2017-07-17 10:12:45
10:12:48,10:12:48,36.77,-0.19,5,18385,卖盘,2017-07-17,2017-07-17 10:12:48
10:12:51,10:12:51,36.75,-0.02,24,88200,卖盘,2017-07-17,2017-07-17 10:12:51
10:12:54,10:12:54,36.77,0.02,26,95602,中性盘,2017-07-17,2017-07-17 10:12:54
10:12:57,10:12:57,36.75,-0.02,7,25725,卖盘,2017-07-17,2017-07-17 10:12:57
10:13:00,10:13:00,36.7,-0.05,5,18350,卖盘,2017-07-17,2017-07-17 10:13:00
10:13:03,10:13:03,36.71,0.01,12,44052,卖盘,2017-07-17,2017-07-17 10:13:03
10:13:06,10:13:06,36.71,--,4,14684,卖盘,2017-07-17,2017-07-17 10:13:06
10:13:09,10:13:09,36.65,-0.06,25,91625,卖盘,2017-07-17,2017-07-17 10:13:09
10:13:12,10:13:12,36.65,--,1,3665,买盘,2017-07-17,2017-07-17 10:13:12
10:13:15,10:13:15,36.6,-0.05,15,54900,卖盘,2017-07-17,2017-07-17 10:13:15
10:13:18,10:13:18,36.6,--,15,54900,买盘,2017-07-17,2017-07-17 10:13:18
10:13:21,10:13:21,36.55,-0.05,31,113304,卖盘,2017-07-17,2017-07-17 10:13:21
10:13:24,10:13:24,36.59,0.04,5,18295,买盘,2017-07-17,2017-07-17 10:13:24
10:13:27,10:13:27,36.55,-0.04,13,47514,卖盘,2017-07-17,2017-07-17 10:13:27
10:13:30,10:13:30,36.55,--,27,98684,卖盘,2017-07-17,2017-07-17 10:13:30
10:13:33,10:13:33,36.54,-0.01,3,10962,卖盘,2017-07-17,2017-07-17 10:13:33
10:13:36,10:13:36,36.53,-0.01,9,32877,卖盘,2017-07-17,2017-07-17 10:13:36
10:13:39,10:13:39,36.53,--,2,7306,卖盘,2017-07-17,2017-07-17 10:13:39
10:13:42,10:13:42,36.54,0.01,22,80388,买盘,2017-07-17,2017-07-17 10:13:42
10:13:45,10:13:45,36.51,-0.03,20,73020,卖盘,2017-07-17,2017-07-17 10:13:45
10:13:48,10:13:48,36.52,0.01,2,7304,买盘,2017-07-17,2017-07-17 10:13:48
10:13:51,10:13:51,36.5,-0.02,6,21900,卖盘,2017-07-17,2017-07-17 10:13:51
10:13:54,10:13:54,36.53,0.03,15,54795,买盘,2017-07-17,2017-07-17 10:13:54
10:13:57,10:13:57,36.52,-0.01,13,47476,中性盘,2017-07-17,2017-07-17 10:13:57
10:14:00,10:14:00,36.5,-0.02,21,76650,卖盘,2017-07-17,2017-07-17 10:14:00
10:14:03,10:14:03,36.5,--,7,25550,买盘,2017-07-17,2017-07-17 10:14:03
10:14:06,10:14:06,36.5,--,21,76650,买盘,2017-07-17,2017-07-17 10:14:06
10:14:09,10:14:09,36.45,-0.05,31,112995,卖盘,2017-07-17,2017-07-17 10:14:09
10:14:12,10:14:12,36.49,0.04,6,21894,买盘,2017-07-17,2017-07-17 10:14:12
10:14:15,10:14:15,36.48,-0.01,7,25535,中性盘,2017-07-17,2017-07-17 10:14:15
10:14:18,10:14:18,36.45,-0.03,21,76545,卖盘,2017-07-17,2017-07-17 10:14:18
10:14:21,10:14:21,36.48,0.03,12,43775,买盘,2017-07-17,2017-07-17 10:14:21
10:14:24,10:14:24,36.48,--,12,43775,买盘,2017-07-17,2017-07-17 10:14:24
10:14:27,10:14:27,36.48,--,1,3647,买盘,2017-07-17,2017-07-17 10:14:27
10:14:30,10:14:30,36.48,--,10,36480,买盘,2017-07-17,2017-07-17 10:14:30
10:14:33,10:14:33,36.48,--,16,58367,买盘,2017-07-17,2017-07-17 10:14:33
10:14:36,10:14:36,36.45,-0.03,18,65610,卖盘,2017-07-17,2017-07-17 10:14:36
10:14:39,10:14:39,36.45,--,26,94770,卖盘,2017-07-17,2017-07-17 10:14:39
10:14:42,10:14:42,36.45,--,27,98415,买盘,2017-07-17,2017-07-17 10:14:42
10:14:45,10:14:45,36.44,-0.01,11,40084,卖盘,2017-07-17,2017-07-17 10:14:45
10:14:48,10:14:48,36.44,--,4,14576,卖盘,2017-07-17,2017-07-17 10:14:48
10:14:51,10:14:51,36.43,-0.01,2,7286,卖盘,2017-07-17,2017-07-17 10:14:51
10:14:54,10:14:54,36.44,0.01,4,14576,买盘,2017-07-17,2017-07-17 10:14:54
10:14:57,10:14:57,36.43,-0.01,9,32787,卖盘,2017-07-17,2017-07-17 10:14:57
10:15:00,10:15:00,36.43,--,1,3643,中性盘,2017-07-17,2017-07-17 10:15:00
10:15:06,10:15:06,36.43,--,8,29144,买盘,2017-07-17,2017-07-17 10:15:06
10:15:09,10:15:09,36.44,0.01,28,102032,买盘,2017-07-17,2017-07-17 10:15:09
10:15:12,10:15:12,36.44,--,9,32796,买盘,2017-07-17,2017-07-17 10:15:12
10:15:15,10:15:15,36.44,--,13,47372,买盘,2017-07-17,2017-07-17 10:15:15
10:15:18,10:15:18,36.44,--,28,102032,买盘,2017-07-17,2017-07-17 10:15:18
10:15:21,10:15:21,36.45,0.01,36,131220,买盘,2017-07-17,2017-07-17 10:15:21
10:15:24,10:15:24,36.44,-0.01,3,10932,卖盘,2017-07-17,2017-07-17 10:15:24
10:15:27,10:15:27,36.45,0.01,49,178605,买盘,2017-07-17,2017-07-17 10:15:27
10:15:30,10:15:30,36.45,--,255,929475,买盘,2017-07-17,2017-07-17 10:15:30
10:15:36,10:15:36,36.46,0.01,44,160424,买盘,2017-07-17,2017-07-17 10:15:36
10:15:39,10:15:39,36.47,0.01,7,25529,买盘,2017-07-17,2017-07-17 10:15:39
10:15:42,10:15:42,36.48,0.01,24,87551,买盘,2017-07-17,2017-07-17 10:15:42
10:15:45,10:15:45,36.48,--,103,375743,买盘,2017-07-17,2017-07-17 10:15:45
10:15:48,10:15:48,36.49,0.01,5,18245,买盘,2017-07-17,2017-07-17 10:15:48
10:15:51,10:15:51,36.49,--,67,244483,买盘,2017-07-17,2017-07-17 10:15:51
10:15:54,10:15:54,36.5,0.01,2,7300,买盘,2017-07-17,2017-07-17 10:15:54
10:15:57,10:15:57,36.49,-0.01,9,32841,卖盘,2017-07-17,2017-07-17 10:15:57
10:16:00,10:16:00,36.52,0.03,14,51128,买盘,2017-07-17,2017-07-17 10:16:00
10:16:03,10:16:03,36.53,0.01,35,127855,买盘,2017-07-17,2017-07-17 10:16:03
10:16:06,10:16:06,36.53,--,30,109590,买盘,2017-07-17,2017-07-17 10:16:06
10:16:09,10:16:09,36.53,--,61,222833,买盘,2017-07-17,2017-07-17 10:16:09
10:16:12,10:16:12,36.53,--,28,102284,买盘,2017-07-17,2017-07-17 10:16:12
10:16:15,10:16:15,36.53,--,27,98631,买盘,2017-07-17,2017-07-17 10:16:15
10:16:18,10:16:18,36.53,--,46,168038,买盘,2017-07-17,2017-07-17 10:16:18
10:16:21,10:16:21,36.53,--,20,73060,卖盘,2017-07-17,2017-07-17 10:16:21
10:16:24,10:16:24,36.55,0.02,23,84065,买盘,2017-07-17,2017-07-17 10:16:24
10:16:30,10:16:30,36.54,-0.01,20,73080,卖盘,2017-07-17,2017-07-17 10:16:30
10:16:33,10:16:33,36.55,0.01,68,248539,买盘,2017-07-17,2017-07-17 10:16:33
10:16:36,10:16:36,36.55,--,51,186405,买盘,2017-07-17,2017-07-17 10:16:36
10:16:39,10:16:39,36.55,--,36,131580,买盘,2017-07-17,2017-07-17 10:16:39
10:16:42,10:16:42,36.55,--,20,73100,卖盘,2017-07-17,2017-07-17 10:16:42
10:16:45,10:16:45,36.6,0.05,21,76860,买盘,2017-07-17,2017-07-17 10:16:45
10:16:48,10:16:48,36.56,-0.04,20,73120,卖盘,2017-07-17,2017-07-17 10:16:48
10:16:51,10:16:51,36.59,0.03,21,76839,卖盘,2017-07-17,2017-07-17 10:16:51
10:16:54,10:16:54,36.6,0.01,3,10980,买盘,2017-07-17,2017-07-17 10:16:54
10:16:57,10:16:57,36.61,0.01,42,153762,中性盘,2017-07-17,2017-07-17 10:16:57
10:17:00,10:17:00,36.65,0.04,75,274875,买盘,2017-07-17,2017-07-17 10:17:00
10:17:06,10:17:06,36.68,0.03,22,80696,买盘,2017-07-17,2017-07-17 10:17:06
10:17:09,10:17:09,36.7,0.02,12,44040,买盘,2017-07-17,2017-07-17 10:17:09
10:17:12,10:17:12,36.7,--,33,121110,买盘,2017-07-17,2017-07-17 10:17:12
10:17:15,10:17:15,36.7,--,24,88080,买盘,2017-07-17,2017-07-17 10:17:15
10:17:18,10:17:18,36.7,--,80,293600,买盘,2017-07-17,2017-07-17 10:17:18
10:17:21,10:17:21,36.7,--,30,110100,卖盘,2017-07-17,2017-07-17 10:17:21
10:17:24,10:17:24,36.71,0.01,9,33039,买盘,2017-07-17,2017-07-17 10:17:24
10:17:27,10:17:27,36.71,--,27,99117,卖盘,2017-07-17,2017-07-17 10:17:27
10:17:30,10:17:30,36.74,0.03,1,3674,买盘,2017-07-17,2017-07-17 10:17:30
10:17:33,10:17:33,36.74,--,7,25718,买盘,2017-07-17,2017-07-17 10:17:33
10:17:39,10:17:39,36.75,0.01,34,124950,买盘,2017-07-17,2017-07-17 10:17:39
10:17:42,10:17:42,36.75,--,4,14700,卖盘,2017-07-17,2017-07-17 10:17:42
10:17:45,10:17:45,36.77,0.02,27,99279,买盘,2017-07-17,2017-07-17 10:17:45
10:17:48,10:17:48,36.77,--,10,36770,买盘,2017-07-17,2017-07-17 10:17:48
10:17:51,10:17:51,36.78,0.01,15,55170,买盘,2017-07-17,2017-07-17 10:17:51
10:18:00,10:18:00,36.8,0.02,3,11040,买盘,2017-07-17,2017-07-17 10:18:00
10:18:06,10:18:06,36.85,0.05,11,40535,买盘,2017-07-17,2017-07-17 10:18:06
10:18:09,10:18:09,36.85,--,21,77385,买盘,2017-07-17,2017-07-17 10:18:09
10:18:12,10:18:12,36.9,0.05,9,33210,买盘,2017-07-17,2017-07-17 10:18:12
10:18:18,10:18:18,36.96,0.06,26,96096,买盘,2017-07-17,2017-07-17 10:18:18
10:18:21,10:18:21,36.85,-0.11,84,309540,卖盘,2017-07-17,2017-07-17 10:18:21
10:18:24,10:18:24,36.96,0.11,5,18480,买盘,2017-07-17,2017-07-17 10:18:24
10:18:27,10:18:27,36.94,-0.02,27,99738,中性盘,2017-07-17,2017-07-17 10:18:27
10:18:30,10:18:30,36.92,-0.02,10,36920,中性盘,2017-07-17,2017-07-17 10:18:30
10:18:33,10:18:33,36.92,--,13,47996,买盘,2017-07-17,2017-07-17 10:18:33
10:18:36,10:18:36,36.92,--,36,132912,买盘,2017-07-17,2017-07-17 10:18:36
10:18:39,10:18:39,36.9,-0.02,26,95940,卖盘,2017-07-17,2017-07-17 10:18:39
10:18:42,10:18:42,36.92,0.02,150,553800,买盘,2017-07-17,2017-07-17 10:18:42
10:18:45,10:18:45,36.96,0.04,4,14784,买盘,2017-07-17,2017-07-17 10:18:45
10:18:48,10:18:48,36.92,-0.04,4,14768,卖盘,2017-07-17,2017-07-17 10:18:48
10:18:51,10:18:51,36.92,--,4,14768,卖盘,2017-07-17,2017-07-17 10:18:51
10:18:54,10:18:54,36.95,0.03,8,29560,中性盘,2017-07-17,2017-07-17 10:18:54
10:18:57,10:18:57,36.98,0.03,10,36980,买盘,2017-07-17,2017-07-17 10:18:57
10:19:00,10:19:00,36.98,--,10,36980,卖盘,2017-07-17,2017-07-17 10:19:00
10:19:03,10:19:03,36.99,0.01,6,22194,买盘,2017-07-17,2017-07-17 10:19:03
10:19:06,10:19:06,36.99,--,3,11097,买盘,2017-07-17,2017-07-17 10:19:06
10:19:09,10:19:09,36.99,--,12,44388,买盘,2017-07-17,2017-07-17 10:19:09
10:19:12,10:19:12,36.99,--,6,22194,卖盘,2017-07-17,2017-07-17 10:19:12
10:19:18,10:19:18,37.0,0.01,76,281200,买盘,2017-07-17,2017-07-17 10:19:18
10:19:21,10:19:21,37.0,--,31,114700,买盘,2017-07-17,2017-07-17 10:19:21
10:19:24,10:19:24,37.01,0.01,9,34160,买盘,2017-07-17,2017-07-17 10:19:24
10:19:27,10:19:27,37.01,--,10,37010,卖盘,2017-07-17,2017-07-17 10:19:27
10:19:30,10:19:30,37.0,-0.01,63,235949,卖盘,2017-07-17,2017-07-17 10:19:30
10:19:33,10:19:33,37.0,--,28,103600,买盘,2017-07-17,2017-07-17 10:19:33
10:19:36,10:19:36,37.05,0.05,34,125969,买盘,2017-07-17,2017-07-17 10:19:36
10:19:39,10:19:39,37.01,-0.04,7,25907,卖盘,2017-07-17,2017-07-17 10:19:39
10:19:45,10:19:45,37.01,--,44,162844,买盘,2017-07-17,2017-07-17 10:19:45
10:19:48,10:19:48,37.05,0.04,1,3704,买盘,2017-07-17,2017-07-17 10:19:48
10:19:51,10:19:51,37.02,-0.03,10,37020,卖盘,2017-07-17,2017-07-17 10:19:51
10:19:54,10:19:54,37.05,0.03,8,29639,买盘,2017-07-17,2017-07-17 10:19:54
10:19:57,10:19:57,37.05,--,8,31121,买盘,2017-07-17,2017-07-17 10:19:57
10:20:00,10:20:00,37.02,-0.03,33,124387,卖盘,2017-07-17,2017-07-17 10:20:00
10:20:03,10:20:03,37.02,--,4,14808,卖盘,2017-07-17,2017-07-17 10:20:03
10:20:06,10:20:06,37.02,--,11,40722,卖盘,2017-07-17,2017-07-17 10:20:06
10:20:09,10:20:09,37.05,0.03,14,51869,买盘,2017-07-17,2017-07-17 10:20:09
10:20:12,10:20:12,37.02,-0.03,25,92550,卖盘,2017-07-17,2017-07-17 10:20:12
10:20:15,10:20:15,37.05,0.03,43,159315,买盘,2017-07-17,2017-07-17 10:20:15
10:20:18,10:20:18,37.02,-0.03,10,37020,买盘,2017-07-17,2017-07-17 10:20:18
10:20:21,10:20:21,37.01,-0.01,47,173947,卖盘,2017-07-17,2017-07-17 10:20:21
10:20:27,10:20:27,37.01,--,1,3701,卖盘,2017-07-17,2017-07-17 10:20:27
10:20:30,10:20:30,37.02,0.01,30,111060,买盘,2017-07-17,2017-07-17 10:20:30
10:20:33,10:20:33,37.01,-0.01,160,592160,卖盘,2017-07-17,2017-07-17 10:20:33
10:20:36,10:20:36,37.05,0.04,63,233414,买盘,2017-07-17,2017-07-17 10:20:36
10:20:39,10:20:39,37.05,--,2,7409,买盘,2017-07-17,2017-07-17 10:20:39
10:20:42,10:20:42,37.0,-0.05,16,59200,卖盘,2017-07-17,2017-07-17 10:20:42
10:20:48,10:20:48,37.0,--,3,11100,卖盘,2017-07-17,2017-07-17 10:20:48
10:20:54,10:20:54,37.0,--,24,88800,卖盘,2017-07-17,2017-07-17 10:20:54
10:20:57,10:20:57,37.02,0.02,39,144378,买盘,2017-07-17,2017-07-17 10:20:57
10:21:00,10:21:00,37.0,-0.02,25,92500,买盘,2017-07-17,2017-07-17 10:21:00
10:21:03,10:21:03,37.02,0.02,45,166590,买盘,2017-07-17,2017-07-17 10:21:03
10:21:06,10:21:06,37.01,-0.01,8,29608,卖盘,2017-07-17,2017-07-17 10:21:06
10:21:09,10:21:09,36.96,-0.05,2,7392,卖盘,2017-07-17,2017-07-17 10:21:09
10:21:12,10:21:12,36.96,--,5,18480,卖盘,2017-07-17,2017-07-17 10:21:12
10:21:18,10:21:18,36.96,--,3,11088,买盘,2017-07-17,2017-07-17 10:21:18
10:21:21,10:21:21,36.96,--,6,22176,买盘,2017-07-17,2017-07-17 10:21:21
10:21:24,10:21:24,36.9,-0.06,1,3690,卖盘,2017-07-17,2017-07-17 10:21:24
10:21:30,10:21:30,36.9,--,9,33210,卖盘,2017-07-17,2017-07-17 10:21:30
10:21:33,10:21:33,36.8,-0.1,39,143520,卖盘,2017-07-17,2017-07-17 10:21:33
10:21:39,10:21:39,36.8,--,5,18400,卖盘,2017-07-17,2017-07-17 10:21:39
10:21:42,10:21:42,36.9,0.1,6,22140,买盘,2017-07-17,2017-07-17 10:21:42
10:21:45,10:21:45,36.84,-0.06,26,97257,中性盘,2017-07-17,2017-07-17 10:21:45
10:21:48,10:21:48,36.84,--,4,14736,卖盘,2017-07-17,2017-07-17 10:21:48
10:21:51,10:21:51,36.84,--,2,7368,卖盘,2017-07-17,2017-07-17 10:21:51
10:21:54,10:21:54,36.84,--,13,47892,卖盘,2017-07-17,2017-07-17 10:21:54
10:21:57,10:21:57,36.8,-0.04,30,110399,卖盘,2017-07-17,2017-07-17 10:21:57
10:22:03,10:22:03,36.81,0.01,1,3681,中性盘,2017-07-17,2017-07-17 10:22:03
10:22:06,10:22:06,36.8,-0.01,12,44160,卖盘,2017-07-17,2017-07-17 10:22:06
10:22:09,10:22:09,36.84,0.04,9,33156,买盘,2017-07-17,2017-07-17 10:22:09
10:22:12,10:22:12,36.82,-0.02,11,40502,卖盘,2017-07-17,2017-07-17 10:22:12
10:22:15,10:22:15,36.82,--,1,3682,卖盘,2017-07-17,2017-07-17 10:22:15
10:22:18,10:22:18,36.84,0.02,23,86942,买盘,2017-07-17,2017-07-17 10:22:18
10:22:21,10:22:21,36.84,--,1,3684,买盘,2017-07-17,2017-07-17 10:22:21
10:22:24,10:22:24,36.82,-0.02,2,7364,买盘,2017-07-17,2017-07-17 10:22:24
10:22:27,10:22:27,36.84,0.02,9,33156,买盘,2017-07-17,2017-07-17 10:22:27
10:22:30,10:22:30,36.84,--,2,7368,买盘,2017-07-17,2017-07-17 10:22:30
10:22:33,10:22:33,36.78,-0.06,47,172866,卖盘,2017-07-17,2017-07-17 10:22:33
10:22:42,10:22:42,36.77,-0.01,19,69863,卖盘,2017-07-17,2017-07-17 10:22:42
10:22:45,10:22:45,36.77,--,2,7354,买盘,2017-07-17,2017-07-17 10:22:45
10:22:54,10:22:54,36.77,--,10,36770,买盘,2017-07-17,2017-07-17 10:22:54
10:23:09,10:23:09,36.76,-0.01,5,18380,中性盘,2017-07-17,2017-07-17 10:23:09
10:23:12,10:23:12,36.75,-0.01,13,47775,卖盘,2017-07-17,2017-07-17 10:23:12
10:23:15,10:23:15,36.75,--,11,40425,买盘,2017-07-17,2017-07-17 10:23:15
10:23:18,10:23:18,36.75,--,6,22050,买盘,2017-07-17,2017-07-17 10:23:18
10:23:21,10:23:21,36.74,-0.01,12,44088,卖盘,2017-07-17,2017-07-17 10:23:21
10:23:24,10:23:24,36.71,-0.03,42,154182,卖盘,2017-07-17,2017-07-17 10:23:24
10:23:30,10:23:30,36.71,--,16,58736,买盘,2017-07-17,2017-07-17 10:23:30
10:23:33,10:23:33,36.71,--,51,187221,买盘,2017-07-17,2017-07-17 10:23:33
10:23:36,10:23:36,36.71,--,13,47723,买盘,2017-07-17,2017-07-17 10:23:36
10:23:39,10:23:39,36.7,-0.01,4,14680,中性盘,2017-07-17,2017-07-17 10:23:39
10:23:42,10:23:42,36.68,-0.02,4,14672,卖盘,2017-07-17,2017-07-17 10:23:42
10:23:45,10:23:45,36.68,--,9,33012,卖盘,2017-07-17,2017-07-17 10:23:45
10:23:51,10:23:51,36.68,--,3,11004,卖盘,2017-07-17,2017-07-17 10:23:51
10:23:54,10:23:54,36.69,0.01,5,18345,中性盘,2017-07-17,2017-07-17 10:23:54
10:23:57,10:23:57,36.68,-0.01,1,3668,卖盘,2017-07-17,2017-07-17 10:23:57
10:24:00,10:24:00,36.69,0.01,3,11007,中性盘,2017-07-17,2017-07-17 10:24:00
10:24:03,10:24:03,36.71,0.02,5,18355,买盘,2017-07-17,2017-07-17 10:24:03
10:24:12,10:24:12,36.69,-0.02,3,11007,卖盘,2017-07-17,2017-07-17 10:24:12
10:24:15,10:24:15,36.68,-0.01,8,29344,卖盘,2017-07-17,2017-07-17 10:24:15
10:24:18,10:24:18,36.71,0.03,6,22026,买盘,2017-07-17,2017-07-17 10:24:18
10:24:21,10:24:21,36.71,--,23,84433,买盘,2017-07-17,2017-07-17 10:24:21
10:24:24,10:24:24,36.69,-0.02,10,36690,卖盘,2017-07-17,2017-07-17 10:24:24
10:24:30,10:24:30,36.71,0.02,6,22026,买盘,2017-07-17,2017-07-17 10:24:30
10:24:33,10:24:33,36.71,--,13,49631,买盘,2017-07-17,2017-07-17 10:24:33
10:24:36,10:24:36,36.73,0.02,3,11018,买盘,2017-07-17,2017-07-17 10:24:36
10:24:39,10:24:39,36.72,-0.01,1,3672,卖盘,2017-07-17,2017-07-17 10:24:39
10:24:42,10:24:42,36.73,0.01,5,18365,买盘,2017-07-17,2017-07-17 10:24:42
10:24:45,10:24:45,36.73,--,1,3672,卖盘,2017-07-17,2017-07-17 10:24:45
10:24:48,10:24:48,36.74,0.01,57,209418,买盘,2017-07-17,2017-07-17 10:24:48
10:24:51,10:24:51,36.74,--,4,14696,买盘,2017-07-17,2017-07-17 10:24:51
10:24:54,10:24:54,36.75,0.01,6,22050,买盘,2017-07-17,2017-07-17 10:24:54
10:24:57,10:24:57,36.74,-0.01,21,77154,卖盘,2017-07-17,2017-07-17 10:24:57
10:25:00,10:25:00,36.75,0.01,28,102900,买盘,2017-07-17,2017-07-17 10:25:00
10:25:03,10:25:03,36.75,--,96,352800,买盘,2017-07-17,2017-07-17 10:25:03
10:25:12,10:25:12,36.74,-0.01,41,150634,卖盘,2017-07-17,2017-07-17 10:25:12
10:25:15,10:25:15,36.74,--,7,25718,买盘,2017-07-17,2017-07-17 10:25:15
10:25:18,10:25:18,36.74,--,8,29392,买盘,2017-07-17,2017-07-17 10:25:18
10:25:21,10:25:21,36.74,--,5,18370,买盘,2017-07-17,2017-07-17 10:25:21
10:25:24,10:25:24,36.73,-0.01,22,80806,卖盘,2017-07-17,2017-07-17 10:25:24
10:25:27,10:25:27,36.74,0.01,5,18370,买盘,2017-07-17,2017-07-17 10:25:27
10:25:30,10:25:30,36.75,0.01,3,11025,买盘,2017-07-17,2017-07-17 10:25:30
10:25:33,10:25:33,36.74,-0.01,3,11022,卖盘,2017-07-17,2017-07-17 10:25:33
10:25:39,10:25:39,36.74,--,33,121242,卖盘,2017-07-17,2017-07-17 10:25:39
10:25:42,10:25:42,36.75,0.01,4,14700,买盘,2017-07-17,2017-07-17 10:25:42
10:25:51,10:25:51,36.77,0.02,19,69863,买盘,2017-07-17,2017-07-17 10:25:51
10:25:57,10:25:57,36.75,-0.02,2,7350,卖盘,2017-07-17,2017-07-17 10:25:57
10:26:00,10:26:00,36.75,--,1,3675,卖盘,2017-07-17,2017-07-17 10:26:00
10:26:03,10:26:03,36.75,--,5,18375,卖盘,2017-07-17,2017-07-17 10:26:03
10:26:06,10:26:06,36.77,0.02,6,22062,买盘,2017-07-17,2017-07-17 10:26:06
10:26:09,10:26:09,36.76,-0.01,6,22056,卖盘,2017-07-17,2017-07-17 10:26:09
10:26:15,10:26:15,36.78,0.02,1,3678,买盘,2017-07-17,2017-07-17 10:26:15
10:26:21,10:26:21,36.78,--,4,14712,买盘,2017-07-17,2017-07-17 10:26:21
10:26:24,10:26:24,36.78,--,2,7356,卖盘,2017-07-17,2017-07-17 10:26:24
10:26:27,10:26:27,36.78,--,1,3678,卖盘,2017-07-17,2017-07-17 10:26:27
10:26:33,10:26:33,36.8,0.02,11,40480,买盘,2017-07-17,2017-07-17 10:26:33
10:26:36,10:26:36,36.8,--,12,44160,买盘,2017-07-17,2017-07-17 10:26:36
10:26:39,10:26:39,36.8,--,1,3679,卖盘,2017-07-17,2017-07-17 10:26:39
10:26:42,10:26:42,36.8,--,2,7359,卖盘,2017-07-17,2017-07-17 10:26:42
10:26:45,10:26:45,36.82,0.02,3,11046,买盘,2017-07-17,2017-07-17 10:26:45
10:26:51,10:26:51,36.8,-0.02,3,11040,卖盘,2017-07-17,2017-07-17 10:26:51
10:26:54,10:26:54,36.84,0.04,3,11052,买盘,2017-07-17,2017-07-17 10:26:54
10:26:57,10:26:57,36.84,--,38,141465,买盘,2017-07-17,2017-07-17 10:26:57
10:27:00,10:27:00,36.8,-0.04,30,112607,卖盘,2017-07-17,2017-07-17 10:27:00
10:27:03,10:27:03,36.82,0.02,3,11046,买盘,2017-07-17,2017-07-17 10:27:03
10:27:06,10:27:06,36.82,--,5,18410,买盘,2017-07-17,2017-07-17 10:27:06
10:27:09,10:27:09,36.82,--,8,29456,买盘,2017-07-17,2017-07-17 10:27:09
10:27:12,10:27:12,36.89,0.07,116,429399,买盘,2017-07-17,2017-07-17 10:27:12
10:27:21,10:27:21,36.9,0.01,8,29520,买盘,2017-07-17,2017-07-17 10:27:21
10:27:24,10:27:24,36.89,-0.01,4,14756,卖盘,2017-07-17,2017-07-17 10:27:24
10:27:27,10:27:27,36.92,0.03,29,107068,买盘,2017-07-17,2017-07-17 10:27:27
10:27:33,10:27:33,36.95,0.03,2,7390,买盘,2017-07-17,2017-07-17 10:27:33
10:27:36,10:27:36,36.92,-0.03,34,125528,卖盘,2017-07-17,2017-07-17 10:27:36
10:27:42,10:27:42,36.96,0.04,1,3696,买盘,2017-07-17,2017-07-17 10:27:42
10:27:48,10:27:48,36.96,--,2,7392,买盘,2017-07-17,2017-07-17 10:27:48
10:27:51,10:27:51,37.0,0.04,38,140600,买盘,2017-07-17,2017-07-17 10:27:51
10:28:00,10:28:00,37.0,--,7,25900,买盘,2017-07-17,2017-07-17 10:28:00
10:28:03,10:28:03,36.99,-0.01,7,25893,卖盘,2017-07-17,2017-07-17 10:28:03
10:28:06,10:28:06,36.99,--,13,48087,买盘,2017-07-17,2017-07-17 10:28:06
10:28:12,10:28:12,37.0,0.01,51,188700,买盘,2017-07-17,2017-07-17 10:28:12
10:28:15,10:28:15,36.99,-0.01,22,81378,中性盘,2017-07-17,2017-07-17 10:28:15
10:28:18,10:28:18,36.97,-0.02,10,36970,卖盘,2017-07-17,2017-07-17 10:28:18
10:28:27,10:28:27,37.0,0.03,20,74000,买盘,2017-07-17,2017-07-17 10:28:27
10:28:30,10:28:30,37.0,--,22,81400,买盘,2017-07-17,2017-07-17 10:28:30
10:28:33,10:28:33,36.99,-0.01,6,22194,中性盘,2017-07-17,2017-07-17 10:28:33
10:28:36,10:28:36,36.99,--,1,3699,买盘,2017-07-17,2017-07-17 10:28:36
10:28:39,10:28:39,36.99,--,1,3699,中性盘,2017-07-17,2017-07-17 10:28:39
10:28:42,10:28:42,37.0,0.01,22,81400,买盘,2017-07-17,2017-07-17 10:28:42
10:28:45,10:28:45,36.99,-0.01,1,3699,中性盘,2017-07-17,2017-07-17 10:28:45
10:28:48,10:28:48,37.0,0.01,2,7400,买盘,2017-07-17,2017-07-17 10:28:48
10:28:51,10:28:51,37.0,--,38,140600,买盘,2017-07-17,2017-07-17 10:28:51
10:28:54,10:28:54,37.0,--,13,48100,买盘,2017-07-17,2017-07-17 10:28:54
10:28:57,10:28:57,37.0,--,4,14800,买盘,2017-07-17,2017-07-17 10:28:57
10:29:00,10:29:00,37.0,--,12,44400,买盘,2017-07-17,2017-07-17 10:29:00
10:29:03,10:29:03,37.0,--,50,185000,买盘,2017-07-17,2017-07-17 10:29:03
10:29:06,10:29:06,37.0,--,11,40700,卖盘,2017-07-17,2017-07-17 10:29:06
10:29:09,10:29:09,37.01,0.01,2,7402,买盘,2017-07-17,2017-07-17 10:29:09
10:29:12,10:29:12,37.01,--,2,7402,买盘,2017-07-17,2017-07-17 10:29:12
10:29:15,10:29:15,37.01,--,4,14804,买盘,2017-07-17,2017-07-17 10:29:15
10:29:18,10:29:18,37.01,--,46,170246,买盘,2017-07-17,2017-07-17 10:29:18
10:29:24,10:29:24,37.01,--,3,11103,买盘,2017-07-17,2017-07-17 10:29:24
10:29:27,10:29:27,37.0,-0.01,26,96200,卖盘,2017-07-17,2017-07-17 10:29:27
10:29:30,10:29:30,37.01,0.01,28,103628,买盘,2017-07-17,2017-07-17 10:29:30
10:29:33,10:29:33,37.01,--,4,14804,卖盘,2017-07-17,2017-07-17 10:29:33
10:29:36,10:29:36,37.01,--,12,44412,卖盘,2017-07-17,2017-07-17 10:29:36
10:29:42,10:29:42,37.01,--,4,14804,卖盘,2017-07-17,2017-07-17 10:29:42
10:29:45,10:29:45,37.01,--,8,29608,买盘,2017-07-17,2017-07-17 10:29:45
10:29:51,10:29:51,37.01,--,11,40711,买盘,2017-07-17,2017-07-17 10:29:51
10:29:57,10:29:57,37.0,-0.01,17,62900,卖盘,2017-07-17,2017-07-17 10:29:57
10:30:00,10:30:00,37.0,--,1,3700,买盘,2017-07-17,2017-07-17 10:30:00
10:30:06,10:30:06,36.99,-0.01,7,25893,卖盘,2017-07-17,2017-07-17 10:30:06
10:30:09,10:30:09,37.0,0.01,19,70300,买盘,2017-07-17,2017-07-17 10:30:09
10:30:12,10:30:12,37.0,--,3,11100,买盘,2017-07-17,2017-07-17 10:30:12
10:30:15,10:30:15,37.0,--,5,18500,买盘,2017-07-17,2017-07-17 10:30:15
10:30:18,10:30:18,36.99,-0.01,4,14796,卖盘,2017-07-17,2017-07-17 10:30:18
10:30:21,10:30:21,36.99,--,5,18495,卖盘,2017-07-17,2017-07-17 10:30:21
10:30:24,10:30:24,36.99,--,12,44388,卖盘,2017-07-17,2017-07-17 10:30:24
10:30:27,10:30:27,36.98,-0.01,9,33282,卖盘,2017-07-17,2017-07-17 10:30:27
10:30:39,10:30:39,36.97,-0.01,4,14788,卖盘,2017-07-17,2017-07-17 10:30:39
10:30:42,10:30:42,36.96,-0.01,20,73920,卖盘,2017-07-17,2017-07-17 10:30:42
10:30:54,10:30:54,36.9,-0.06,17,62730,卖盘,2017-07-17,2017-07-17 10:30:54
10:30:57,10:30:57,36.94,0.04,5,18470,中性盘,2017-07-17,2017-07-17 10:30:57
10:31:03,10:31:03,36.93,-0.01,3,11079,中性盘,2017-07-17,2017-07-17 10:31:03
10:31:09,10:31:09,36.93,--,1,3693,卖盘,2017-07-17,2017-07-17 10:31:09
10:31:18,10:31:18,36.9,-0.03,16,59040,卖盘,2017-07-17,2017-07-17 10:31:18
10:31:24,10:31:24,36.9,--,15,55350,卖盘,2017-07-17,2017-07-17 10:31:24
10:31:33,10:31:33,36.9,--,10,36900,卖盘,2017-07-17,2017-07-17 10:31:33
10:31:42,10:31:42,36.85,-0.05,4,14740,卖盘,2017-07-17,2017-07-17 10:31:42
10:31:54,10:31:54,36.85,--,8,29480,卖盘,2017-07-17,2017-07-17 10:31:54
10:32:00,10:32:00,36.81,-0.04,6,22086,卖盘,2017-07-17,2017-07-17 10:32:00
10:32:03,10:32:03,36.84,0.03,46,169464,中性盘,2017-07-17,2017-07-17 10:32:03
10:32:06,10:32:06,36.85,0.01,35,128975,买盘,2017-07-17,2017-07-17 10:32:06
10:32:09,10:32:09,36.8,-0.05,14,51519,卖盘,2017-07-17,2017-07-17 10:32:09
10:32:12,10:32:12,36.8,--,6,22080,卖盘,2017-07-17,2017-07-17 10:32:12
10:32:15,10:32:15,36.8,--,14,51519,卖盘,2017-07-17,2017-07-17 10:32:15
10:32:18,10:32:18,36.8,--,87,320160,卖盘,2017-07-17,2017-07-17 10:32:18
10:32:21,10:32:21,36.78,-0.02,1,3678,卖盘,2017-07-17,2017-07-17 10:32:21
10:32:24,10:32:24,36.81,0.03,13,47853,买盘,2017-07-17,2017-07-17 10:32:24
10:32:33,10:32:33,36.81,--,13,47853,卖盘,2017-07-17,2017-07-17 10:32:33
10:32:36,10:32:36,36.78,-0.03,49,180222,卖盘,2017-07-17,2017-07-17 10:32:36
10:32:39,10:32:39,36.81,0.03,10,36810,买盘,2017-07-17,2017-07-17 10:32:39
10:32:54,10:32:54,36.8,-0.01,9,33120,买盘,2017-07-17,2017-07-17 10:32:54
10:32:57,10:32:57,36.81,0.01,11,40491,买盘,2017-07-17,2017-07-17 10:32:57
10:33:00,10:33:00,36.8,-0.01,1,3679,卖盘,2017-07-17,2017-07-17 10:33:00
10:33:06,10:33:06,36.8,--,8,29439,卖盘,2017-07-17,2017-07-17 10:33:06
10:33:09,10:33:09,36.8,--,6,22080,卖盘,2017-07-17,2017-07-17 10:33:09
10:33:24,10:33:24,36.78,-0.02,3,11034,中性盘,2017-07-17,2017-07-17 10:33:24
10:33:33,10:33:33,36.78,--,8,29424,中性盘,2017-07-17,2017-07-17 10:33:33
10:33:39,10:33:39,36.8,0.02,16,58879,买盘,2017-07-17,2017-07-17 10:33:39
10:33:42,10:33:42,36.78,-0.02,1,3678,卖盘,2017-07-17,2017-07-17 10:33:42
10:33:45,10:33:45,36.75,-0.03,10,36750,卖盘,2017-07-17,2017-07-17 10:33:45
10:33:48,10:33:48,36.8,0.05,6,22080,买盘,2017-07-17,2017-07-17 10:33:48
10:33:54,10:33:54,36.78,-0.02,4,14712,卖盘,2017-07-17,2017-07-17 10:33:54
10:34:00,10:34:00,36.78,--,2,7356,买盘,2017-07-17,2017-07-17 10:34:00
10:34:03,10:34:03,36.78,--,3,11034,卖盘,2017-07-17,2017-07-17 10:34:03
10:34:06,10:34:06,36.8,0.02,3,11040,买盘,2017-07-17,2017-07-17 10:34:06
10:34:09,10:34:09,36.78,-0.02,3,11034,卖盘,2017-07-17,2017-07-17 10:34:09
10:34:15,10:34:15,36.78,--,5,18390,买盘,2017-07-17,2017-07-17 10:34:15
10:34:18,10:34:18,36.8,0.02,5,18400,买盘,2017-07-17,2017-07-17 10:34:18
10:34:21,10:34:21,36.8,--,32,117759,买盘,2017-07-17,2017-07-17 10:34:21
10:34:24,10:34:24,36.78,-0.02,28,102984,卖盘,2017-07-17,2017-07-17 10:34:24
10:34:33,10:34:33,36.75,-0.03,18,66150,卖盘,2017-07-17,2017-07-17 10:34:33
10:34:39,10:34:39,36.75,--,6,22050,卖盘,2017-07-17,2017-07-17 10:34:39
10:34:42,10:34:42,36.75,--,22,80850,卖盘,2017-07-17,2017-07-17 10:34:42
10:34:51,10:34:51,36.75,--,16,58800,卖盘,2017-07-17,2017-07-17 10:34:51
10:34:54,10:34:54,36.75,--,46,169050,卖盘,2017-07-17,2017-07-17 10:34:54
10:35:06,10:35:06,36.75,--,1,3675,卖盘,2017-07-17,2017-07-17 10:35:06
10:35:09,10:35:09,36.76,0.01,4,14704,买盘,2017-07-17,2017-07-17 10:35:09
10:35:12,10:35:12,36.76,--,22,80872,买盘,2017-07-17,2017-07-17 10:35:12
10:35:21,10:35:21,36.76,--,3,11028,卖盘,2017-07-17,2017-07-17 10:35:21
10:35:24,10:35:24,36.78,0.02,2,7356,买盘,2017-07-17,2017-07-17 10:35:24
10:35:27,10:35:27,36.76,-0.02,50,183800,卖盘,2017-07-17,2017-07-17 10:35:27
10:35:30,10:35:30,36.78,0.02,3,11034,买盘,2017-07-17,2017-07-17 10:35:30
10:35:33,10:35:33,36.78,--,4,14712,买盘,2017-07-17,2017-07-17 10:35:33
10:35:36,10:35:36,36.78,--,12,44136,买盘,2017-07-17,2017-07-17 10:35:36
10:35:39,10:35:39,36.78,--,9,33102,买盘,2017-07-17,2017-07-17 10:35:39
10:35:42,10:35:42,36.78,--,8,29424,买盘,2017-07-17,2017-07-17 10:35:42
10:35:48,10:35:48,36.8,0.02,2,7359,买盘,2017-07-17,2017-07-17 10:35:48
10:35:51,10:35:51,36.8,--,1,3679,卖盘,2017-07-17,2017-07-17 10:35:51
10:35:54,10:35:54,36.79,-0.01,11,40469,卖盘,2017-07-17,2017-07-17 10:35:54
10:35:57,10:35:57,36.8,0.01,4,14719,买盘,2017-07-17,2017-07-17 10:35:57
10:36:00,10:36:00,36.8,--,6,22080,买盘,2017-07-17,2017-07-17 10:36:00
10:36:03,10:36:03,36.8,--,9,33120,卖盘,2017-07-17,2017-07-17 10:36:03
10:36:09,10:36:09,36.81,0.01,2,7362,买盘,2017-07-17,2017-07-17 10:36:09
10:36:12,10:36:12,36.81,--,2,7362,买盘,2017-07-17,2017-07-17 10:36:12
10:36:15,10:36:15,36.81,--,1,3681,买盘,2017-07-17,2017-07-17 10:36:15
10:36:18,10:36:18,36.81,--,15,55215,买盘,2017-07-17,2017-07-17 10:36:18
10:36:24,10:36:24,36.81,--,30,110430,卖盘,2017-07-17,2017-07-17 10:36:24
10:36:27,10:36:27,36.82,0.01,10,36820,买盘,2017-07-17,2017-07-17 10:36:27
10:36:30,10:36:30,36.82,--,3,11046,买盘,2017-07-17,2017-07-17 10:36:30
10:36:36,10:36:36,36.83,0.01,1,3683,买盘,2017-07-17,2017-07-17 10:36:36
10:36:42,10:36:42,36.85,0.02,3,11055,买盘,2017-07-17,2017-07-17 10:36:42
10:36:45,10:36:45,36.85,--,3,11055,买盘,2017-07-17,2017-07-17 10:36:45
10:36:57,10:36:57,36.89,0.04,26,95914,买盘,2017-07-17,2017-07-17 10:36:57
10:37:00,10:37:00,36.89,--,30,110670,买盘,2017-07-17,2017-07-17 10:37:00
10:37:06,10:37:06,36.9,0.01,9,33210,买盘,2017-07-17,2017-07-17 10:37:06
10:37:12,10:37:12,36.9,--,7,25830,买盘,2017-07-17,2017-07-17 10:37:12
10:37:24,10:37:24,36.93,0.03,2,7386,买盘,2017-07-17,2017-07-17 10:37:24
10:37:27,10:37:27,36.93,--,8,29544,买盘,2017-07-17,2017-07-17 10:37:27
10:37:33,10:37:33,36.99,0.06,59,218241,买盘,2017-07-17,2017-07-17 10:37:33
10:37:42,10:37:42,36.99,--,24,88776,卖盘,2017-07-17,2017-07-17 10:37:42
10:37:48,10:37:48,36.99,--,10,36990,卖盘,2017-07-17,2017-07-17 10:37:48
10:37:51,10:37:51,37.0,0.01,1,3700,买盘,2017-07-17,2017-07-17 10:37:51
10:37:54,10:37:54,37.0,--,17,62900,买盘,2017-07-17,2017-07-17 10:37:54
10:38:00,10:38:00,37.01,0.01,10,37010,买盘,2017-07-17,2017-07-17 10:38:00
10:38:03,10:38:03,37.0,-0.01,11,40700,卖盘,2017-07-17,2017-07-17 10:38:03
10:38:06,10:38:06,37.01,0.01,10,37010,买盘,2017-07-17,2017-07-17 10:38:06
10:38:09,10:38:09,37.0,-0.01,18,66600,卖盘,2017-07-17,2017-07-17 10:38:09
10:38:15,10:38:15,37.0,--,25,92500,买盘,2017-07-17,2017-07-17 10:38:15
10:38:18,10:38:18,37.01,0.01,3,11103,买盘,2017-07-17,2017-07-17 10:38:18
10:38:21,10:38:21,37.0,-0.01,3,11100,卖盘,2017-07-17,2017-07-17 10:38:21
10:38:24,10:38:24,36.9,-0.1,86,317340,卖盘,2017-07-17,2017-07-17 10:38:24
10:38:33,10:38:33,37.0,0.1,12,44400,买盘,2017-07-17,2017-07-17 10:38:33
10:38:57,10:38:57,36.91,-0.09,3,11072,中性盘,2017-07-17,2017-07-17 10:38:57
10:39:03,10:39:03,36.91,--,2,7381,买盘,2017-07-17,2017-07-17 10:39:03
10:39:12,10:39:12,36.91,--,1,3690,买盘,2017-07-17,2017-07-17 10:39:12
10:39:18,10:39:18,36.91,--,5,18455,买盘,2017-07-17,2017-07-17 10:39:18
10:39:21,10:39:21,36.91,--,5,18455,买盘,2017-07-17,2017-07-17 10:39:21
10:39:33,10:39:33,36.98,0.07,2,7395,中性盘,2017-07-17,2017-07-17 10:39:33
10:39:42,10:39:42,36.91,-0.07,45,166094,卖盘,2017-07-17,2017-07-17 10:39:42
10:39:48,10:39:48,36.91,--,5,18455,买盘,2017-07-17,2017-07-17 10:39:48
10:39:51,10:39:51,36.91,--,3,11072,中性盘,2017-07-17,2017-07-17 10:39:51
10:39:54,10:39:54,36.91,--,4,14763,买盘,2017-07-17,2017-07-17 10:39:54
10:40:00,10:40:00,36.91,--,6,22145,买盘,2017-07-17,2017-07-17 10:40:00
10:40:06,10:40:06,36.91,--,15,55364,买盘,2017-07-17,2017-07-17 10:40:06
10:40:09,10:40:09,36.9,-0.01,5,18450,卖盘,2017-07-17,2017-07-17 10:40:09
10:40:12,10:40:12,36.9,--,2,7380,卖盘,2017-07-17,2017-07-17 10:40:12
10:40:15,10:40:15,36.91,0.01,2,7381,买盘,2017-07-17,2017-07-17 10:40:15
10:40:18,10:40:18,36.91,--,6,22145,买盘,2017-07-17,2017-07-17 10:40:18
10:40:21,10:40:21,36.91,--,1,3690,卖盘,2017-07-17,2017-07-17 10:40:21
10:40:27,10:40:27,36.91,--,2,7381,卖盘,2017-07-17,2017-07-17 10:40:27
10:40:30,10:40:30,36.9,-0.01,66,243540,卖盘,2017-07-17,2017-07-17 10:40:30
10:40:36,10:40:36,36.9,--,2,7380,买盘,2017-07-17,2017-07-17 10:40:36
10:40:48,10:40:48,36.9,--,1,3690,买盘,2017-07-17,2017-07-17 10:40:48
10:40:51,10:40:51,36.9,--,4,14760,买盘,2017-07-17,2017-07-17 10:40:51
10:40:54,10:40:54,36.9,--,18,66420,买盘,2017-07-17,2017-07-17 10:40:54
10:40:57,10:40:57,36.9,--,10,36900,卖盘,2017-07-17,2017-07-17 10:40:57
10:41:03,10:41:03,36.95,0.05,4,14780,买盘,2017-07-17,2017-07-17 10:41:03
10:41:09,10:41:09,36.95,--,3,11085,卖盘,2017-07-17,2017-07-17 10:41:09
10:41:12,10:41:12,36.95,--,1,3695,卖盘,2017-07-17,2017-07-17 10:41:12
10:41:15,10:41:15,36.98,0.03,1,3697,买盘,2017-07-17,2017-07-17 10:41:15
10:41:21,10:41:21,36.98,--,3,11093,买盘,2017-07-17,2017-07-17 10:41:21
10:41:27,10:41:27,36.98,--,4,14791,买盘,2017-07-17,2017-07-17 10:41:27
10:41:33,10:41:33,36.95,-0.03,1,3695,卖盘,2017-07-17,2017-07-17 10:41:33
10:41:39,10:41:39,36.98,0.03,1,3697,买盘,2017-07-17,2017-07-17 10:41:39
10:41:48,10:41:48,36.98,--,5,18490,买盘,2017-07-17,2017-07-17 10:41:48
10:42:03,10:42:03,36.96,-0.02,1,3696,中性盘,2017-07-17,2017-07-17 10:42:03
10:42:06,10:42:06,36.96,--,1,3696,买盘,2017-07-17,2017-07-17 10:42:06
10:42:09,10:42:09,36.96,--,10,36960,买盘,2017-07-17,2017-07-17 10:42:09
10:42:21,10:42:21,36.96,--,12,44352,中性盘,2017-07-17,2017-07-17 10:42:21
10:42:24,10:42:24,36.96,--,1,3696,买盘,2017-07-17,2017-07-17 10:42:24
10:42:27,10:42:27,36.95,-0.01,7,25865,卖盘,2017-07-17,2017-07-17 10:42:27
10:42:36,10:42:36,36.95,--,2,7390,卖盘,2017-07-17,2017-07-17 10:42:36
10:42:39,10:42:39,36.95,--,1,3695,卖盘,2017-07-17,2017-07-17 10:42:39
10:42:45,10:42:45,36.95,--,2,7390,中性盘,2017-07-17,2017-07-17 10:42:45
10:42:48,10:42:48,36.95,--,1,3695,买盘,2017-07-17,2017-07-17 10:42:48
10:43:00,10:43:00,36.96,0.01,17,62832,买盘,2017-07-17,2017-07-17 10:43:00
10:43:03,10:43:03,36.96,--,5,18480,买盘,2017-07-17,2017-07-17 10:43:03
10:43:06,10:43:06,36.96,--,2,7392,卖盘,2017-07-17,2017-07-17 10:43:06
10:43:09,10:43:09,36.96,--,5,18480,卖盘,2017-07-17,2017-07-17 10:43:09
10:43:12,10:43:12,36.95,-0.01,1,3695,卖盘,2017-07-17,2017-07-17 10:43:12
10:43:21,10:43:21,36.95,--,3,11085,中性盘,2017-07-17,2017-07-17 10:43:21
10:43:24,10:43:24,36.95,--,1,3695,买盘,2017-07-17,2017-07-17 10:43:24
10:43:36,10:43:36,36.92,-0.03,6,22152,卖盘,2017-07-17,2017-07-17 10:43:36
10:43:39,10:43:39,36.9,-0.02,65,239850,卖盘,2017-07-17,2017-07-17 10:43:39
10:43:42,10:43:42,36.9,--,8,29520,买盘,2017-07-17,2017-07-17 10:43:42
10:43:48,10:43:48,36.9,--,27,99630,买盘,2017-07-17,2017-07-17 10:43:48
10:43:54,10:43:54,36.86,-0.04,4,14744,卖盘,2017-07-17,2017-07-17 10:43:54
10:43:57,10:43:57,36.89,0.03,2,7378,卖盘,2017-07-17,2017-07-17 10:43:57
10:44:00,10:44:00,36.9,0.01,1,3690,买盘,2017-07-17,2017-07-17 10:44:00
10:44:06,10:44:06,36.89,-0.01,24,88536,卖盘,2017-07-17,2017-07-17 10:44:06
10:44:12,10:44:12,36.89,--,1,3689,买盘,2017-07-17,2017-07-17 10:44:12
10:44:21,10:44:21,36.8,-0.09,126,463679,卖盘,2017-07-17,2017-07-17 10:44:21
10:44:33,10:44:33,36.8,--,1,3679,卖盘,2017-07-17,2017-07-17 10:44:33
10:44:39,10:44:39,36.8,--,13,47839,卖盘,2017-07-17,2017-07-17 10:44:39
10:44:42,10:44:42,36.8,--,24,88320,卖盘,2017-07-17,2017-07-17 10:44:42
10:44:45,10:44:45,36.8,--,5,18400,卖盘,2017-07-17,2017-07-17 10:44:45
10:44:48,10:44:48,36.89,0.09,3,11067,买盘,2017-07-17,2017-07-17 10:44:48
10:44:51,10:44:51,36.8,-0.09,16,58879,卖盘,2017-07-17,2017-07-17 10:44:51
10:45:00,10:45:00,36.8,--,3,11040,卖盘,2017-07-17,2017-07-17 10:45:00
10:45:03,10:45:03,36.88,0.08,1,3688,买盘,2017-07-17,2017-07-17 10:45:03
10:45:06,10:45:06,36.88,--,1,3688,卖盘,2017-07-17,2017-07-17 10:45:06
10:45:24,10:45:24,36.81,-0.07,1,3681,中性盘,2017-07-17,2017-07-17 10:45:24
10:45:30,10:45:30,36.81,--,4,14724,卖盘,2017-07-17,2017-07-17 10:45:30
10:45:36,10:45:36,36.8,-0.01,75,276000,卖盘,2017-07-17,2017-07-17 10:45:36
10:45:39,10:45:39,36.8,--,5,18400,买盘,2017-07-17,2017-07-17 10:45:39
10:45:42,10:45:42,36.8,--,7,25759,买盘,2017-07-17,2017-07-17 10:45:42
10:45:45,10:45:45,36.8,--,7,25759,买盘,2017-07-17,2017-07-17 10:45:45
10:45:48,10:45:48,36.78,-0.02,5,18390,卖盘,2017-07-17,2017-07-17 10:45:48
10:45:51,10:45:51,36.79,0.01,1,3679,买盘,2017-07-17,2017-07-17 10:45:51
10:45:54,10:45:54,36.78,-0.01,10,36780,卖盘,2017-07-17,2017-07-17 10:45:54
10:46:00,10:46:00,36.79,0.01,2,7358,买盘,2017-07-17,2017-07-17 10:46:00
10:46:03,10:46:03,36.75,-0.04,20,73500,卖盘,2017-07-17,2017-07-17 10:46:03
10:46:06,10:46:06,36.78,0.03,1,3678,中性盘,2017-07-17,2017-07-17 10:46:06
10:46:18,10:46:18,36.78,--,5,18390,卖盘,2017-07-17,2017-07-17 10:46:18
10:46:27,10:46:27,36.78,--,3,11034,买盘,2017-07-17,2017-07-17 10:46:27
10:46:30,10:46:30,36.78,--,5,18390,卖盘,2017-07-17,2017-07-17 10:46:30
10:46:39,10:46:39,36.78,--,9,33102,卖盘,2017-07-17,2017-07-17 10:46:39
10:46:42,10:46:42,36.78,--,6,22068,买盘,2017-07-17,2017-07-17 10:46:42
10:46:45,10:46:45,36.76,-0.02,3,11028,中性盘,2017-07-17,2017-07-17 10:46:45
10:46:54,10:46:54,36.76,--,1,3676,卖盘,2017-07-17,2017-07-17 10:46:54
10:46:57,10:46:57,36.8,0.04,17,62559,买盘,2017-07-17,2017-07-17 10:46:57
10:47:00,10:47:00,36.8,--,2,7359,卖盘,2017-07-17,2017-07-17 10:47:00
10:47:09,10:47:09,36.8,--,37,136160,卖盘,2017-07-17,2017-07-17 10:47:09
10:47:15,10:47:15,36.84,0.04,1,3684,买盘,2017-07-17,2017-07-17 10:47:15
10:47:18,10:47:18,36.81,-0.03,5,18405,卖盘,2017-07-17,2017-07-17 10:47:18
10:47:24,10:47:24,36.84,0.03,4,14736,买盘,2017-07-17,2017-07-17 10:47:24
10:47:45,10:47:45,36.83,-0.01,6,22098,中性盘,2017-07-17,2017-07-17 10:47:45
10:47:48,10:47:48,36.82,-0.01,1,3682,卖盘,2017-07-17,2017-07-17 10:47:48
10:47:57,10:47:57,36.81,-0.01,19,69939,卖盘,2017-07-17,2017-07-17 10:47:57
10:48:00,10:48:00,36.81,--,6,22086,买盘,2017-07-17,2017-07-17 10:48:00
10:48:03,10:48:03,36.81,--,2,7362,买盘,2017-07-17,2017-07-17 10:48:03
10:48:06,10:48:06,36.81,--,4,14724,买盘,2017-07-17,2017-07-17 10:48:06
10:48:09,10:48:09,36.81,--,2,7362,卖盘,2017-07-17,2017-07-17 10:48:09
10:48:12,10:48:12,36.81,--,1,3681,卖盘,2017-07-17,2017-07-17 10:48:12
10:48:24,10:48:24,36.81,--,4,14724,卖盘,2017-07-17,2017-07-17 10:48:24
10:48:27,10:48:27,36.81,--,4,14724,卖盘,2017-07-17,2017-07-17 10:48:27
10:48:33,10:48:33,36.82,0.01,3,11046,中性盘,2017-07-17,2017-07-17 10:48:33
10:48:36,10:48:36,36.83,0.01,1,3683,买盘,2017-07-17,2017-07-17 10:48:36
10:48:45,10:48:45,36.83,--,4,14732,买盘,2017-07-17,2017-07-17 10:48:45
10:48:51,10:48:51,36.83,--,4,14732,买盘,2017-07-17,2017-07-17 10:48:51
10:48:54,10:48:54,36.84,0.01,1,3684,买盘,2017-07-17,2017-07-17 10:48:54
10:49:00,10:49:00,36.83,-0.01,9,33147,卖盘,2017-07-17,2017-07-17 10:49:00
10:49:03,10:49:03,36.88,0.05,13,47944,买盘,2017-07-17,2017-07-17 10:49:03
10:49:15,10:49:15,36.85,-0.03,4,14740,买盘,2017-07-17,2017-07-17 10:49:15
10:49:21,10:49:21,36.88,0.03,1,3688,买盘,2017-07-17,2017-07-17 10:49:21
10:49:27,10:49:27,36.88,--,14,51632,买盘,2017-07-17,2017-07-17 10:49:27
10:49:33,10:49:33,36.88,--,2,7376,卖盘,2017-07-17,2017-07-17 10:49:33
10:49:36,10:49:36,36.88,--,8,29504,卖盘,2017-07-17,2017-07-17 10:49:36
10:49:39,10:49:39,36.88,--,1,3688,买盘,2017-07-17,2017-07-17 10:49:39
10:49:45,10:49:45,36.88,--,2,7376,买盘,2017-07-17,2017-07-17 10:49:45
10:49:48,10:49:48,36.89,0.01,15,55335,买盘,2017-07-17,2017-07-17 10:49:48
10:49:51,10:49:51,36.89,--,8,29512,卖盘,2017-07-17,2017-07-17 10:49:51
10:49:54,10:49:54,36.89,--,5,18445,卖盘,2017-07-17,2017-07-17 10:49:54
10:49:57,10:49:57,36.9,0.01,6,22140,买盘,2017-07-17,2017-07-17 10:49:57
10:50:00,10:50:00,36.89,-0.01,16,59024,卖盘,2017-07-17,2017-07-17 10:50:00
10:50:06,10:50:06,36.9,0.01,1,3690,中性盘,2017-07-17,2017-07-17 10:50:06
10:50:09,10:50:09,36.96,0.06,1,3696,买盘,2017-07-17,2017-07-17 10:50:09
10:50:12,10:50:12,36.96,--,1,3696,买盘,2017-07-17,2017-07-17 10:50:12
10:50:15,10:50:15,36.96,--,5,18480,卖盘,2017-07-17,2017-07-17 10:50:15
10:50:18,10:50:18,36.97,0.01,1,3697,买盘,2017-07-17,2017-07-17 10:50:18
10:50:27,10:50:27,36.97,--,10,36970,买盘,2017-07-17,2017-07-17 10:50:27
10:50:30,10:50:30,36.98,0.01,2,7395,买盘,2017-07-17,2017-07-17 10:50:30
10:50:33,10:50:33,36.98,--,40,147920,买盘,2017-07-17,2017-07-17 10:50:33
10:50:36,10:50:36,36.98,--,7,25885,买盘,2017-07-17,2017-07-17 10:50:36
10:50:39,10:50:39,36.99,0.01,7,25893,买盘,2017-07-17,2017-07-17 10:50:39
10:50:42,10:50:42,36.99,--,2,7398,买盘,2017-07-17,2017-07-17 10:50:42
10:50:45,10:50:45,37.0,0.01,40,148000,买盘,2017-07-17,2017-07-17 10:50:45
10:50:51,10:50:51,37.0,--,12,44400,买盘,2017-07-17,2017-07-17 10:50:51
10:50:54,10:50:54,37.0,--,62,229400,买盘,2017-07-17,2017-07-17 10:50:54
10:50:57,10:50:57,37.0,--,10,37000,买盘,2017-07-17,2017-07-17 10:50:57
10:51:00,10:51:00,37.0,--,50,185000,买盘,2017-07-17,2017-07-17 10:51:00
10:51:03,10:51:03,37.0,--,5,18500,买盘,2017-07-17,2017-07-17 10:51:03
10:51:09,10:51:09,37.01,0.01,7,25907,买盘,2017-07-17,2017-07-17 10:51:09
10:51:12,10:51:12,37.01,--,25,92525,买盘,2017-07-17,2017-07-17 10:51:12
10:51:18,10:51:18,37.02,0.01,11,40722,买盘,2017-07-17,2017-07-17 10:51:18
10:51:21,10:51:21,37.04,0.02,3,11112,买盘,2017-07-17,2017-07-17 10:51:21
10:51:27,10:51:27,37.04,--,3,11112,买盘,2017-07-17,2017-07-17 10:51:27
10:51:30,10:51:30,37.06,0.02,54,200124,买盘,2017-07-17,2017-07-17 10:51:30
10:51:33,10:51:33,37.09,0.03,27,100143,买盘,2017-07-17,2017-07-17 10:51:33
10:51:39,10:51:39,37.1,0.01,29,107590,买盘,2017-07-17,2017-07-17 10:51:39
10:51:48,10:51:48,37.12,0.02,29,107647,买盘,2017-07-17,2017-07-17 10:51:48
10:51:51,10:51:51,37.2,0.08,22,81840,买盘,2017-07-17,2017-07-17 10:51:51
10:51:57,10:51:57,37.12,-0.08,41,152192,卖盘,2017-07-17,2017-07-17 10:51:57
10:52:00,10:52:00,37.2,0.08,72,267840,买盘,2017-07-17,2017-07-17 10:52:00
10:52:03,10:52:03,37.24,0.04,72,268128,买盘,2017-07-17,2017-07-17 10:52:03
10:52:09,10:52:09,37.22,-0.02,1,3722,中性盘,2017-07-17,2017-07-17 10:52:09
10:52:15,10:52:15,37.25,0.03,10,37250,买盘,2017-07-17,2017-07-17 10:52:15
10:52:18,10:52:18,37.29,0.04,5,18645,买盘,2017-07-17,2017-07-17 10:52:18
10:52:24,10:52:24,37.29,--,22,82038,买盘,2017-07-17,2017-07-17 10:52:24
10:52:27,10:52:27,37.26,-0.03,4,14904,卖盘,2017-07-17,2017-07-17 10:52:27
10:52:30,10:52:30,37.29,0.03,55,205095,买盘,2017-07-17,2017-07-17 10:52:30
10:52:33,10:52:33,37.29,--,100,372900,买盘,2017-07-17,2017-07-17 10:52:33
10:52:36,10:52:36,37.3,0.01,7,26109,买盘,2017-07-17,2017-07-17 10:52:36
