idx_time,time,price,change,volume,amount,type,date,date_time
09:25:03,09:25:03,26.97,26.97,33,89001,买盘,2017-07-31,2017-07-31 09:25:03
09:30:00,09:30:00,26.97,--,3,8091,卖盘,2017-07-31,2017-07-31 09:30:00
09:30:03,09:30:03,26.97,--,307,827979,卖盘,2017-07-31,2017-07-31 09:30:03
09:30:06,09:30:06,26.99,0.02,38,102562,买盘,2017-07-31,2017-07-31 09:30:06
09:30:09,09:30:09,27.0,0.01,59,159300,卖盘,2017-07-31,2017-07-31 09:30:09
09:30:12,09:30:12,27.0,--,9,24300,卖盘,2017-07-31,2017-07-31 09:30:12
09:30:15,09:30:15,27.0,--,11,29700,卖盘,2017-07-31,2017-07-31 09:30:15
09:30:18,09:30:18,27.03,0.03,45,121635,买盘,2017-07-31,2017-07-31 09:30:18
09:30:21,09:30:21,27.03,--,2,5406,买盘,2017-07-31,2017-07-31 09:30:21
09:30:24,09:30:24,27.03,--,1,2703,卖盘,2017-07-31,2017-07-31 09:30:24
09:30:27,09:30:27,26.98,-0.05,5,13490,卖盘,2017-07-31,2017-07-31 09:30:27
09:30:30,09:30:30,27.04,0.06,13,35152,买盘,2017-07-31,2017-07-31 09:30:30
09:30:33,09:30:33,27.04,--,18,48672,买盘,2017-07-31,2017-07-31 09:30:33
09:30:36,09:30:36,27.04,--,31,83824,卖盘,2017-07-31,2017-07-31 09:30:36
09:30:39,09:30:39,27.05,0.01,14,37870,买盘,2017-07-31,2017-07-31 09:30:39
09:30:51,09:30:51,27.06,0.01,17,46002,卖盘,2017-07-31,2017-07-31 09:30:51
09:30:54,09:30:54,27.05,-0.01,5,13525,卖盘,2017-07-31,2017-07-31 09:30:54
09:31:06,09:31:06,27.05,--,94,254270,卖盘,2017-07-31,2017-07-31 09:31:06
09:31:09,09:31:09,27.05,--,10,27050,卖盘,2017-07-31,2017-07-31 09:31:09
09:31:12,09:31:12,27.05,--,37,100085,卖盘,2017-07-31,2017-07-31 09:31:12
09:31:15,09:31:15,27.09,0.04,9,24381,中性盘,2017-07-31,2017-07-31 09:31:15
09:31:18,09:31:18,27.09,--,5,13545,买盘,2017-07-31,2017-07-31 09:31:18
09:31:21,09:31:21,27.09,--,5,13545,买盘,2017-07-31,2017-07-31 09:31:21
09:31:24,09:31:24,27.1,0.01,52,140920,买盘,2017-07-31,2017-07-31 09:31:24
09:31:30,09:31:30,27.09,-0.01,52,140868,中性盘,2017-07-31,2017-07-31 09:31:30
09:31:33,09:31:33,27.06,-0.03,4,10824,卖盘,2017-07-31,2017-07-31 09:31:33
09:31:36,09:31:36,27.05,-0.01,6,16230,卖盘,2017-07-31,2017-07-31 09:31:36
09:31:39,09:31:39,27.09,0.04,13,35217,买盘,2017-07-31,2017-07-31 09:31:39
09:31:48,09:31:48,27.05,-0.04,12,32460,卖盘,2017-07-31,2017-07-31 09:31:48
09:31:51,09:31:51,27.08,0.03,12,32495,买盘,2017-07-31,2017-07-31 09:31:51
09:31:54,09:31:54,27.08,--,11,29787,买盘,2017-07-31,2017-07-31 09:31:54
09:31:57,09:31:57,27.08,--,10,27080,卖盘,2017-07-31,2017-07-31 09:31:57
09:32:00,09:32:00,27.09,0.01,10,27090,买盘,2017-07-31,2017-07-31 09:32:00
09:32:03,09:32:03,27.08,-0.01,4,10832,卖盘,2017-07-31,2017-07-31 09:32:03
09:32:06,09:32:06,27.09,0.01,5,13545,买盘,2017-07-31,2017-07-31 09:32:06
09:32:09,09:32:09,27.09,--,2,5418,买盘,2017-07-31,2017-07-31 09:32:09
09:32:12,09:32:12,27.09,--,9,24381,买盘,2017-07-31,2017-07-31 09:32:12
09:32:15,09:32:15,27.09,--,59,159831,买盘,2017-07-31,2017-07-31 09:32:15
09:32:18,09:32:18,27.09,--,27,73143,中性盘,2017-07-31,2017-07-31 09:32:18
09:32:21,09:32:21,27.1,0.01,12,32520,买盘,2017-07-31,2017-07-31 09:32:21
09:32:24,09:32:24,27.1,--,16,43360,买盘,2017-07-31,2017-07-31 09:32:24
09:32:27,09:32:27,27.1,--,1,2710,买盘,2017-07-31,2017-07-31 09:32:27
09:32:30,09:32:30,27.1,--,5,13550,卖盘,2017-07-31,2017-07-31 09:32:30
09:32:33,09:32:33,27.12,0.02,70,189840,买盘,2017-07-31,2017-07-31 09:32:33
09:32:36,09:32:36,27.1,-0.02,37,100270,卖盘,2017-07-31,2017-07-31 09:32:36
09:32:39,09:32:39,27.13,0.03,15,40695,买盘,2017-07-31,2017-07-31 09:32:39
09:32:42,09:32:42,27.12,-0.01,11,29832,卖盘,2017-07-31,2017-07-31 09:32:42
09:32:45,09:32:45,27.13,0.01,6,16278,买盘,2017-07-31,2017-07-31 09:32:45
09:32:48,09:32:48,27.14,0.01,8,21712,买盘,2017-07-31,2017-07-31 09:32:48
09:32:51,09:32:51,27.14,--,5,13570,买盘,2017-07-31,2017-07-31 09:32:51
09:32:54,09:32:54,27.28,0.14,157,428296,买盘,2017-07-31,2017-07-31 09:32:54
09:32:57,09:32:57,27.1,-0.18,287,777770,卖盘,2017-07-31,2017-07-31 09:32:57
09:33:00,09:33:00,27.1,--,13,35230,买盘,2017-07-31,2017-07-31 09:33:00
09:33:03,09:33:03,27.29,0.19,2,5458,买盘,2017-07-31,2017-07-31 09:33:03
09:33:06,09:33:06,27.29,--,3,8187,卖盘,2017-07-31,2017-07-31 09:33:06
09:33:12,09:33:12,27.29,--,11,30019,买盘,2017-07-31,2017-07-31 09:33:12
09:33:15,09:33:15,27.29,--,20,54580,买盘,2017-07-31,2017-07-31 09:33:15
09:33:18,09:33:18,27.28,-0.01,9,24552,中性盘,2017-07-31,2017-07-31 09:33:18
09:33:21,09:33:21,27.28,--,15,40920,买盘,2017-07-31,2017-07-31 09:33:21
09:33:24,09:33:24,27.3,0.02,43,117390,买盘,2017-07-31,2017-07-31 09:33:24
09:33:27,09:33:27,27.28,-0.02,6,16368,买盘,2017-07-31,2017-07-31 09:33:27
09:33:30,09:33:30,27.15,-0.13,53,143895,卖盘,2017-07-31,2017-07-31 09:33:30
09:33:33,09:33:33,27.26,0.11,4,10904,买盘,2017-07-31,2017-07-31 09:33:33
09:33:39,09:33:39,27.26,--,1,2726,买盘,2017-07-31,2017-07-31 09:33:39
09:33:42,09:33:42,27.26,--,5,13630,买盘,2017-07-31,2017-07-31 09:33:42
09:33:45,09:33:45,27.26,--,2,5452,卖盘,2017-07-31,2017-07-31 09:33:45
09:33:48,09:33:48,27.26,--,3,8178,卖盘,2017-07-31,2017-07-31 09:33:48
09:33:51,09:33:51,27.26,--,47,128122,卖盘,2017-07-31,2017-07-31 09:33:51
09:33:54,09:33:54,27.26,--,22,59972,卖盘,2017-07-31,2017-07-31 09:33:54
09:33:57,09:33:57,27.26,--,6,16356,买盘,2017-07-31,2017-07-31 09:33:57
09:34:00,09:34:00,27.17,-0.09,3,8151,卖盘,2017-07-31,2017-07-31 09:34:00
09:34:03,09:34:03,27.26,0.09,5,13630,买盘,2017-07-31,2017-07-31 09:34:03
09:34:06,09:34:06,27.26,--,17,46342,买盘,2017-07-31,2017-07-31 09:34:06
09:34:12,09:34:12,27.26,--,3,8178,买盘,2017-07-31,2017-07-31 09:34:12
09:34:18,09:34:18,27.26,--,57,155382,买盘,2017-07-31,2017-07-31 09:34:18
09:34:21,09:34:21,27.17,-0.09,302,820534,卖盘,2017-07-31,2017-07-31 09:34:21
09:34:24,09:34:24,27.24,0.07,1,2724,买盘,2017-07-31,2017-07-31 09:34:24
09:34:27,09:34:27,27.24,--,1,2724,买盘,2017-07-31,2017-07-31 09:34:27
09:34:30,09:34:30,27.2,-0.04,5,13600,卖盘,2017-07-31,2017-07-31 09:34:30
09:34:36,09:34:36,27.18,-0.02,10,27180,卖盘,2017-07-31,2017-07-31 09:34:36
09:34:39,09:34:39,27.24,0.06,23,62652,买盘,2017-07-31,2017-07-31 09:34:39
09:34:48,09:34:48,27.17,-0.07,10,27170,卖盘,2017-07-31,2017-07-31 09:34:48
09:34:54,09:34:54,27.2,0.03,17,46240,买盘,2017-07-31,2017-07-31 09:34:54
09:34:57,09:34:57,27.16,-0.04,20,54320,卖盘,2017-07-31,2017-07-31 09:34:57
09:35:00,09:35:00,27.16,--,108,293328,卖盘,2017-07-31,2017-07-31 09:35:00
09:35:06,09:35:06,27.18,0.02,10,27180,中性盘,2017-07-31,2017-07-31 09:35:06
09:35:12,09:35:12,27.23,0.05,3,8169,中性盘,2017-07-31,2017-07-31 09:35:12
09:35:21,09:35:21,27.22,-0.01,1,2722,中性盘,2017-07-31,2017-07-31 09:35:21
09:35:24,09:35:24,27.15,-0.07,200,543000,卖盘,2017-07-31,2017-07-31 09:35:24
09:35:30,09:35:30,27.22,0.07,5,13610,买盘,2017-07-31,2017-07-31 09:35:30
09:35:36,09:35:36,27.22,--,20,54440,买盘,2017-07-31,2017-07-31 09:35:36
09:35:39,09:35:39,27.22,--,20,54440,卖盘,2017-07-31,2017-07-31 09:35:39
09:35:42,09:35:42,27.22,--,5,13610,卖盘,2017-07-31,2017-07-31 09:35:42
09:35:45,09:35:45,27.24,0.02,13,35412,买盘,2017-07-31,2017-07-31 09:35:45
09:35:54,09:35:54,27.22,-0.02,209,568898,卖盘,2017-07-31,2017-07-31 09:35:54
09:36:00,09:36:00,27.2,-0.02,126,342720,卖盘,2017-07-31,2017-07-31 09:36:00
09:36:03,09:36:03,27.2,--,13,35360,买盘,2017-07-31,2017-07-31 09:36:03
09:36:09,09:36:09,27.2,--,64,174080,买盘,2017-07-31,2017-07-31 09:36:09
09:36:12,09:36:12,27.2,--,5,13600,买盘,2017-07-31,2017-07-31 09:36:12
09:36:15,09:36:15,27.16,-0.04,30,81480,卖盘,2017-07-31,2017-07-31 09:36:15
09:36:27,09:36:27,27.15,-0.01,60,162900,卖盘,2017-07-31,2017-07-31 09:36:27
09:36:30,09:36:30,27.2,0.05,7,19040,买盘,2017-07-31,2017-07-31 09:36:30
09:36:33,09:36:33,27.2,--,4,10880,买盘,2017-07-31,2017-07-31 09:36:33
09:36:39,09:36:39,27.2,--,15,40800,买盘,2017-07-31,2017-07-31 09:36:39
09:36:42,09:36:42,27.2,--,34,92480,买盘,2017-07-31,2017-07-31 09:36:42
09:36:48,09:36:48,27.2,--,15,40800,买盘,2017-07-31,2017-07-31 09:36:48
09:36:57,09:36:57,27.2,--,15,40800,卖盘,2017-07-31,2017-07-31 09:36:57
09:37:03,09:37:03,27.17,-0.03,29,78793,卖盘,2017-07-31,2017-07-31 09:37:03
09:37:06,09:37:06,27.17,--,9,24453,卖盘,2017-07-31,2017-07-31 09:37:06
09:37:18,09:37:18,27.16,-0.01,15,40740,卖盘,2017-07-31,2017-07-31 09:37:18
09:37:21,09:37:21,27.16,--,11,29876,卖盘,2017-07-31,2017-07-31 09:37:21
09:37:24,09:37:24,27.16,--,10,27160,卖盘,2017-07-31,2017-07-31 09:37:24
09:37:30,09:37:30,27.16,--,1,2716,卖盘,2017-07-31,2017-07-31 09:37:30
09:37:33,09:37:33,27.16,--,21,57036,卖盘,2017-07-31,2017-07-31 09:37:33
09:37:36,09:37:36,27.17,0.01,6,16302,买盘,2017-07-31,2017-07-31 09:37:36
09:37:39,09:37:39,27.17,--,13,35321,买盘,2017-07-31,2017-07-31 09:37:39
09:37:45,09:37:45,27.17,--,3,8151,买盘,2017-07-31,2017-07-31 09:37:45
09:37:51,09:37:51,27.2,0.03,90,244800,买盘,2017-07-31,2017-07-31 09:37:51
09:37:54,09:37:54,27.18,-0.02,112,304416,卖盘,2017-07-31,2017-07-31 09:37:54
09:37:57,09:37:57,27.18,--,1,2718,卖盘,2017-07-31,2017-07-31 09:37:57
09:38:03,09:38:03,27.19,0.01,2,5438,买盘,2017-07-31,2017-07-31 09:38:03
09:38:12,09:38:12,27.19,--,5,13595,卖盘,2017-07-31,2017-07-31 09:38:12
09:38:15,09:38:15,27.2,0.01,7,19040,买盘,2017-07-31,2017-07-31 09:38:15
09:38:21,09:38:21,27.2,--,19,51680,买盘,2017-07-31,2017-07-31 09:38:21
09:38:24,09:38:24,27.2,--,2,5440,买盘,2017-07-31,2017-07-31 09:38:24
09:38:30,09:38:30,27.2,--,10,27200,卖盘,2017-07-31,2017-07-31 09:38:30
09:38:33,09:38:33,27.19,-0.01,50,135950,卖盘,2017-07-31,2017-07-31 09:38:33
09:38:39,09:38:39,27.21,0.02,16,43536,中性盘,2017-07-31,2017-07-31 09:38:39
09:38:48,09:38:48,27.2,-0.01,9,24480,买盘,2017-07-31,2017-07-31 09:38:48
09:38:51,09:38:51,27.2,--,2,5440,卖盘,2017-07-31,2017-07-31 09:38:51
09:39:00,09:39:00,27.2,--,6,16320,卖盘,2017-07-31,2017-07-31 09:39:00
09:39:03,09:39:03,27.2,--,1,2720,买盘,2017-07-31,2017-07-31 09:39:03
09:39:06,09:39:06,27.2,--,9,24480,买盘,2017-07-31,2017-07-31 09:39:06
09:39:09,09:39:09,27.2,--,5,13600,买盘,2017-07-31,2017-07-31 09:39:09
09:39:12,09:39:12,27.2,--,11,29920,买盘,2017-07-31,2017-07-31 09:39:12
09:39:15,09:39:15,27.19,-0.01,24,65256,卖盘,2017-07-31,2017-07-31 09:39:15
09:39:18,09:39:18,27.2,0.01,2,5440,买盘,2017-07-31,2017-07-31 09:39:18
09:39:24,09:39:24,27.19,-0.01,15,40785,卖盘,2017-07-31,2017-07-31 09:39:24
09:39:30,09:39:30,27.19,--,6,16314,卖盘,2017-07-31,2017-07-31 09:39:30
09:39:33,09:39:33,27.19,--,7,19033,卖盘,2017-07-31,2017-07-31 09:39:33
09:39:39,09:39:39,27.19,--,6,16314,卖盘,2017-07-31,2017-07-31 09:39:39
09:39:42,09:39:42,27.19,--,10,27190,卖盘,2017-07-31,2017-07-31 09:39:42
09:39:45,09:39:45,27.19,--,2,5438,卖盘,2017-07-31,2017-07-31 09:39:45
09:39:54,09:39:54,27.18,-0.01,26,70668,卖盘,2017-07-31,2017-07-31 09:39:54
09:39:57,09:39:57,27.18,--,62,168516,卖盘,2017-07-31,2017-07-31 09:39:57
09:40:00,09:40:00,27.18,--,10,27180,卖盘,2017-07-31,2017-07-31 09:40:00
09:40:03,09:40:03,27.19,0.01,28,76132,买盘,2017-07-31,2017-07-31 09:40:03
09:40:06,09:40:06,27.15,-0.04,385,1045275,卖盘,2017-07-31,2017-07-31 09:40:06
09:40:09,09:40:09,27.15,--,6,16290,买盘,2017-07-31,2017-07-31 09:40:09
09:40:12,09:40:12,27.14,-0.01,14,37996,卖盘,2017-07-31,2017-07-31 09:40:12
09:40:15,09:40:15,27.1,-0.04,1,2710,卖盘,2017-07-31,2017-07-31 09:40:15
09:40:18,09:40:18,27.1,--,41,111110,卖盘,2017-07-31,2017-07-31 09:40:18
09:40:21,09:40:21,27.14,0.04,5,13570,买盘,2017-07-31,2017-07-31 09:40:21
09:40:24,09:40:24,27.14,--,1,2714,卖盘,2017-07-31,2017-07-31 09:40:24
09:40:27,09:40:27,27.14,--,3,8142,卖盘,2017-07-31,2017-07-31 09:40:27
09:40:30,09:40:30,27.1,-0.04,6,16260,卖盘,2017-07-31,2017-07-31 09:40:30
09:40:36,09:40:36,27.14,0.04,20,54280,买盘,2017-07-31,2017-07-31 09:40:36
09:40:39,09:40:39,27.0,-0.14,42,113400,卖盘,2017-07-31,2017-07-31 09:40:39
09:40:42,09:40:42,26.98,-0.02,3,8094,卖盘,2017-07-31,2017-07-31 09:40:42
09:40:45,09:40:45,26.8,-0.18,14,37520,卖盘,2017-07-31,2017-07-31 09:40:45
09:41:03,09:41:03,26.8,--,12,32160,卖盘,2017-07-31,2017-07-31 09:41:03
09:41:06,09:41:06,26.93,0.13,3,8079,卖盘,2017-07-31,2017-07-31 09:41:06
09:41:15,09:41:15,26.95,0.02,2,5390,买盘,2017-07-31,2017-07-31 09:41:15
09:41:18,09:41:18,26.95,--,3,8085,买盘,2017-07-31,2017-07-31 09:41:18
09:41:21,09:41:21,26.95,--,2,5390,卖盘,2017-07-31,2017-07-31 09:41:21
09:41:30,09:41:30,26.9,-0.05,20,53800,卖盘,2017-07-31,2017-07-31 09:41:30
09:41:39,09:41:39,26.9,--,14,37660,买盘,2017-07-31,2017-07-31 09:41:39
09:41:42,09:41:42,26.95,0.05,17,45815,买盘,2017-07-31,2017-07-31 09:41:42
09:41:45,09:41:45,26.82,-0.13,4,10728,卖盘,2017-07-31,2017-07-31 09:41:45
09:41:48,09:41:48,26.82,--,6,16092,买盘,2017-07-31,2017-07-31 09:41:48
09:42:03,09:42:03,26.9,0.08,10,26900,卖盘,2017-07-31,2017-07-31 09:42:03
09:42:06,09:42:06,26.9,--,7,18830,卖盘,2017-07-31,2017-07-31 09:42:06
09:42:09,09:42:09,26.94,0.04,2,5388,买盘,2017-07-31,2017-07-31 09:42:09
09:42:15,09:42:15,26.93,-0.01,5,13465,买盘,2017-07-31,2017-07-31 09:42:15
09:42:18,09:42:18,26.94,0.01,109,293646,买盘,2017-07-31,2017-07-31 09:42:18
09:42:30,09:42:30,26.93,-0.01,4,10772,中性盘,2017-07-31,2017-07-31 09:42:30
09:42:33,09:42:33,26.94,0.01,17,45798,买盘,2017-07-31,2017-07-31 09:42:33
09:42:36,09:42:36,26.9,-0.04,37,99530,卖盘,2017-07-31,2017-07-31 09:42:36
09:42:39,09:42:39,26.9,--,6,16140,买盘,2017-07-31,2017-07-31 09:42:39
09:42:45,09:42:45,26.94,0.04,20,53880,买盘,2017-07-31,2017-07-31 09:42:45
09:42:51,09:42:51,26.81,-0.13,65,174265,卖盘,2017-07-31,2017-07-31 09:42:51
09:42:54,09:42:54,26.92,0.11,2,5384,买盘,2017-07-31,2017-07-31 09:42:54
09:43:03,09:43:03,26.9,-0.02,1,2690,买盘,2017-07-31,2017-07-31 09:43:03
09:43:12,09:43:12,26.9,--,1,2690,买盘,2017-07-31,2017-07-31 09:43:12
09:43:18,09:43:18,26.9,--,5,13450,买盘,2017-07-31,2017-07-31 09:43:18
09:43:21,09:43:21,26.85,-0.05,10,26850,卖盘,2017-07-31,2017-07-31 09:43:21
09:43:24,09:43:24,26.8,-0.05,320,857600,卖盘,2017-07-31,2017-07-31 09:43:24
09:43:27,09:43:27,26.8,--,2,5360,买盘,2017-07-31,2017-07-31 09:43:27
09:43:33,09:43:33,26.8,--,4,10720,买盘,2017-07-31,2017-07-31 09:43:33
09:43:36,09:43:36,26.79,-0.01,1,2679,中性盘,2017-07-31,2017-07-31 09:43:36
09:43:39,09:43:39,26.76,-0.03,11,29436,卖盘,2017-07-31,2017-07-31 09:43:39
09:43:42,09:43:42,26.76,--,7,18732,买盘,2017-07-31,2017-07-31 09:43:42
09:43:45,09:43:45,26.71,-0.05,9,24039,卖盘,2017-07-31,2017-07-31 09:43:45
09:43:48,09:43:48,26.76,0.05,8,21408,买盘,2017-07-31,2017-07-31 09:43:48
09:43:51,09:43:51,26.76,--,5,13380,卖盘,2017-07-31,2017-07-31 09:43:51
09:43:54,09:43:54,26.76,--,6,16056,卖盘,2017-07-31,2017-07-31 09:43:54
09:43:57,09:43:57,26.76,--,23,61548,卖盘,2017-07-31,2017-07-31 09:43:57
09:44:00,09:44:00,26.76,--,5,13380,卖盘,2017-07-31,2017-07-31 09:44:00
09:44:03,09:44:03,26.76,--,20,53520,卖盘,2017-07-31,2017-07-31 09:44:03
09:44:09,09:44:09,26.79,0.03,1,2679,买盘,2017-07-31,2017-07-31 09:44:09
09:44:12,09:44:12,26.8,0.01,158,423440,买盘,2017-07-31,2017-07-31 09:44:12
09:44:18,09:44:18,26.9,0.1,1,2690,买盘,2017-07-31,2017-07-31 09:44:18
09:44:30,09:44:30,26.9,--,1,2690,买盘,2017-07-31,2017-07-31 09:44:30
09:44:42,09:44:42,26.89,-0.01,8,21512,中性盘,2017-07-31,2017-07-31 09:44:42
09:44:51,09:44:51,26.87,-0.02,11,29557,中性盘,2017-07-31,2017-07-31 09:44:51
09:45:03,09:45:03,26.87,--,1,2687,买盘,2017-07-31,2017-07-31 09:45:03
09:45:06,09:45:06,26.88,0.01,39,104832,买盘,2017-07-31,2017-07-31 09:45:06
09:45:12,09:45:12,26.87,-0.01,2,5374,中性盘,2017-07-31,2017-07-31 09:45:12
09:45:15,09:45:15,26.87,--,1,2687,买盘,2017-07-31,2017-07-31 09:45:15
09:45:21,09:45:21,26.87,--,3,8061,买盘,2017-07-31,2017-07-31 09:45:21
09:45:24,09:45:24,26.88,0.01,15,40320,买盘,2017-07-31,2017-07-31 09:45:24
09:45:33,09:45:33,26.88,--,7,18816,卖盘,2017-07-31,2017-07-31 09:45:33
09:45:36,09:45:36,26.89,0.01,1,2689,买盘,2017-07-31,2017-07-31 09:45:36
09:45:39,09:45:39,26.89,--,8,21512,买盘,2017-07-31,2017-07-31 09:45:39
09:45:45,09:45:45,26.89,--,15,40335,买盘,2017-07-31,2017-07-31 09:45:45
09:45:48,09:45:48,26.89,--,5,13445,买盘,2017-07-31,2017-07-31 09:45:48
09:45:51,09:45:51,26.89,--,20,53780,买盘,2017-07-31,2017-07-31 09:45:51
09:46:00,09:46:00,26.89,--,76,204364,卖盘,2017-07-31,2017-07-31 09:46:00
09:46:03,09:46:03,26.88,-0.01,7,18816,卖盘,2017-07-31,2017-07-31 09:46:03
09:46:09,09:46:09,26.88,--,1,2688,卖盘,2017-07-31,2017-07-31 09:46:09
09:46:21,09:46:21,26.87,-0.01,6,16122,卖盘,2017-07-31,2017-07-31 09:46:21
09:46:24,09:46:24,26.88,0.01,3,8064,买盘,2017-07-31,2017-07-31 09:46:24
09:46:30,09:46:30,26.87,-0.01,7,18809,中性盘,2017-07-31,2017-07-31 09:46:30
09:46:33,09:46:33,26.87,--,1,2687,买盘,2017-07-31,2017-07-31 09:46:33
09:46:39,09:46:39,26.87,--,27,72549,买盘,2017-07-31,2017-07-31 09:46:39
09:46:42,09:46:42,26.88,0.01,1,2688,买盘,2017-07-31,2017-07-31 09:46:42
09:46:45,09:46:45,26.87,-0.01,8,21496,卖盘,2017-07-31,2017-07-31 09:46:45
09:46:48,09:46:48,26.83,-0.04,2,5366,卖盘,2017-07-31,2017-07-31 09:46:48
09:47:00,09:47:00,26.86,0.03,5,13430,中性盘,2017-07-31,2017-07-31 09:47:00
09:47:06,09:47:06,26.86,--,1,2686,买盘,2017-07-31,2017-07-31 09:47:06
09:47:09,09:47:09,26.83,-0.03,7,18781,卖盘,2017-07-31,2017-07-31 09:47:09
09:47:12,09:47:12,26.87,0.04,10,26870,买盘,2017-07-31,2017-07-31 09:47:12
09:47:15,09:47:15,26.87,--,11,29557,买盘,2017-07-31,2017-07-31 09:47:15
09:47:24,09:47:24,26.84,-0.03,7,18788,卖盘,2017-07-31,2017-07-31 09:47:24
09:47:27,09:47:27,26.85,0.01,3,8055,买盘,2017-07-31,2017-07-31 09:47:27
09:47:30,09:47:30,26.85,--,10,26850,买盘,2017-07-31,2017-07-31 09:47:30
09:47:33,09:47:33,26.83,-0.02,12,32195,卖盘,2017-07-31,2017-07-31 09:47:33
09:47:39,09:47:39,26.85,0.02,4,10740,买盘,2017-07-31,2017-07-31 09:47:39
09:47:51,09:47:51,26.85,--,6,16110,买盘,2017-07-31,2017-07-31 09:47:51
09:48:00,09:48:00,26.86,0.01,16,42976,买盘,2017-07-31,2017-07-31 09:48:00
09:48:03,09:48:03,26.85,-0.01,1,2685,卖盘,2017-07-31,2017-07-31 09:48:03
09:48:18,09:48:18,26.85,--,7,18795,卖盘,2017-07-31,2017-07-31 09:48:18
09:48:21,09:48:21,26.86,0.01,2,5372,买盘,2017-07-31,2017-07-31 09:48:21
09:48:24,09:48:24,26.87,0.01,1,2687,买盘,2017-07-31,2017-07-31 09:48:24
09:48:33,09:48:33,26.87,--,1,2687,买盘,2017-07-31,2017-07-31 09:48:33
09:48:39,09:48:39,26.87,--,3,8061,买盘,2017-07-31,2017-07-31 09:48:39
09:48:45,09:48:45,26.86,-0.01,7,18802,卖盘,2017-07-31,2017-07-31 09:48:45
09:48:51,09:48:51,26.86,--,3,8058,卖盘,2017-07-31,2017-07-31 09:48:51
09:48:57,09:48:57,26.87,0.01,1,2687,买盘,2017-07-31,2017-07-31 09:48:57
09:49:00,09:49:00,26.86,-0.01,1,2686,卖盘,2017-07-31,2017-07-31 09:49:00
09:49:06,09:49:06,26.86,--,1,2686,买盘,2017-07-31,2017-07-31 09:49:06
09:49:09,09:49:09,26.86,--,10,26860,买盘,2017-07-31,2017-07-31 09:49:09
09:49:12,09:49:12,26.85,-0.01,13,34905,卖盘,2017-07-31,2017-07-31 09:49:12
09:49:15,09:49:15,26.82,-0.03,161,431802,卖盘,2017-07-31,2017-07-31 09:49:15
09:49:18,09:49:18,26.86,0.04,1,2686,买盘,2017-07-31,2017-07-31 09:49:18
09:49:24,09:49:24,26.82,-0.04,5,13410,卖盘,2017-07-31,2017-07-31 09:49:24
09:49:30,09:49:30,26.86,0.04,1,2686,买盘,2017-07-31,2017-07-31 09:49:30
09:49:33,09:49:33,26.82,-0.04,30,80460,卖盘,2017-07-31,2017-07-31 09:49:33
09:49:39,09:49:39,26.85,0.03,1,2685,买盘,2017-07-31,2017-07-31 09:49:39
09:49:51,09:49:51,26.85,--,2,5370,买盘,2017-07-31,2017-07-31 09:49:51
09:49:57,09:49:57,26.85,--,1,2685,买盘,2017-07-31,2017-07-31 09:49:57
09:50:09,09:50:09,26.82,-0.03,16,42912,卖盘,2017-07-31,2017-07-31 09:50:09
09:50:12,09:50:12,26.82,--,1,2682,买盘,2017-07-31,2017-07-31 09:50:12
09:50:15,09:50:15,26.82,--,8,21456,买盘,2017-07-31,2017-07-31 09:50:15
09:50:18,09:50:18,26.82,--,2,5364,买盘,2017-07-31,2017-07-31 09:50:18
09:50:21,09:50:21,26.82,--,10,26820,买盘,2017-07-31,2017-07-31 09:50:21
09:50:24,09:50:24,26.8,-0.02,10,26800,卖盘,2017-07-31,2017-07-31 09:50:24
09:50:33,09:50:33,26.82,0.02,10,26820,买盘,2017-07-31,2017-07-31 09:50:33
09:50:36,09:50:36,26.82,--,2,5364,买盘,2017-07-31,2017-07-31 09:50:36
09:50:42,09:50:42,26.8,-0.02,1,2680,卖盘,2017-07-31,2017-07-31 09:50:42
09:50:45,09:50:45,26.8,--,1,2680,买盘,2017-07-31,2017-07-31 09:50:45
09:50:57,09:50:57,26.8,--,1,2680,买盘,2017-07-31,2017-07-31 09:50:57
09:51:00,09:51:00,26.78,-0.02,131,350818,卖盘,2017-07-31,2017-07-31 09:51:00
09:51:03,09:51:03,26.82,0.04,81,217242,买盘,2017-07-31,2017-07-31 09:51:03
09:51:09,09:51:09,26.82,--,9,24138,卖盘,2017-07-31,2017-07-31 09:51:09
09:51:15,09:51:15,26.82,--,2,5364,卖盘,2017-07-31,2017-07-31 09:51:15
09:51:18,09:51:18,26.85,0.03,1,2685,买盘,2017-07-31,2017-07-31 09:51:18
09:51:27,09:51:27,26.83,-0.02,1,2683,卖盘,2017-07-31,2017-07-31 09:51:27
09:51:39,09:51:39,26.84,0.01,1,2684,买盘,2017-07-31,2017-07-31 09:51:39
09:51:42,09:51:42,26.85,0.01,1,2685,买盘,2017-07-31,2017-07-31 09:51:42
09:51:45,09:51:45,26.84,-0.01,13,34892,卖盘,2017-07-31,2017-07-31 09:51:45
09:51:51,09:51:51,26.85,0.01,14,37590,买盘,2017-07-31,2017-07-31 09:51:51
09:51:57,09:51:57,26.84,-0.01,3,8052,卖盘,2017-07-31,2017-07-31 09:51:57
09:52:03,09:52:03,26.84,--,38,101992,卖盘,2017-07-31,2017-07-31 09:52:03
09:52:06,09:52:06,26.85,0.01,10,26850,买盘,2017-07-31,2017-07-31 09:52:06
09:52:09,09:52:09,26.85,--,1,2685,买盘,2017-07-31,2017-07-31 09:52:09
09:52:15,09:52:15,26.85,--,13,34905,买盘,2017-07-31,2017-07-31 09:52:15
09:52:21,09:52:21,26.85,--,3,8055,卖盘,2017-07-31,2017-07-31 09:52:21
09:52:24,09:52:24,26.86,0.01,1,2686,买盘,2017-07-31,2017-07-31 09:52:24
09:52:33,09:52:33,26.9,0.04,113,303970,买盘,2017-07-31,2017-07-31 09:52:33
09:52:42,09:52:42,26.9,--,100,269000,卖盘,2017-07-31,2017-07-31 09:52:42
09:52:45,09:52:45,26.9,--,5,13450,卖盘,2017-07-31,2017-07-31 09:52:45
09:52:48,09:52:48,26.9,--,9,24210,买盘,2017-07-31,2017-07-31 09:52:48
09:52:57,09:52:57,26.9,--,1,2690,买盘,2017-07-31,2017-07-31 09:52:57
09:53:00,09:53:00,26.9,--,20,53800,买盘,2017-07-31,2017-07-31 09:53:00
09:53:06,09:53:06,26.87,-0.03,1,2687,卖盘,2017-07-31,2017-07-31 09:53:06
09:53:09,09:53:09,26.87,--,1,2687,买盘,2017-07-31,2017-07-31 09:53:09
09:53:12,09:53:12,26.92,0.05,18,48456,买盘,2017-07-31,2017-07-31 09:53:12
09:53:30,09:53:30,26.95,0.03,1,2695,买盘,2017-07-31,2017-07-31 09:53:30
09:53:42,09:53:42,26.95,--,1,2695,买盘,2017-07-31,2017-07-31 09:53:42
09:53:48,09:53:48,26.95,--,33,88935,买盘,2017-07-31,2017-07-31 09:53:48
09:53:54,09:53:54,26.95,--,1,2695,买盘,2017-07-31,2017-07-31 09:53:54
09:54:03,09:54:03,26.95,--,1,2695,买盘,2017-07-31,2017-07-31 09:54:03
09:54:12,09:54:12,26.95,--,2,5390,买盘,2017-07-31,2017-07-31 09:54:12
09:54:15,09:54:15,26.95,--,8,21560,买盘,2017-07-31,2017-07-31 09:54:15
09:54:24,09:54:24,26.95,--,5,13475,买盘,2017-07-31,2017-07-31 09:54:24
09:54:27,09:54:27,26.95,--,3,8085,买盘,2017-07-31,2017-07-31 09:54:27
09:54:36,09:54:36,26.95,--,1,2695,买盘,2017-07-31,2017-07-31 09:54:36
09:54:48,09:54:48,26.94,-0.01,1,2694,中性盘,2017-07-31,2017-07-31 09:54:48
09:54:57,09:54:57,26.94,--,4,10776,买盘,2017-07-31,2017-07-31 09:54:57
09:55:00,09:55:00,26.94,--,1,2694,买盘,2017-07-31,2017-07-31 09:55:00
09:55:12,09:55:12,26.94,--,1,2694,买盘,2017-07-31,2017-07-31 09:55:12
09:55:15,09:55:15,26.94,--,9,24246,买盘,2017-07-31,2017-07-31 09:55:15
09:55:21,09:55:21,26.97,0.03,27,72819,中性盘,2017-07-31,2017-07-31 09:55:21
09:55:24,09:55:24,26.94,-0.03,7,18858,卖盘,2017-07-31,2017-07-31 09:55:24
09:55:33,09:55:33,26.98,0.04,1,2698,买盘,2017-07-31,2017-07-31 09:55:33
09:55:42,09:55:42,26.99,0.01,10,26990,买盘,2017-07-31,2017-07-31 09:55:42
09:55:48,09:55:48,27.0,0.01,5,13500,买盘,2017-07-31,2017-07-31 09:55:48
09:55:51,09:55:51,27.01,0.01,42,113442,买盘,2017-07-31,2017-07-31 09:55:51
09:55:54,09:55:54,27.01,--,1,2701,买盘,2017-07-31,2017-07-31 09:55:54
09:56:00,09:56:00,27.01,--,15,40515,买盘,2017-07-31,2017-07-31 09:56:00
09:56:06,09:56:06,27.02,0.01,1,2702,买盘,2017-07-31,2017-07-31 09:56:06
09:56:15,09:56:15,27.02,--,3,8106,买盘,2017-07-31,2017-07-31 09:56:15
09:56:18,09:56:18,27.02,--,25,67550,买盘,2017-07-31,2017-07-31 09:56:18
09:56:21,09:56:21,27.0,-0.02,5,13500,卖盘,2017-07-31,2017-07-31 09:56:21
09:56:27,09:56:27,27.0,--,1,2700,买盘,2017-07-31,2017-07-31 09:56:27
09:56:33,09:56:33,27.0,--,3,8100,买盘,2017-07-31,2017-07-31 09:56:33
09:56:36,09:56:36,26.99,-0.01,9,24291,卖盘,2017-07-31,2017-07-31 09:56:36
09:56:39,09:56:39,27.0,0.01,10,27000,买盘,2017-07-31,2017-07-31 09:56:39
09:56:42,09:56:42,27.0,--,2,5400,买盘,2017-07-31,2017-07-31 09:56:42
09:56:45,09:56:45,27.0,--,6,16200,买盘,2017-07-31,2017-07-31 09:56:45
09:56:48,09:56:48,26.99,-0.01,5,13495,卖盘,2017-07-31,2017-07-31 09:56:48
09:56:51,09:56:51,26.99,--,3,8096,卖盘,2017-07-31,2017-07-31 09:56:51
09:56:54,09:56:54,26.99,--,8,21592,卖盘,2017-07-31,2017-07-31 09:56:54
09:56:57,09:56:57,26.99,--,5,13495,卖盘,2017-07-31,2017-07-31 09:56:57
09:57:00,09:57:00,27.0,0.01,1,2700,买盘,2017-07-31,2017-07-31 09:57:00
09:57:09,09:57:09,26.99,-0.01,17,45883,卖盘,2017-07-31,2017-07-31 09:57:09
09:57:24,09:57:24,26.99,--,1,2699,买盘,2017-07-31,2017-07-31 09:57:24
09:57:30,09:57:30,26.99,--,7,18893,买盘,2017-07-31,2017-07-31 09:57:30
09:57:33,09:57:33,27.0,0.01,1,2700,买盘,2017-07-31,2017-07-31 09:57:33
09:57:45,09:57:45,27.0,--,1,2700,买盘,2017-07-31,2017-07-31 09:57:45
09:57:57,09:57:57,27.0,--,1,2700,买盘,2017-07-31,2017-07-31 09:57:57
09:58:03,09:58:03,26.99,-0.01,1,2699,中性盘,2017-07-31,2017-07-31 09:58:03
09:58:06,09:58:06,26.99,--,1,2699,买盘,2017-07-31,2017-07-31 09:58:06
09:58:15,09:58:15,26.98,-0.01,7,18886,卖盘,2017-07-31,2017-07-31 09:58:15
09:58:18,09:58:18,26.98,--,20,53960,卖盘,2017-07-31,2017-07-31 09:58:18
09:58:24,09:58:24,26.98,--,14,37772,卖盘,2017-07-31,2017-07-31 09:58:24
09:58:27,09:58:27,26.98,--,2,5396,卖盘,2017-07-31,2017-07-31 09:58:27
09:58:30,09:58:30,26.98,--,15,40470,卖盘,2017-07-31,2017-07-31 09:58:30
09:58:33,09:58:33,26.98,--,10,26980,卖盘,2017-07-31,2017-07-31 09:58:33
09:58:36,09:58:36,26.98,--,10,26980,卖盘,2017-07-31,2017-07-31 09:58:36
09:58:39,09:58:39,26.99,0.01,1,2699,买盘,2017-07-31,2017-07-31 09:58:39
09:58:42,09:58:42,26.98,-0.01,15,40470,卖盘,2017-07-31,2017-07-31 09:58:42
09:58:57,09:58:57,26.98,--,1,2698,买盘,2017-07-31,2017-07-31 09:58:57
09:59:00,09:59:00,26.94,-0.04,10,26940,卖盘,2017-07-31,2017-07-31 09:59:00
09:59:03,09:59:03,26.98,0.04,1,2698,买盘,2017-07-31,2017-07-31 09:59:03
09:59:06,09:59:06,26.94,-0.04,13,35022,卖盘,2017-07-31,2017-07-31 09:59:06
09:59:12,09:59:12,26.96,0.02,1,2696,中性盘,2017-07-31,2017-07-31 09:59:12
09:59:24,09:59:24,26.96,--,1,2696,买盘,2017-07-31,2017-07-31 09:59:24
09:59:33,09:59:33,26.94,-0.02,3,8082,卖盘,2017-07-31,2017-07-31 09:59:33
09:59:36,09:59:36,26.94,--,1,2694,买盘,2017-07-31,2017-07-31 09:59:36
09:59:42,09:59:42,26.94,--,15,40410,买盘,2017-07-31,2017-07-31 09:59:42
09:59:45,09:59:45,26.95,0.01,3,8085,卖盘,2017-07-31,2017-07-31 09:59:45
10:00:09,10:00:09,26.95,--,1,2695,买盘,2017-07-31,2017-07-31 10:00:09
10:00:18,10:00:18,26.95,--,1,2695,买盘,2017-07-31,2017-07-31 10:00:18
10:00:30,10:00:30,26.94,-0.01,1,2694,中性盘,2017-07-31,2017-07-31 10:00:30
10:00:42,10:00:42,26.95,0.01,1,2695,买盘,2017-07-31,2017-07-31 10:00:42
10:00:51,10:00:51,26.95,--,7,18865,买盘,2017-07-31,2017-07-31 10:00:51
10:00:54,10:00:54,26.95,--,3,8085,买盘,2017-07-31,2017-07-31 10:00:54
10:01:03,10:01:03,26.95,--,1,2695,买盘,2017-07-31,2017-07-31 10:01:03
10:01:15,10:01:15,26.95,--,1,2695,买盘,2017-07-31,2017-07-31 10:01:15
10:01:21,10:01:21,26.9,-0.05,12,32280,卖盘,2017-07-31,2017-07-31 10:01:21
10:01:27,10:01:27,26.9,--,1,2690,买盘,2017-07-31,2017-07-31 10:01:27
10:01:30,10:01:30,26.9,--,4,10760,买盘,2017-07-31,2017-07-31 10:01:30
10:01:36,10:01:36,26.96,0.06,8,21568,买盘,2017-07-31,2017-07-31 10:01:36
10:01:39,10:01:39,26.9,-0.06,6,16140,卖盘,2017-07-31,2017-07-31 10:01:39
10:01:45,10:01:45,26.9,--,2,5380,卖盘,2017-07-31,2017-07-31 10:01:45
10:01:48,10:01:48,26.96,0.06,1,2696,买盘,2017-07-31,2017-07-31 10:01:48
10:02:03,10:02:03,26.96,--,12,32352,买盘,2017-07-31,2017-07-31 10:02:03
10:02:09,10:02:09,26.97,0.01,1,2697,买盘,2017-07-31,2017-07-31 10:02:09
10:02:21,10:02:21,27.0,0.03,200,540000,买盘,2017-07-31,2017-07-31 10:02:21
10:02:27,10:02:27,27.0,--,1,2700,买盘,2017-07-31,2017-07-31 10:02:27
10:02:30,10:02:30,27.0,--,31,83700,买盘,2017-07-31,2017-07-31 10:02:30
10:02:33,10:02:33,27.01,0.01,1,2701,买盘,2017-07-31,2017-07-31 10:02:33
10:02:36,10:02:36,27.01,--,39,105339,买盘,2017-07-31,2017-07-31 10:02:36
10:02:42,10:02:42,27.02,0.01,1,2702,买盘,2017-07-31,2017-07-31 10:02:42
10:02:45,10:02:45,27.1,0.08,91,246610,买盘,2017-07-31,2017-07-31 10:02:45
10:02:54,10:02:54,27.12,0.02,1,2712,买盘,2017-07-31,2017-07-31 10:02:54
10:02:57,10:02:57,27.15,0.03,57,154755,买盘,2017-07-31,2017-07-31 10:02:57
10:03:00,10:03:00,27.15,--,30,81450,卖盘,2017-07-31,2017-07-31 10:03:00
10:03:03,10:03:03,27.16,0.01,50,135800,买盘,2017-07-31,2017-07-31 10:03:03
10:03:06,10:03:06,27.18,0.02,1,2718,买盘,2017-07-31,2017-07-31 10:03:06
10:03:09,10:03:09,27.2,0.02,100,272000,买盘,2017-07-31,2017-07-31 10:03:09
10:03:15,10:03:15,27.2,--,19,51680,买盘,2017-07-31,2017-07-31 10:03:15
10:03:21,10:03:21,27.2,--,10,27200,卖盘,2017-07-31,2017-07-31 10:03:21
10:03:27,10:03:27,27.22,0.02,22,59884,买盘,2017-07-31,2017-07-31 10:03:27
10:03:33,10:03:33,27.23,0.01,29,78967,买盘,2017-07-31,2017-07-31 10:03:33
10:03:36,10:03:36,27.22,-0.01,12,32664,卖盘,2017-07-31,2017-07-31 10:03:36
10:03:39,10:03:39,27.22,--,1,2722,买盘,2017-07-31,2017-07-31 10:03:39
10:03:42,10:03:42,27.2,-0.02,18,48960,卖盘,2017-07-31,2017-07-31 10:03:42
10:03:45,10:03:45,27.2,--,25,68000,卖盘,2017-07-31,2017-07-31 10:03:45
10:03:48,10:03:48,27.22,0.02,6,16332,买盘,2017-07-31,2017-07-31 10:03:48
10:03:51,10:03:51,27.2,-0.02,56,152320,卖盘,2017-07-31,2017-07-31 10:03:51
10:03:54,10:03:54,27.2,--,2,5440,卖盘,2017-07-31,2017-07-31 10:03:54
10:04:00,10:04:00,27.2,--,1,2720,买盘,2017-07-31,2017-07-31 10:04:00
10:04:03,10:04:03,27.22,0.02,20,54440,买盘,2017-07-31,2017-07-31 10:04:03
10:04:06,10:04:06,27.24,0.02,128,348672,买盘,2017-07-31,2017-07-31 10:04:06
10:04:09,10:04:09,27.25,0.01,18,49050,买盘,2017-07-31,2017-07-31 10:04:09
10:04:12,10:04:12,27.26,0.01,16,43616,买盘,2017-07-31,2017-07-31 10:04:12
10:04:18,10:04:18,27.24,-0.02,4,10896,卖盘,2017-07-31,2017-07-31 10:04:18
10:04:21,10:04:21,27.25,0.01,3,8175,买盘,2017-07-31,2017-07-31 10:04:21
10:04:24,10:04:24,27.24,-0.01,79,215196,卖盘,2017-07-31,2017-07-31 10:04:24
10:04:27,10:04:27,27.24,--,123,335052,卖盘,2017-07-31,2017-07-31 10:04:27
10:04:30,10:04:30,27.24,--,141,384084,卖盘,2017-07-31,2017-07-31 10:04:30
10:04:33,10:04:33,27.23,-0.01,35,95305,卖盘,2017-07-31,2017-07-31 10:04:33
10:04:45,10:04:45,27.23,--,1,2723,买盘,2017-07-31,2017-07-31 10:04:45
10:04:51,10:04:51,27.23,--,21,57183,买盘,2017-07-31,2017-07-31 10:04:51
10:04:54,10:04:54,27.23,--,7,19061,卖盘,2017-07-31,2017-07-31 10:04:54
10:05:00,10:05:00,27.11,-0.12,1,2711,卖盘,2017-07-31,2017-07-31 10:05:00
10:05:03,10:05:03,27.23,0.12,6,16338,买盘,2017-07-31,2017-07-31 10:05:03
10:05:06,10:05:06,27.23,--,1,2723,买盘,2017-07-31,2017-07-31 10:05:06
10:05:18,10:05:18,27.2,-0.03,9,24480,中性盘,2017-07-31,2017-07-31 10:05:18
10:05:30,10:05:30,27.2,--,1,2720,中性盘,2017-07-31,2017-07-31 10:05:30
10:05:39,10:05:39,27.19,-0.01,1,2719,中性盘,2017-07-31,2017-07-31 10:05:39
10:05:42,10:05:42,27.19,--,2,5438,买盘,2017-07-31,2017-07-31 10:05:42
10:05:48,10:05:48,27.19,--,2,5438,买盘,2017-07-31,2017-07-31 10:05:48
10:05:51,10:05:51,27.18,-0.01,1,2718,中性盘,2017-07-31,2017-07-31 10:05:51
10:05:54,10:05:54,27.18,--,6,16308,买盘,2017-07-31,2017-07-31 10:05:54
10:05:57,10:05:57,27.22,0.04,164,448776,买盘,2017-07-31,2017-07-31 10:05:57
10:06:03,10:06:03,27.22,--,28,76216,卖盘,2017-07-31,2017-07-31 10:06:03
10:06:06,10:06:06,27.22,--,5,13610,卖盘,2017-07-31,2017-07-31 10:06:06
10:06:09,10:06:09,27.22,--,29,78938,卖盘,2017-07-31,2017-07-31 10:06:09
10:06:12,10:06:12,27.25,0.03,96,261600,买盘,2017-07-31,2017-07-31 10:06:12
10:06:15,10:06:15,27.23,-0.02,9,24507,卖盘,2017-07-31,2017-07-31 10:06:15
10:06:18,10:06:18,27.22,-0.01,100,272200,卖盘,2017-07-31,2017-07-31 10:06:18
10:06:21,10:06:21,27.26,0.04,4,10904,买盘,2017-07-31,2017-07-31 10:06:21
10:06:24,10:06:24,27.23,-0.03,2,5446,卖盘,2017-07-31,2017-07-31 10:06:24
10:06:27,10:06:27,27.23,--,82,223286,卖盘,2017-07-31,2017-07-31 10:06:27
10:06:36,10:06:36,27.23,--,1,2723,买盘,2017-07-31,2017-07-31 10:06:36
10:06:39,10:06:39,27.22,-0.01,8,21776,中性盘,2017-07-31,2017-07-31 10:06:39
10:06:45,10:06:45,27.22,--,3,8166,买盘,2017-07-31,2017-07-31 10:06:45
10:06:48,10:06:48,27.23,0.01,29,78967,买盘,2017-07-31,2017-07-31 10:06:48
10:06:51,10:06:51,27.24,0.01,1,2724,买盘,2017-07-31,2017-07-31 10:06:51
10:06:54,10:06:54,27.2,-0.04,5,13600,卖盘,2017-07-31,2017-07-31 10:06:54
10:06:57,10:06:57,27.22,0.02,8,21776,买盘,2017-07-31,2017-07-31 10:06:57
10:07:00,10:07:00,27.23,0.01,5,13615,卖盘,2017-07-31,2017-07-31 10:07:00
10:07:03,10:07:03,27.23,--,3,8169,卖盘,2017-07-31,2017-07-31 10:07:03
10:07:09,10:07:09,27.24,0.01,11,29964,买盘,2017-07-31,2017-07-31 10:07:09
10:07:15,10:07:15,27.24,--,4,10896,买盘,2017-07-31,2017-07-31 10:07:15
10:07:18,10:07:18,27.25,0.01,1,2725,买盘,2017-07-31,2017-07-31 10:07:18
10:07:21,10:07:21,27.25,--,7,19075,买盘,2017-07-31,2017-07-31 10:07:21
10:07:27,10:07:27,27.25,--,4,10900,买盘,2017-07-31,2017-07-31 10:07:27
10:07:30,10:07:30,27.23,-0.02,38,103474,卖盘,2017-07-31,2017-07-31 10:07:30
10:07:33,10:07:33,27.25,0.02,10,27250,买盘,2017-07-31,2017-07-31 10:07:33
10:07:39,10:07:39,27.25,--,9,24525,买盘,2017-07-31,2017-07-31 10:07:39
10:07:42,10:07:42,27.25,--,4,10900,卖盘,2017-07-31,2017-07-31 10:07:42
10:07:45,10:07:45,27.23,-0.02,17,46291,卖盘,2017-07-31,2017-07-31 10:07:45
10:07:51,10:07:51,27.23,--,50,136150,卖盘,2017-07-31,2017-07-31 10:07:51
10:07:54,10:07:54,27.25,0.02,1,2725,中性盘,2017-07-31,2017-07-31 10:07:54
10:07:57,10:07:57,27.25,--,3,8175,买盘,2017-07-31,2017-07-31 10:07:57
10:08:00,10:08:00,27.25,--,3,8175,中性盘,2017-07-31,2017-07-31 10:08:00
10:08:03,10:08:03,27.26,0.01,1,2726,买盘,2017-07-31,2017-07-31 10:08:03
10:08:09,10:08:09,27.25,-0.01,23,62675,卖盘,2017-07-31,2017-07-31 10:08:09
10:08:12,10:08:12,27.25,--,32,87200,卖盘,2017-07-31,2017-07-31 10:08:12
10:08:15,10:08:15,27.25,--,9,24525,买盘,2017-07-31,2017-07-31 10:08:15
10:08:18,10:08:18,27.25,--,5,13625,买盘,2017-07-31,2017-07-31 10:08:18
10:08:24,10:08:24,27.25,--,3,8175,买盘,2017-07-31,2017-07-31 10:08:24
10:08:27,10:08:27,27.25,--,1,2725,买盘,2017-07-31,2017-07-31 10:08:27
10:08:30,10:08:30,27.25,--,50,136250,买盘,2017-07-31,2017-07-31 10:08:30
10:08:33,10:08:33,27.25,--,44,119900,买盘,2017-07-31,2017-07-31 10:08:33
10:08:36,10:08:36,27.25,--,14,38150,卖盘,2017-07-31,2017-07-31 10:08:36
10:08:42,10:08:42,27.23,-0.02,13,35399,卖盘,2017-07-31,2017-07-31 10:08:42
10:08:48,10:08:48,27.25,0.02,33,89925,买盘,2017-07-31,2017-07-31 10:08:48
10:08:51,10:08:51,27.23,-0.02,20,54460,卖盘,2017-07-31,2017-07-31 10:08:51
10:08:54,10:08:54,27.2,-0.03,1,2720,卖盘,2017-07-31,2017-07-31 10:08:54
10:08:57,10:08:57,27.2,--,1,2720,买盘,2017-07-31,2017-07-31 10:08:57
10:09:00,10:09:00,27.2,--,1,2720,买盘,2017-07-31,2017-07-31 10:09:00
10:09:06,10:09:06,27.2,--,53,144160,买盘,2017-07-31,2017-07-31 10:09:06
10:09:09,10:09:09,27.23,0.03,1,2723,买盘,2017-07-31,2017-07-31 10:09:09
10:09:15,10:09:15,27.2,-0.03,3,8160,卖盘,2017-07-31,2017-07-31 10:09:15
10:09:21,10:09:21,27.2,--,1,2720,买盘,2017-07-31,2017-07-31 10:09:21
10:09:24,10:09:24,27.2,--,10,27200,买盘,2017-07-31,2017-07-31 10:09:24
10:09:33,10:09:33,27.22,0.02,1,2722,买盘,2017-07-31,2017-07-31 10:09:33
10:09:36,10:09:36,27.2,-0.02,10,27200,卖盘,2017-07-31,2017-07-31 10:09:36
10:09:42,10:09:42,27.22,0.02,4,10888,买盘,2017-07-31,2017-07-31 10:09:42
10:09:45,10:09:45,27.22,--,6,16332,卖盘,2017-07-31,2017-07-31 10:09:45
10:09:54,10:09:54,27.23,0.01,2,5446,买盘,2017-07-31,2017-07-31 10:09:54
10:10:00,10:10:00,27.22,-0.01,14,38108,卖盘,2017-07-31,2017-07-31 10:10:00
10:10:03,10:10:03,27.23,0.01,5,13615,买盘,2017-07-31,2017-07-31 10:10:03
10:10:06,10:10:06,27.22,-0.01,29,78938,卖盘,2017-07-31,2017-07-31 10:10:06
10:10:09,10:10:09,27.23,0.01,121,329483,买盘,2017-07-31,2017-07-31 10:10:09
10:10:15,10:10:15,27.25,0.02,4,10900,买盘,2017-07-31,2017-07-31 10:10:15
10:10:18,10:10:18,27.23,-0.02,5,13615,卖盘,2017-07-31,2017-07-31 10:10:18
10:10:21,10:10:21,27.23,--,14,38122,卖盘,2017-07-31,2017-07-31 10:10:21
10:10:24,10:10:24,27.23,--,17,46291,卖盘,2017-07-31,2017-07-31 10:10:24
10:10:27,10:10:27,27.24,0.01,2,5448,买盘,2017-07-31,2017-07-31 10:10:27
10:10:30,10:10:30,27.23,-0.01,7,19061,卖盘,2017-07-31,2017-07-31 10:10:30
10:10:39,10:10:39,27.23,--,1,2723,买盘,2017-07-31,2017-07-31 10:10:39
10:10:48,10:10:48,27.2,-0.03,47,127840,卖盘,2017-07-31,2017-07-31 10:10:48
10:10:57,10:10:57,27.17,-0.03,15,40755,卖盘,2017-07-31,2017-07-31 10:10:57
10:11:00,10:11:00,27.2,0.03,86,233920,买盘,2017-07-31,2017-07-31 10:11:00
10:11:03,10:11:03,27.14,-0.06,1,2714,卖盘,2017-07-31,2017-07-31 10:11:03
10:11:06,10:11:06,27.13,-0.01,5,13565,买盘,2017-07-31,2017-07-31 10:11:06
10:11:18,10:11:18,27.13,--,5,13565,买盘,2017-07-31,2017-07-31 10:11:18
10:11:21,10:11:21,27.06,-0.07,16,43296,卖盘,2017-07-31,2017-07-31 10:11:21
10:11:24,10:11:24,27.13,0.07,1,2713,买盘,2017-07-31,2017-07-31 10:11:24
10:11:27,10:11:27,27.13,--,90,244170,买盘,2017-07-31,2017-07-31 10:11:27
10:11:33,10:11:33,27.14,0.01,5,13570,买盘,2017-07-31,2017-07-31 10:11:33
10:11:36,10:11:36,27.13,-0.01,17,46121,卖盘,2017-07-31,2017-07-31 10:11:36
10:11:42,10:11:42,27.14,0.01,10,27140,买盘,2017-07-31,2017-07-31 10:11:42
10:11:45,10:11:45,27.17,0.03,1,2717,买盘,2017-07-31,2017-07-31 10:11:45
10:11:51,10:11:51,27.17,--,2,5434,买盘,2017-07-31,2017-07-31 10:11:51
10:11:57,10:11:57,27.13,-0.04,201,545313,卖盘,2017-07-31,2017-07-31 10:11:57
10:12:03,10:12:03,27.13,--,1,2713,卖盘,2017-07-31,2017-07-31 10:12:03
10:12:06,10:12:06,27.16,0.03,1,2716,买盘,2017-07-31,2017-07-31 10:12:06
10:12:18,10:12:18,27.14,-0.02,6,16284,中性盘,2017-07-31,2017-07-31 10:12:18
10:12:27,10:12:27,27.14,--,11,29854,卖盘,2017-07-31,2017-07-31 10:12:27
10:12:30,10:12:30,27.14,--,18,48852,买盘,2017-07-31,2017-07-31 10:12:30
10:12:33,10:12:33,27.13,-0.01,10,27130,卖盘,2017-07-31,2017-07-31 10:12:33
10:12:36,10:12:36,27.13,--,38,103094,卖盘,2017-07-31,2017-07-31 10:12:36
10:12:39,10:12:39,27.13,--,65,176345,卖盘,2017-07-31,2017-07-31 10:12:39
10:12:42,10:12:42,27.13,--,36,97668,买盘,2017-07-31,2017-07-31 10:12:42
10:12:45,10:12:45,27.09,-0.04,4,10836,卖盘,2017-07-31,2017-07-31 10:12:45
10:12:57,10:12:57,27.07,-0.02,3,8121,卖盘,2017-07-31,2017-07-31 10:12:57
10:13:03,10:13:03,27.07,--,11,29777,卖盘,2017-07-31,2017-07-31 10:13:03
10:13:09,10:13:09,27.07,--,4,10828,买盘,2017-07-31,2017-07-31 10:13:09
10:13:12,10:13:12,27.07,--,1,2707,买盘,2017-07-31,2017-07-31 10:13:12
10:13:15,10:13:15,27.06,-0.01,6,16236,卖盘,2017-07-31,2017-07-31 10:13:15
10:13:21,10:13:21,27.01,-0.05,100,270100,卖盘,2017-07-31,2017-07-31 10:13:21
10:13:24,10:13:24,27.06,0.05,1,2706,中性盘,2017-07-31,2017-07-31 10:13:24
10:13:27,10:13:27,27.01,-0.05,109,294409,卖盘,2017-07-31,2017-07-31 10:13:27
10:13:33,10:13:33,27.0,-0.01,24,64800,卖盘,2017-07-31,2017-07-31 10:13:33
10:13:36,10:13:36,27.0,--,3,8100,买盘,2017-07-31,2017-07-31 10:13:36
10:13:39,10:13:39,27.0,--,16,43200,买盘,2017-07-31,2017-07-31 10:13:39
10:13:42,10:13:42,27.0,--,165,445500,买盘,2017-07-31,2017-07-31 10:13:42
10:13:45,10:13:45,27.12,0.12,1,2712,买盘,2017-07-31,2017-07-31 10:13:45
10:13:51,10:13:51,27.02,-0.1,7,18914,中性盘,2017-07-31,2017-07-31 10:13:51
10:13:57,10:13:57,27.02,--,2,5404,买盘,2017-07-31,2017-07-31 10:13:57
10:14:00,10:14:00,27.02,--,10,27020,买盘,2017-07-31,2017-07-31 10:14:00
10:14:06,10:14:06,27.02,--,14,37828,买盘,2017-07-31,2017-07-31 10:14:06
10:14:09,10:14:09,27.12,0.1,1,2712,买盘,2017-07-31,2017-07-31 10:14:09
10:14:30,10:14:30,27.11,-0.01,1,2711,中性盘,2017-07-31,2017-07-31 10:14:30
10:14:36,10:14:36,27.11,--,3,8133,买盘,2017-07-31,2017-07-31 10:14:36
10:14:42,10:14:42,27.11,--,1,2711,买盘,2017-07-31,2017-07-31 10:14:42
10:14:51,10:14:51,27.04,-0.07,1,2704,卖盘,2017-07-31,2017-07-31 10:14:51
10:14:54,10:14:54,27.11,0.07,1,2711,买盘,2017-07-31,2017-07-31 10:14:54
10:15:00,10:15:00,27.11,--,8,21688,买盘,2017-07-31,2017-07-31 10:15:00
10:15:03,10:15:03,27.11,--,1,2711,买盘,2017-07-31,2017-07-31 10:15:03
10:15:06,10:15:06,27.11,--,4,10844,买盘,2017-07-31,2017-07-31 10:15:06
10:15:12,10:15:12,27.08,-0.03,7,18956,卖盘,2017-07-31,2017-07-31 10:15:12
10:15:15,10:15:15,27.11,0.03,1,2711,买盘,2017-07-31,2017-07-31 10:15:15
10:15:18,10:15:18,27.08,-0.03,29,78532,卖盘,2017-07-31,2017-07-31 10:15:18
10:15:24,10:15:24,27.11,0.03,2,5422,买盘,2017-07-31,2017-07-31 10:15:24
10:15:27,10:15:27,27.08,-0.03,6,16247,卖盘,2017-07-31,2017-07-31 10:15:27
10:15:30,10:15:30,27.11,0.03,2,5422,买盘,2017-07-31,2017-07-31 10:15:30
10:15:36,10:15:36,27.1,-0.01,1,2710,中性盘,2017-07-31,2017-07-31 10:15:36
10:15:42,10:15:42,27.08,-0.02,5,13540,卖盘,2017-07-31,2017-07-31 10:15:42
10:15:45,10:15:45,27.11,0.03,50,135550,买盘,2017-07-31,2017-07-31 10:15:45
10:15:48,10:15:48,27.08,-0.03,3,8123,卖盘,2017-07-31,2017-07-31 10:15:48
10:16:00,10:16:00,27.11,0.03,1,2711,中性盘,2017-07-31,2017-07-31 10:16:00
10:16:03,10:16:03,27.09,-0.02,3,8127,卖盘,2017-07-31,2017-07-31 10:16:03
10:16:09,10:16:09,27.1,0.01,2,5420,中性盘,2017-07-31,2017-07-31 10:16:09
10:16:18,10:16:18,27.1,--,2,5420,买盘,2017-07-31,2017-07-31 10:16:18
10:16:21,10:16:21,27.1,--,1,2710,买盘,2017-07-31,2017-07-31 10:16:21
10:16:24,10:16:24,27.09,-0.01,10,27090,卖盘,2017-07-31,2017-07-31 10:16:24
10:16:27,10:16:27,27.09,--,1,2709,卖盘,2017-07-31,2017-07-31 10:16:27
10:16:33,10:16:33,27.1,0.01,1,2710,买盘,2017-07-31,2017-07-31 10:16:33
10:16:42,10:16:42,27.1,--,5,13550,买盘,2017-07-31,2017-07-31 10:16:42
10:16:54,10:16:54,27.09,-0.01,2,5418,卖盘,2017-07-31,2017-07-31 10:16:54
10:17:00,10:17:00,27.1,0.01,6,16260,买盘,2017-07-31,2017-07-31 10:17:00
10:17:03,10:17:03,27.1,--,18,48780,买盘,2017-07-31,2017-07-31 10:17:03
10:17:18,10:17:18,27.1,--,1,2710,买盘,2017-07-31,2017-07-31 10:17:18
10:17:27,10:17:27,27.1,--,9,24390,买盘,2017-07-31,2017-07-31 10:17:27
10:17:39,10:17:39,27.1,--,3,8130,买盘,2017-07-31,2017-07-31 10:17:39
10:17:42,10:17:42,27.08,-0.02,3,8123,卖盘,2017-07-31,2017-07-31 10:17:42
10:17:51,10:17:51,27.1,0.02,1,2710,买盘,2017-07-31,2017-07-31 10:17:51
10:18:00,10:18:00,27.09,-0.01,1,2709,中性盘,2017-07-31,2017-07-31 10:18:00
10:18:06,10:18:06,27.08,-0.01,9,24372,卖盘,2017-07-31,2017-07-31 10:18:06
10:18:12,10:18:12,27.08,--,1,2708,买盘,2017-07-31,2017-07-31 10:18:12
10:18:18,10:18:18,27.05,-0.03,12,32460,卖盘,2017-07-31,2017-07-31 10:18:18
10:18:24,10:18:24,27.05,--,1,2705,买盘,2017-07-31,2017-07-31 10:18:24
10:18:27,10:18:27,27.05,--,1,2705,买盘,2017-07-31,2017-07-31 10:18:27
10:18:33,10:18:33,27.05,--,1,2705,买盘,2017-07-31,2017-07-31 10:18:33
10:18:57,10:18:57,27.05,--,1,2705,买盘,2017-07-31,2017-07-31 10:18:57
10:19:03,10:19:03,27.04,-0.01,3,8112,卖盘,2017-07-31,2017-07-31 10:19:03
10:19:06,10:19:06,27.04,--,30,81120,卖盘,2017-07-31,2017-07-31 10:19:06
10:19:09,10:19:09,27.04,--,1,2704,买盘,2017-07-31,2017-07-31 10:19:09
10:19:15,10:19:15,27.04,--,14,37856,中性盘,2017-07-31,2017-07-31 10:19:15
10:19:18,10:19:18,27.04,--,4,10816,买盘,2017-07-31,2017-07-31 10:19:18
10:19:30,10:19:30,27.04,--,1,2704,买盘,2017-07-31,2017-07-31 10:19:30
10:19:39,10:19:39,27.04,--,3,8112,买盘,2017-07-31,2017-07-31 10:19:39
10:19:45,10:19:45,27.03,-0.01,5,13515,卖盘,2017-07-31,2017-07-31 10:19:45
10:19:51,10:19:51,27.03,--,3,8109,买盘,2017-07-31,2017-07-31 10:19:51
10:19:57,10:19:57,27.03,--,36,97308,买盘,2017-07-31,2017-07-31 10:19:57
10:20:03,10:20:03,27.03,--,15,40545,买盘,2017-07-31,2017-07-31 10:20:03
10:20:06,10:20:06,27.02,-0.01,28,75656,卖盘,2017-07-31,2017-07-31 10:20:06
10:20:09,10:20:09,27.02,--,25,67550,卖盘,2017-07-31,2017-07-31 10:20:09
10:20:15,10:20:15,27.02,--,7,18914,买盘,2017-07-31,2017-07-31 10:20:15
10:20:18,10:20:18,27.01,-0.01,3,8103,卖盘,2017-07-31,2017-07-31 10:20:18
10:20:21,10:20:21,27.01,--,17,45917,卖盘,2017-07-31,2017-07-31 10:20:21
10:20:36,10:20:36,27.0,-0.01,59,159300,卖盘,2017-07-31,2017-07-31 10:20:36
10:20:39,10:20:39,27.0,--,3,8100,买盘,2017-07-31,2017-07-31 10:20:39
10:20:45,10:20:45,26.99,-0.01,7,18893,卖盘,2017-07-31,2017-07-31 10:20:45
10:20:48,10:20:48,26.99,--,2,5398,卖盘,2017-07-31,2017-07-31 10:20:48
10:20:51,10:20:51,26.96,-0.03,77,207592,卖盘,2017-07-31,2017-07-31 10:20:51
10:20:57,10:20:57,27.02,0.06,1,2702,买盘,2017-07-31,2017-07-31 10:20:57
10:21:03,10:21:03,26.96,-0.06,52,140192,卖盘,2017-07-31,2017-07-31 10:21:03
10:21:09,10:21:09,26.96,--,4,10784,买盘,2017-07-31,2017-07-31 10:21:09
10:21:12,10:21:12,26.99,0.03,5,13495,买盘,2017-07-31,2017-07-31 10:21:12
10:21:21,10:21:21,26.99,--,1,2699,买盘,2017-07-31,2017-07-31 10:21:21
10:21:30,10:21:30,27.02,0.03,1,2702,买盘,2017-07-31,2017-07-31 10:21:30
10:21:33,10:21:33,26.96,-0.06,2,5392,卖盘,2017-07-31,2017-07-31 10:21:33
10:21:42,10:21:42,27.02,0.06,1,2702,买盘,2017-07-31,2017-07-31 10:21:42
10:21:54,10:21:54,27.02,--,1,2702,买盘,2017-07-31,2017-07-31 10:21:54
10:21:57,10:21:57,27.02,--,5,13510,买盘,2017-07-31,2017-07-31 10:21:57
10:22:03,10:22:03,27.02,--,1,2702,买盘,2017-07-31,2017-07-31 10:22:03
10:22:06,10:22:06,26.96,-0.06,1,2696,卖盘,2017-07-31,2017-07-31 10:22:06
10:22:12,10:22:12,26.96,--,9,24264,买盘,2017-07-31,2017-07-31 10:22:12
10:22:27,10:22:27,26.93,-0.03,2,5386,中性盘,2017-07-31,2017-07-31 10:22:27
10:22:39,10:22:39,26.93,--,1,2693,买盘,2017-07-31,2017-07-31 10:22:39
10:22:42,10:22:42,26.92,-0.01,22,59224,卖盘,2017-07-31,2017-07-31 10:22:42
10:22:45,10:22:45,26.92,--,1,2692,买盘,2017-07-31,2017-07-31 10:22:45
10:22:48,10:22:48,26.92,--,1,2692,买盘,2017-07-31,2017-07-31 10:22:48
10:22:54,10:22:54,26.92,--,2,5384,买盘,2017-07-31,2017-07-31 10:22:54
10:23:00,10:23:00,26.92,--,1,2692,买盘,2017-07-31,2017-07-31 10:23:00
10:23:12,10:23:12,26.92,--,1,2692,中性盘,2017-07-31,2017-07-31 10:23:12
10:23:15,10:23:15,26.91,-0.01,12,32292,卖盘,2017-07-31,2017-07-31 10:23:15
10:23:21,10:23:21,26.93,0.02,1,2693,买盘,2017-07-31,2017-07-31 10:23:21
10:23:24,10:23:24,26.93,--,4,10772,买盘,2017-07-31,2017-07-31 10:23:24
10:23:33,10:23:33,27.02,0.09,1,2702,买盘,2017-07-31,2017-07-31 10:23:33
10:23:39,10:23:39,26.93,-0.09,1,2693,卖盘,2017-07-31,2017-07-31 10:23:39
10:23:42,10:23:42,26.91,-0.02,29,78039,卖盘,2017-07-31,2017-07-31 10:23:42
10:23:54,10:23:54,27.02,0.11,1,2702,买盘,2017-07-31,2017-07-31 10:23:54
10:24:00,10:24:00,26.94,-0.08,28,75432,卖盘,2017-07-31,2017-07-31 10:24:00
10:24:03,10:24:03,26.94,--,4,10776,买盘,2017-07-31,2017-07-31 10:24:03
10:24:06,10:24:06,26.94,--,1,2694,买盘,2017-07-31,2017-07-31 10:24:06
10:24:15,10:24:15,26.94,--,4,10776,买盘,2017-07-31,2017-07-31 10:24:15
10:24:18,10:24:18,26.94,--,1,2694,买盘,2017-07-31,2017-07-31 10:24:18
10:24:27,10:24:27,26.94,--,1,2694,买盘,2017-07-31,2017-07-31 10:24:27
10:24:30,10:24:30,26.93,-0.01,6,16158,卖盘,2017-07-31,2017-07-31 10:24:30
10:24:33,10:24:33,26.94,0.01,2,5388,买盘,2017-07-31,2017-07-31 10:24:33
10:24:39,10:24:39,26.94,--,1,2694,买盘,2017-07-31,2017-07-31 10:24:39
10:24:45,10:24:45,26.94,--,16,43104,买盘,2017-07-31,2017-07-31 10:24:45
10:24:51,10:24:51,27.02,0.08,1,2702,买盘,2017-07-31,2017-07-31 10:24:51
10:24:57,10:24:57,26.95,-0.07,2,5390,卖盘,2017-07-31,2017-07-31 10:24:57
10:25:00,10:25:00,27.02,0.07,29,78358,买盘,2017-07-31,2017-07-31 10:25:00
10:25:03,10:25:03,26.94,-0.08,2,5388,卖盘,2017-07-31,2017-07-31 10:25:03
10:25:12,10:25:12,27.02,0.08,4,10808,买盘,2017-07-31,2017-07-31 10:25:12
10:25:15,10:25:15,27.02,--,3,8106,买盘,2017-07-31,2017-07-31 10:25:15
10:25:27,10:25:27,27.02,--,50,135100,买盘,2017-07-31,2017-07-31 10:25:27
10:25:33,10:25:33,27.04,0.02,1,2704,买盘,2017-07-31,2017-07-31 10:25:33
10:25:39,10:25:39,27.04,--,31,83824,买盘,2017-07-31,2017-07-31 10:25:39
10:25:42,10:25:42,27.04,--,15,40560,卖盘,2017-07-31,2017-07-31 10:25:42
10:25:45,10:25:45,27.05,0.01,1,2705,买盘,2017-07-31,2017-07-31 10:25:45
10:25:54,10:25:54,27.05,--,2,5410,买盘,2017-07-31,2017-07-31 10:25:54
10:25:57,10:25:57,27.05,--,1,2705,买盘,2017-07-31,2017-07-31 10:25:57
10:26:09,10:26:09,27.05,--,1,2705,买盘,2017-07-31,2017-07-31 10:26:09
10:26:18,10:26:18,27.05,--,1,2705,买盘,2017-07-31,2017-07-31 10:26:18
10:26:30,10:26:30,27.05,--,17,45985,买盘,2017-07-31,2017-07-31 10:26:30
10:26:42,10:26:42,27.05,--,9,24345,买盘,2017-07-31,2017-07-31 10:26:42
10:26:51,10:26:51,27.05,--,2,5410,买盘,2017-07-31,2017-07-31 10:26:51
10:27:03,10:27:03,27.05,--,1,2705,买盘,2017-07-31,2017-07-31 10:27:03
10:27:09,10:27:09,27.05,--,5,13525,买盘,2017-07-31,2017-07-31 10:27:09
10:27:15,10:27:15,27.05,--,1,2705,买盘,2017-07-31,2017-07-31 10:27:15
10:27:18,10:27:18,27.04,-0.01,5,13520,卖盘,2017-07-31,2017-07-31 10:27:18
10:27:21,10:27:21,27.05,0.01,16,43280,买盘,2017-07-31,2017-07-31 10:27:21
10:27:27,10:27:27,27.09,0.04,1,2709,买盘,2017-07-31,2017-07-31 10:27:27
10:27:30,10:27:30,27.05,-0.04,5,13525,卖盘,2017-07-31,2017-07-31 10:27:30
10:27:36,10:27:36,27.09,0.04,1,2709,买盘,2017-07-31,2017-07-31 10:27:36
10:27:48,10:27:48,27.05,-0.04,51,137955,卖盘,2017-07-31,2017-07-31 10:27:48
10:27:54,10:27:54,27.08,0.03,10,27080,买盘,2017-07-31,2017-07-31 10:27:54
10:28:00,10:28:00,27.08,--,1,2708,买盘,2017-07-31,2017-07-31 10:28:00
10:28:03,10:28:03,27.09,0.01,2,5418,买盘,2017-07-31,2017-07-31 10:28:03
10:28:09,10:28:09,27.09,--,1,2709,买盘,2017-07-31,2017-07-31 10:28:09
10:28:21,10:28:21,27.09,--,1,2709,买盘,2017-07-31,2017-07-31 10:28:21
10:28:42,10:28:42,27.08,-0.01,1,2708,中性盘,2017-07-31,2017-07-31 10:28:42
10:28:45,10:28:45,27.05,-0.03,21,56805,卖盘,2017-07-31,2017-07-31 10:28:45
10:28:54,10:28:54,27.05,--,1,2705,中性盘,2017-07-31,2017-07-31 10:28:54
10:29:06,10:29:06,27.04,-0.01,9,24336,卖盘,2017-07-31,2017-07-31 10:29:06
10:29:12,10:29:12,27.08,0.04,1,2708,买盘,2017-07-31,2017-07-31 10:29:12
10:29:18,10:29:18,27.08,--,1,2708,买盘,2017-07-31,2017-07-31 10:29:18
10:29:27,10:29:27,27.07,-0.01,1,2707,中性盘,2017-07-31,2017-07-31 10:29:27
10:29:39,10:29:39,27.07,--,1,2707,买盘,2017-07-31,2017-07-31 10:29:39
10:29:45,10:29:45,27.07,--,5,13535,买盘,2017-07-31,2017-07-31 10:29:45
10:29:51,10:29:51,27.07,--,1,2707,买盘,2017-07-31,2017-07-31 10:29:51
10:30:00,10:30:00,27.07,--,1,2707,买盘,2017-07-31,2017-07-31 10:30:00
10:30:12,10:30:12,27.07,--,2,5414,中性盘,2017-07-31,2017-07-31 10:30:12
10:30:24,10:30:24,27.07,--,18,48726,买盘,2017-07-31,2017-07-31 10:30:24
10:30:33,10:30:33,27.08,0.01,1,2708,买盘,2017-07-31,2017-07-31 10:30:33
10:30:45,10:30:45,27.08,--,1,2708,买盘,2017-07-31,2017-07-31 10:30:45
10:30:54,10:30:54,27.08,--,12,32495,买盘,2017-07-31,2017-07-31 10:30:54
10:30:57,10:30:57,27.07,-0.01,16,43312,卖盘,2017-07-31,2017-07-31 10:30:57
10:31:06,10:31:06,27.08,0.01,1,2708,买盘,2017-07-31,2017-07-31 10:31:06
10:31:18,10:31:18,27.08,--,1,2708,买盘,2017-07-31,2017-07-31 10:31:18
10:31:30,10:31:30,27.08,--,1,2708,买盘,2017-07-31,2017-07-31 10:31:30
10:31:33,10:31:33,27.08,--,5,13540,买盘,2017-07-31,2017-07-31 10:31:33
10:31:39,10:31:39,27.08,--,1,2708,买盘,2017-07-31,2017-07-31 10:31:39
10:31:51,10:31:51,27.08,--,16,43328,买盘,2017-07-31,2017-07-31 10:31:51
10:32:03,10:32:03,27.09,0.01,1,2709,买盘,2017-07-31,2017-07-31 10:32:03
10:32:12,10:32:12,27.09,--,5,13545,买盘,2017-07-31,2017-07-31 10:32:12
10:32:24,10:32:24,27.09,--,1,2709,买盘,2017-07-31,2017-07-31 10:32:24
10:32:27,10:32:27,27.08,-0.01,10,27080,卖盘,2017-07-31,2017-07-31 10:32:27
10:32:33,10:32:33,27.09,0.01,4,10836,买盘,2017-07-31,2017-07-31 10:32:33
10:32:36,10:32:36,27.09,--,1,2709,买盘,2017-07-31,2017-07-31 10:32:36
10:32:42,10:32:42,27.09,--,2,5418,买盘,2017-07-31,2017-07-31 10:32:42
10:32:48,10:32:48,27.09,--,1,2709,买盘,2017-07-31,2017-07-31 10:32:48
10:32:51,10:32:51,27.09,--,10,27090,买盘,2017-07-31,2017-07-31 10:32:51
10:32:54,10:32:54,27.09,--,10,27090,卖盘,2017-07-31,2017-07-31 10:32:54
10:32:57,10:32:57,27.1,0.01,4,10840,买盘,2017-07-31,2017-07-31 10:32:57
10:33:03,10:33:03,27.09,-0.01,10,27090,卖盘,2017-07-31,2017-07-31 10:33:03
10:33:09,10:33:09,27.09,--,1,2709,买盘,2017-07-31,2017-07-31 10:33:09
10:33:27,10:33:27,27.09,--,3,8127,买盘,2017-07-31,2017-07-31 10:33:27
10:33:33,10:33:33,27.11,0.02,1,2711,买盘,2017-07-31,2017-07-31 10:33:33
10:33:39,10:33:39,27.11,--,6,16266,买盘,2017-07-31,2017-07-31 10:33:39
10:33:42,10:33:42,27.11,--,1,2711,买盘,2017-07-31,2017-07-31 10:33:42
10:33:54,10:33:54,27.11,--,1,2711,买盘,2017-07-31,2017-07-31 10:33:54
10:34:06,10:34:06,27.11,--,1,2711,买盘,2017-07-31,2017-07-31 10:34:06
10:34:12,10:34:12,27.09,-0.02,2,5418,卖盘,2017-07-31,2017-07-31 10:34:12
10:34:15,10:34:15,27.11,0.02,1,2711,买盘,2017-07-31,2017-07-31 10:34:15
10:34:18,10:34:18,27.11,--,7,18977,买盘,2017-07-31,2017-07-31 10:34:18
10:34:21,10:34:21,27.11,--,12,32532,买盘,2017-07-31,2017-07-31 10:34:21
10:34:27,10:34:27,27.11,--,1,2711,买盘,2017-07-31,2017-07-31 10:34:27
10:34:39,10:34:39,27.1,-0.01,11,29810,卖盘,2017-07-31,2017-07-31 10:34:39
10:34:54,10:34:54,27.1,--,7,18970,卖盘,2017-07-31,2017-07-31 10:34:54
10:35:00,10:35:00,27.1,--,1,2710,买盘,2017-07-31,2017-07-31 10:35:00
10:35:03,10:35:03,27.1,--,2,5420,买盘,2017-07-31,2017-07-31 10:35:03
10:35:12,10:35:12,27.09,-0.01,31,83979,卖盘,2017-07-31,2017-07-31 10:35:12
10:35:15,10:35:15,27.09,--,2,5418,卖盘,2017-07-31,2017-07-31 10:35:15
10:35:18,10:35:18,27.09,--,23,62307,卖盘,2017-07-31,2017-07-31 10:35:18
10:35:21,10:35:21,27.09,--,1,2709,买盘,2017-07-31,2017-07-31 10:35:21
10:35:24,10:35:24,27.1,0.01,7,18970,买盘,2017-07-31,2017-07-31 10:35:24
10:35:33,10:35:33,27.1,--,1,2710,买盘,2017-07-31,2017-07-31 10:35:33
10:35:36,10:35:36,27.05,-0.05,11,29755,卖盘,2017-07-31,2017-07-31 10:35:36
10:35:42,10:35:42,27.05,--,3,8115,卖盘,2017-07-31,2017-07-31 10:35:42
10:35:45,10:35:45,27.1,0.05,1,2710,买盘,2017-07-31,2017-07-31 10:35:45
10:35:48,10:35:48,27.05,-0.05,2,5410,卖盘,2017-07-31,2017-07-31 10:35:48
10:35:57,10:35:57,27.09,0.04,1,2709,买盘,2017-07-31,2017-07-31 10:35:57
10:36:18,10:36:18,27.09,--,1,2709,买盘,2017-07-31,2017-07-31 10:36:18
10:36:30,10:36:30,27.09,--,1,2709,买盘,2017-07-31,2017-07-31 10:36:30
10:36:33,10:36:33,27.08,-0.01,3,8123,卖盘,2017-07-31,2017-07-31 10:36:33
10:36:39,10:36:39,27.08,--,1,2708,买盘,2017-07-31,2017-07-31 10:36:39
10:36:51,10:36:51,27.08,--,1,2708,买盘,2017-07-31,2017-07-31 10:36:51
10:36:57,10:36:57,27.06,-0.02,49,132594,卖盘,2017-07-31,2017-07-31 10:36:57
10:37:00,10:37:00,27.06,--,40,108240,买盘,2017-07-31,2017-07-31 10:37:00
10:37:03,10:37:03,27.04,-0.02,18,48672,卖盘,2017-07-31,2017-07-31 10:37:03
10:37:12,10:37:12,27.06,0.02,1,2706,买盘,2017-07-31,2017-07-31 10:37:12
10:37:24,10:37:24,27.05,-0.01,19,51395,中性盘,2017-07-31,2017-07-31 10:37:24
10:37:36,10:37:36,27.05,--,1,2705,买盘,2017-07-31,2017-07-31 10:37:36
10:37:45,10:37:45,27.05,--,1,2705,买盘,2017-07-31,2017-07-31 10:37:45
10:37:51,10:37:51,27.02,-0.03,20,54040,卖盘,2017-07-31,2017-07-31 10:37:51
10:38:09,10:38:09,27.05,0.03,1,2705,买盘,2017-07-31,2017-07-31 10:38:09
10:38:18,10:38:18,27.05,--,1,2705,买盘,2017-07-31,2017-07-31 10:38:18
10:38:24,10:38:24,27.02,-0.03,2,5404,卖盘,2017-07-31,2017-07-31 10:38:24
10:38:27,10:38:27,27.02,--,4,10808,卖盘,2017-07-31,2017-07-31 10:38:27
10:38:30,10:38:30,27.02,--,1,2702,买盘,2017-07-31,2017-07-31 10:38:30
10:38:42,10:38:42,27.02,--,1,2702,买盘,2017-07-31,2017-07-31 10:38:42
10:38:51,10:38:51,27.02,--,1,2702,买盘,2017-07-31,2017-07-31 10:38:51
10:38:54,10:38:54,27.01,-0.01,5,13505,卖盘,2017-07-31,2017-07-31 10:38:54
10:39:03,10:39:03,27.01,--,1,2701,买盘,2017-07-31,2017-07-31 10:39:03
10:39:06,10:39:06,26.97,-0.04,54,145638,卖盘,2017-07-31,2017-07-31 10:39:06
10:39:15,10:39:15,27.09,0.12,1,2709,买盘,2017-07-31,2017-07-31 10:39:15
10:39:27,10:39:27,27.01,-0.08,1,2701,中性盘,2017-07-31,2017-07-31 10:39:27
10:39:48,10:39:48,27.01,--,1,2701,买盘,2017-07-31,2017-07-31 10:39:48
10:39:57,10:39:57,26.94,-0.07,138,371772,卖盘,2017-07-31,2017-07-31 10:39:57
10:40:00,10:40:00,26.94,--,5,13470,买盘,2017-07-31,2017-07-31 10:40:00
10:40:09,10:40:09,26.91,-0.03,15,40365,卖盘,2017-07-31,2017-07-31 10:40:09
10:40:12,10:40:12,26.94,0.03,6,16164,买盘,2017-07-31,2017-07-31 10:40:12
10:40:15,10:40:15,26.94,--,11,29634,买盘,2017-07-31,2017-07-31 10:40:15
10:40:21,10:40:21,26.94,--,1,2694,买盘,2017-07-31,2017-07-31 10:40:21
10:40:27,10:40:27,26.94,--,11,29634,买盘,2017-07-31,2017-07-31 10:40:27
10:40:33,10:40:33,26.94,--,1,2694,买盘,2017-07-31,2017-07-31 10:40:33
10:40:39,10:40:39,26.94,--,12,32328,买盘,2017-07-31,2017-07-31 10:40:39
10:40:45,10:40:45,26.94,--,1,2694,买盘,2017-07-31,2017-07-31 10:40:45
10:40:48,10:40:48,26.94,--,2,5388,买盘,2017-07-31,2017-07-31 10:40:48
10:40:54,10:40:54,26.94,--,1,2694,买盘,2017-07-31,2017-07-31 10:40:54
10:41:03,10:41:03,26.94,--,2,5388,买盘,2017-07-31,2017-07-31 10:41:03
10:41:09,10:41:09,26.93,-0.01,3,8079,卖盘,2017-07-31,2017-07-31 10:41:09
10:41:12,10:41:12,26.93,--,2,5386,卖盘,2017-07-31,2017-07-31 10:41:12
10:41:18,10:41:18,26.94,0.01,1,2694,买盘,2017-07-31,2017-07-31 10:41:18
10:41:27,10:41:27,26.94,--,1,2694,买盘,2017-07-31,2017-07-31 10:41:27
10:41:39,10:41:39,26.94,--,1,2694,买盘,2017-07-31,2017-07-31 10:41:39
10:41:51,10:41:51,26.94,--,1,2694,买盘,2017-07-31,2017-07-31 10:41:51
10:42:00,10:42:00,26.94,--,1,2694,买盘,2017-07-31,2017-07-31 10:42:00
10:42:03,10:42:03,26.94,--,1,2694,买盘,2017-07-31,2017-07-31 10:42:03
10:42:12,10:42:12,26.94,--,1,2694,买盘,2017-07-31,2017-07-31 10:42:12
10:42:24,10:42:24,26.93,-0.01,18,48474,卖盘,2017-07-31,2017-07-31 10:42:24
10:42:33,10:42:33,26.94,0.01,1,2694,买盘,2017-07-31,2017-07-31 10:42:33
10:42:39,10:42:39,26.94,--,26,70044,买盘,2017-07-31,2017-07-31 10:42:39
10:42:42,10:42:42,26.94,--,6,16164,买盘,2017-07-31,2017-07-31 10:42:42
10:42:48,10:42:48,26.93,-0.01,12,32316,卖盘,2017-07-31,2017-07-31 10:42:48
10:42:51,10:42:51,26.94,0.01,1,2694,买盘,2017-07-31,2017-07-31 10:42:51
10:42:57,10:42:57,26.94,--,20,53880,买盘,2017-07-31,2017-07-31 10:42:57
10:43:06,10:43:06,26.94,--,1,2694,买盘,2017-07-31,2017-07-31 10:43:06
10:43:09,10:43:09,26.93,-0.01,9,24237,卖盘,2017-07-31,2017-07-31 10:43:09
10:43:18,10:43:18,26.94,0.01,1,2694,买盘,2017-07-31,2017-07-31 10:43:18
10:43:24,10:43:24,26.94,--,9,24246,买盘,2017-07-31,2017-07-31 10:43:24
10:43:30,10:43:30,26.94,--,1,2694,买盘,2017-07-31,2017-07-31 10:43:30
10:43:39,10:43:39,26.92,-0.02,20,53840,卖盘,2017-07-31,2017-07-31 10:43:39
10:43:42,10:43:42,26.94,0.02,4,10776,买盘,2017-07-31,2017-07-31 10:43:42
10:43:51,10:43:51,26.94,--,1,2694,买盘,2017-07-31,2017-07-31 10:43:51
10:44:03,10:44:03,26.94,--,1,2694,买盘,2017-07-31,2017-07-31 10:44:03
10:44:15,10:44:15,26.94,--,1,2694,买盘,2017-07-31,2017-07-31 10:44:15
10:44:18,10:44:18,26.92,-0.02,6,16152,卖盘,2017-07-31,2017-07-31 10:44:18
10:44:24,10:44:24,26.92,--,1,2692,买盘,2017-07-31,2017-07-31 10:44:24
10:44:39,10:44:39,26.92,--,4,10768,买盘,2017-07-31,2017-07-31 10:44:39
10:44:48,10:44:48,26.93,0.01,4,10772,买盘,2017-07-31,2017-07-31 10:44:48
10:44:57,10:44:57,26.94,0.01,1,2694,买盘,2017-07-31,2017-07-31 10:44:57
10:45:09,10:45:09,26.94,--,1,2694,买盘,2017-07-31,2017-07-31 10:45:09
10:45:21,10:45:21,27.06,0.12,1,2706,买盘,2017-07-31,2017-07-31 10:45:21
10:45:33,10:45:33,26.94,-0.12,6,16164,卖盘,2017-07-31,2017-07-31 10:45:33
10:45:42,10:45:42,26.94,--,7,18858,买盘,2017-07-31,2017-07-31 10:45:42
10:45:45,10:45:45,26.94,--,1,2694,买盘,2017-07-31,2017-07-31 10:45:45
10:45:54,10:45:54,27.05,0.11,1,2705,中性盘,2017-07-31,2017-07-31 10:45:54
10:46:03,10:46:03,26.94,-0.11,21,56574,卖盘,2017-07-31,2017-07-31 10:46:03
10:46:15,10:46:15,27.05,0.11,1,2705,买盘,2017-07-31,2017-07-31 10:46:15
10:46:27,10:46:27,27.05,--,1,2705,买盘,2017-07-31,2017-07-31 10:46:27
10:46:39,10:46:39,27.04,-0.01,1,2704,中性盘,2017-07-31,2017-07-31 10:46:39
10:46:45,10:46:45,27.04,--,1,2704,买盘,2017-07-31,2017-07-31 10:46:45
10:46:51,10:46:51,26.99,-0.05,1,2699,中性盘,2017-07-31,2017-07-31 10:46:51
10:46:57,10:46:57,26.95,-0.04,1,2695,卖盘,2017-07-31,2017-07-31 10:46:57
10:47:00,10:47:00,27.04,0.09,1,2704,买盘,2017-07-31,2017-07-31 10:47:00
10:47:12,10:47:12,27.04,--,3,8112,买盘,2017-07-31,2017-07-31 10:47:12
10:47:24,10:47:24,27.04,--,1,2704,买盘,2017-07-31,2017-07-31 10:47:24
10:47:33,10:47:33,27.04,--,4,10816,买盘,2017-07-31,2017-07-31 10:47:33
10:47:36,10:47:36,27.0,-0.04,8,21600,卖盘,2017-07-31,2017-07-31 10:47:36
10:47:54,10:47:54,26.95,-0.05,6,16170,卖盘,2017-07-31,2017-07-31 10:47:54
10:47:57,10:47:57,27.0,0.05,1,2700,买盘,2017-07-31,2017-07-31 10:47:57
10:48:00,10:48:00,26.95,-0.05,16,43120,卖盘,2017-07-31,2017-07-31 10:48:00
10:48:06,10:48:06,26.95,--,1,2695,买盘,2017-07-31,2017-07-31 10:48:06
10:48:09,10:48:09,26.95,--,2,5390,买盘,2017-07-31,2017-07-31 10:48:09
10:48:18,10:48:18,26.95,--,7,18865,买盘,2017-07-31,2017-07-31 10:48:18
10:48:30,10:48:30,26.95,--,1,2695,买盘,2017-07-31,2017-07-31 10:48:30
10:48:39,10:48:39,26.95,--,4,10780,买盘,2017-07-31,2017-07-31 10:48:39
10:48:45,10:48:45,26.94,-0.01,8,21552,卖盘,2017-07-31,2017-07-31 10:48:45
10:48:48,10:48:48,26.95,0.01,1,2695,买盘,2017-07-31,2017-07-31 10:48:48
10:48:51,10:48:51,26.95,--,11,29645,买盘,2017-07-31,2017-07-31 10:48:51
10:48:57,10:48:57,26.94,-0.01,15,40410,卖盘,2017-07-31,2017-07-31 10:48:57
10:49:00,10:49:00,26.94,--,6,16164,卖盘,2017-07-31,2017-07-31 10:49:00
10:49:03,10:49:03,26.94,--,1,2694,买盘,2017-07-31,2017-07-31 10:49:03
10:49:21,10:49:21,26.93,-0.01,29,78097,卖盘,2017-07-31,2017-07-31 10:49:21
10:49:24,10:49:24,26.94,0.01,1,2694,买盘,2017-07-31,2017-07-31 10:49:24
10:49:36,10:49:36,26.95,0.01,1,2695,买盘,2017-07-31,2017-07-31 10:49:36
10:49:48,10:49:48,26.95,--,1,2695,买盘,2017-07-31,2017-07-31 10:49:48
10:49:57,10:49:57,26.95,--,1,2695,买盘,2017-07-31,2017-07-31 10:49:57
10:50:09,10:50:09,26.95,--,4,10780,买盘,2017-07-31,2017-07-31 10:50:09
10:50:15,10:50:15,26.95,--,2,5390,买盘,2017-07-31,2017-07-31 10:50:15
10:50:21,10:50:21,26.95,--,1,2695,买盘,2017-07-31,2017-07-31 10:50:21
10:50:30,10:50:30,26.94,-0.01,4,10776,卖盘,2017-07-31,2017-07-31 10:50:30
10:50:36,10:50:36,26.95,0.01,10,26950,买盘,2017-07-31,2017-07-31 10:50:36
10:50:42,10:50:42,26.95,--,1,2695,买盘,2017-07-31,2017-07-31 10:50:42
10:50:48,10:50:48,26.95,--,3,8085,买盘,2017-07-31,2017-07-31 10:50:48
10:50:51,10:50:51,26.94,-0.01,8,21552,卖盘,2017-07-31,2017-07-31 10:50:51
10:50:54,10:50:54,26.95,0.01,1,2695,买盘,2017-07-31,2017-07-31 10:50:54
10:51:15,10:51:15,26.95,--,1,2695,买盘,2017-07-31,2017-07-31 10:51:15
10:51:18,10:51:18,26.94,-0.01,4,10776,卖盘,2017-07-31,2017-07-31 10:51:18
10:51:24,10:51:24,26.95,0.01,2,5390,买盘,2017-07-31,2017-07-31 10:51:24
10:51:27,10:51:27,26.95,--,1,2695,买盘,2017-07-31,2017-07-31 10:51:27
10:51:39,10:51:39,26.95,--,1,2695,买盘,2017-07-31,2017-07-31 10:51:39
10:51:42,10:51:42,26.95,--,17,45815,买盘,2017-07-31,2017-07-31 10:51:42
10:51:45,10:51:45,27.0,0.05,301,812700,买盘,2017-07-31,2017-07-31 10:51:45
10:51:48,10:51:48,27.01,0.01,1,2701,买盘,2017-07-31,2017-07-31 10:51:48
10:52:00,10:52:00,27.04,0.03,1,2704,买盘,2017-07-31,2017-07-31 10:52:00
10:52:12,10:52:12,27.04,--,1,2704,买盘,2017-07-31,2017-07-31 10:52:12
10:52:21,10:52:21,27.04,--,1,2704,买盘,2017-07-31,2017-07-31 10:52:21
10:52:33,10:52:33,27.02,-0.02,1,2702,中性盘,2017-07-31,2017-07-31 10:52:33
10:52:36,10:52:36,27.0,-0.02,18,48600,卖盘,2017-07-31,2017-07-31 10:52:36
10:52:42,10:52:42,27.02,0.02,1,2702,买盘,2017-07-31,2017-07-31 10:52:42
10:52:57,10:52:57,27.04,0.02,1,2704,买盘,2017-07-31,2017-07-31 10:52:57
10:53:06,10:53:06,27.04,--,1,2704,买盘,2017-07-31,2017-07-31 10:53:06
10:53:18,10:53:18,27.04,--,1,2704,买盘,2017-07-31,2017-07-31 10:53:18
10:53:30,10:53:30,27.04,--,1,2704,买盘,2017-07-31,2017-07-31 10:53:30
10:53:36,10:53:36,27.02,-0.02,2,5404,卖盘,2017-07-31,2017-07-31 10:53:36
10:53:39,10:53:39,27.02,--,1,2702,买盘,2017-07-31,2017-07-31 10:53:39
10:53:51,10:53:51,27.02,--,1,2702,买盘,2017-07-31,2017-07-31 10:53:51
10:53:54,10:53:54,26.94,-0.08,29,78126,卖盘,2017-07-31,2017-07-31 10:53:54
10:54:03,10:54:03,27.02,0.08,1,2702,买盘,2017-07-31,2017-07-31 10:54:03
10:54:24,10:54:24,26.94,-0.08,1,2694,卖盘,2017-07-31,2017-07-31 10:54:24
10:54:30,10:54:30,27.02,0.08,11,29722,买盘,2017-07-31,2017-07-31 10:54:30
10:54:36,10:54:36,27.03,0.01,1,2703,买盘,2017-07-31,2017-07-31 10:54:36
10:54:48,10:54:48,27.04,0.01,1,2704,买盘,2017-07-31,2017-07-31 10:54:48
10:54:51,10:54:51,27.05,0.01,190,513950,买盘,2017-07-31,2017-07-31 10:54:51
10:54:57,10:54:57,27.05,--,3,8115,买盘,2017-07-31,2017-07-31 10:54:57
10:55:09,10:55:09,27.05,--,4,10820,买盘,2017-07-31,2017-07-31 10:55:09
10:55:12,10:55:12,27.05,--,14,37870,卖盘,2017-07-31,2017-07-31 10:55:12
10:55:15,10:55:15,26.95,-0.1,7,18865,卖盘,2017-07-31,2017-07-31 10:55:15
10:55:21,10:55:21,27.06,0.11,1,2706,买盘,2017-07-31,2017-07-31 10:55:21
10:55:24,10:55:24,27.05,-0.01,1,2705,卖盘,2017-07-31,2017-07-31 10:55:24
10:55:30,10:55:30,27.05,--,4,10820,中性盘,2017-07-31,2017-07-31 10:55:30
10:55:42,10:55:42,27.05,--,1,2705,买盘,2017-07-31,2017-07-31 10:55:42
10:55:54,10:55:54,27.0,-0.05,2,5400,中性盘,2017-07-31,2017-07-31 10:55:54
10:56:03,10:56:03,27.05,0.05,18,48690,买盘,2017-07-31,2017-07-31 10:56:03
10:56:15,10:56:15,27.05,--,1,2705,买盘,2017-07-31,2017-07-31 10:56:15
10:56:27,10:56:27,27.05,--,1,2705,买盘,2017-07-31,2017-07-31 10:56:27
10:56:30,10:56:30,26.95,-0.1,53,142835,卖盘,2017-07-31,2017-07-31 10:56:30
10:56:39,10:56:39,26.95,--,1,2695,买盘,2017-07-31,2017-07-31 10:56:39
10:56:42,10:56:42,26.95,--,28,75460,买盘,2017-07-31,2017-07-31 10:56:42
10:56:48,10:56:48,26.95,--,1,2695,买盘,2017-07-31,2017-07-31 10:56:48
10:56:57,10:56:57,26.95,--,30,80850,买盘,2017-07-31,2017-07-31 10:56:57
10:57:00,10:57:00,26.95,--,5,13475,买盘,2017-07-31,2017-07-31 10:57:00
10:57:03,10:57:03,26.94,-0.01,1,2694,卖盘,2017-07-31,2017-07-31 10:57:03
10:57:09,10:57:09,26.94,--,1,2694,买盘,2017-07-31,2017-07-31 10:57:09
10:57:12,10:57:12,26.95,0.01,1,2695,买盘,2017-07-31,2017-07-31 10:57:12
10:57:24,10:57:24,26.95,--,1,2695,买盘,2017-07-31,2017-07-31 10:57:24
10:57:33,10:57:33,26.95,--,1,2695,买盘,2017-07-31,2017-07-31 10:57:33
10:57:54,10:57:54,26.93,-0.02,53,142729,卖盘,2017-07-31,2017-07-31 10:57:54
10:57:57,10:57:57,26.93,--,1,2693,买盘,2017-07-31,2017-07-31 10:57:57
10:58:03,10:58:03,26.92,-0.01,5,13460,卖盘,2017-07-31,2017-07-31 10:58:03
10:58:06,10:58:06,26.93,0.01,1,2693,买盘,2017-07-31,2017-07-31 10:58:06
10:58:18,10:58:18,26.93,--,1,2693,买盘,2017-07-31,2017-07-31 10:58:18
10:58:30,10:58:30,26.92,-0.01,2,5384,卖盘,2017-07-31,2017-07-31 10:58:30
10:58:39,10:58:39,26.95,0.03,5,13475,买盘,2017-07-31,2017-07-31 10:58:39
10:58:42,10:58:42,26.95,--,1,2695,买盘,2017-07-31,2017-07-31 10:58:42
10:58:51,10:58:51,26.95,--,1,2695,买盘,2017-07-31,2017-07-31 10:58:51
10:58:54,10:58:54,26.95,--,8,21560,买盘,2017-07-31,2017-07-31 10:58:54
10:59:03,10:59:03,26.95,--,1,2695,买盘,2017-07-31,2017-07-31 10:59:03
10:59:09,10:59:09,26.95,--,2,5390,买盘,2017-07-31,2017-07-31 10:59:09
10:59:27,10:59:27,26.95,--,6,16170,买盘,2017-07-31,2017-07-31 10:59:27
10:59:36,10:59:36,27.05,0.1,1,2705,买盘,2017-07-31,2017-07-31 10:59:36
10:59:48,10:59:48,27.05,--,1,2705,买盘,2017-07-31,2017-07-31 10:59:48
11:00:00,11:00:00,27.05,--,1,2705,买盘,2017-07-31,2017-07-31 11:00:00
11:00:03,11:00:03,27.05,--,13,35165,买盘,2017-07-31,2017-07-31 11:00:03
11:00:09,11:00:09,27.06,0.01,1,2706,买盘,2017-07-31,2017-07-31 11:00:09
11:00:21,11:00:21,27.06,--,1,2706,买盘,2017-07-31,2017-07-31 11:00:21
11:00:33,11:00:33,27.06,--,1,2706,买盘,2017-07-31,2017-07-31 11:00:33
11:00:42,11:00:42,27.05,-0.01,1,2705,中性盘,2017-07-31,2017-07-31 11:00:42
11:00:45,11:00:45,27.05,--,1,2705,买盘,2017-07-31,2017-07-31 11:00:45
11:01:06,11:01:06,27.04,-0.01,1,2704,中性盘,2017-07-31,2017-07-31 11:01:06
11:01:15,11:01:15,27.04,--,1,2704,买盘,2017-07-31,2017-07-31 11:01:15
11:01:27,11:01:27,27.04,--,2,5408,买盘,2017-07-31,2017-07-31 11:01:27
11:01:39,11:01:39,27.04,--,1,2704,买盘,2017-07-31,2017-07-31 11:01:39
11:01:42,11:01:42,26.93,-0.11,10,26930,卖盘,2017-07-31,2017-07-31 11:01:42
11:01:48,11:01:48,27.04,0.11,1,2704,买盘,2017-07-31,2017-07-31 11:01:48
11:01:57,11:01:57,27.04,--,7,18928,买盘,2017-07-31,2017-07-31 11:01:57
11:02:00,11:02:00,27.04,--,1,2704,买盘,2017-07-31,2017-07-31 11:02:00
11:02:12,11:02:12,27.04,--,1,2704,买盘,2017-07-31,2017-07-31 11:02:12
11:02:33,11:02:33,27.03,-0.01,1,2703,中性盘,2017-07-31,2017-07-31 11:02:33
11:02:45,11:02:45,27.02,-0.01,1,2702,中性盘,2017-07-31,2017-07-31 11:02:45
11:02:57,11:02:57,27.02,--,1,2702,买盘,2017-07-31,2017-07-31 11:02:57
11:03:06,11:03:06,27.02,--,1,2702,买盘,2017-07-31,2017-07-31 11:03:06
11:03:15,11:03:15,26.95,-0.07,26,70070,卖盘,2017-07-31,2017-07-31 11:03:15
11:03:18,11:03:18,26.95,--,2,5390,买盘,2017-07-31,2017-07-31 11:03:18
11:03:30,11:03:30,26.95,--,1,2695,买盘,2017-07-31,2017-07-31 11:03:30
11:03:33,11:03:33,26.95,--,8,21560,买盘,2017-07-31,2017-07-31 11:03:33
11:03:42,11:03:42,27.02,0.07,1,2702,买盘,2017-07-31,2017-07-31 11:03:42
11:04:03,11:04:03,27.02,--,1,2702,买盘,2017-07-31,2017-07-31 11:04:03
11:04:06,11:04:06,27.02,--,2,5404,买盘,2017-07-31,2017-07-31 11:04:06
11:04:15,11:04:15,27.02,--,1,2702,买盘,2017-07-31,2017-07-31 11:04:15
11:04:24,11:04:24,27.02,--,1,2702,买盘,2017-07-31,2017-07-31 11:04:24
11:04:36,11:04:36,27.03,0.01,1,2703,买盘,2017-07-31,2017-07-31 11:04:36
11:04:39,11:04:39,26.96,-0.07,3,8088,卖盘,2017-07-31,2017-07-31 11:04:39
11:04:48,11:04:48,27.03,0.07,1,2703,买盘,2017-07-31,2017-07-31 11:04:48
11:04:54,11:04:54,26.96,-0.07,8,21568,卖盘,2017-07-31,2017-07-31 11:04:54
11:05:00,11:05:00,26.96,--,1,2696,买盘,2017-07-31,2017-07-31 11:05:00
11:05:21,11:05:21,26.96,--,1,2696,买盘,2017-07-31,2017-07-31 11:05:21
11:05:33,11:05:33,26.96,--,1,2696,买盘,2017-07-31,2017-07-31 11:05:33
11:05:36,11:05:36,26.96,--,7,18872,买盘,2017-07-31,2017-07-31 11:05:36
11:05:45,11:05:45,27.03,0.07,1,2703,买盘,2017-07-31,2017-07-31 11:05:45
11:05:54,11:05:54,27.03,--,1,2703,买盘,2017-07-31,2017-07-31 11:05:54
11:06:06,11:06:06,27.03,--,1,2703,买盘,2017-07-31,2017-07-31 11:06:06
11:06:15,11:06:15,26.95,-0.08,4,10780,卖盘,2017-07-31,2017-07-31 11:06:15
11:06:18,11:06:18,27.03,0.08,1,2703,买盘,2017-07-31,2017-07-31 11:06:18
11:06:27,11:06:27,27.03,--,16,43248,买盘,2017-07-31,2017-07-31 11:06:27
11:06:30,11:06:30,27.03,--,1,2703,买盘,2017-07-31,2017-07-31 11:06:30
11:06:51,11:06:51,27.02,-0.01,1,2702,买盘,2017-07-31,2017-07-31 11:06:51
11:06:54,11:06:54,26.98,-0.04,1,2698,卖盘,2017-07-31,2017-07-31 11:06:54
11:07:03,11:07:03,26.98,--,1,2698,买盘,2017-07-31,2017-07-31 11:07:03
11:07:12,11:07:12,26.98,--,1,2698,买盘,2017-07-31,2017-07-31 11:07:12
11:07:24,11:07:24,26.98,--,1,2698,买盘,2017-07-31,2017-07-31 11:07:24
11:07:36,11:07:36,26.98,--,1,2698,买盘,2017-07-31,2017-07-31 11:07:36
11:07:48,11:07:48,26.95,-0.03,2,5390,卖盘,2017-07-31,2017-07-31 11:07:48
11:08:09,11:08:09,26.98,0.03,1,2698,买盘,2017-07-31,2017-07-31 11:08:09
11:08:21,11:08:21,26.98,--,1,2698,买盘,2017-07-31,2017-07-31 11:08:21
11:08:30,11:08:30,26.98,--,1,2698,买盘,2017-07-31,2017-07-31 11:08:30
11:08:42,11:08:42,26.98,--,1,2698,买盘,2017-07-31,2017-07-31 11:08:42
11:08:54,11:08:54,27.0,0.02,1,2700,买盘,2017-07-31,2017-07-31 11:08:54
11:09:06,11:09:06,27.03,0.03,12,32436,买盘,2017-07-31,2017-07-31 11:09:06
11:09:12,11:09:12,27.04,0.01,8,21632,买盘,2017-07-31,2017-07-31 11:09:12
11:09:27,11:09:27,27.04,--,1,2704,买盘,2017-07-31,2017-07-31 11:09:27
11:09:39,11:09:39,27.03,-0.01,3,8109,卖盘,2017-07-31,2017-07-31 11:09:39
11:09:48,11:09:48,27.03,--,1,2703,买盘,2017-07-31,2017-07-31 11:09:48
11:10:00,11:10:00,27.04,0.01,1,2704,买盘,2017-07-31,2017-07-31 11:10:00
11:10:03,11:10:03,27.03,-0.01,1,2703,卖盘,2017-07-31,2017-07-31 11:10:03
11:10:12,11:10:12,27.04,0.01,1,2704,买盘,2017-07-31,2017-07-31 11:10:12
11:10:18,11:10:18,27.04,--,4,10816,买盘,2017-07-31,2017-07-31 11:10:18
11:10:33,11:10:33,27.04,--,2,5408,买盘,2017-07-31,2017-07-31 11:10:33
11:10:45,11:10:45,27.04,--,1,2704,买盘,2017-07-31,2017-07-31 11:10:45
11:10:48,11:10:48,27.08,0.04,43,116443,买盘,2017-07-31,2017-07-31 11:10:48
11:10:57,11:10:57,27.03,-0.05,1,2703,中性盘,2017-07-31,2017-07-31 11:10:57
11:11:00,11:11:00,27.08,0.05,13,35204,买盘,2017-07-31,2017-07-31 11:11:00
11:11:03,11:11:03,27.08,--,1,2708,卖盘,2017-07-31,2017-07-31 11:11:03
11:11:06,11:11:06,27.08,--,1,2708,卖盘,2017-07-31,2017-07-31 11:11:06
11:11:09,11:11:09,27.09,0.01,1,2709,买盘,2017-07-31,2017-07-31 11:11:09
11:11:18,11:11:18,27.09,--,6,16254,买盘,2017-07-31,2017-07-31 11:11:18
11:11:30,11:11:30,27.09,--,1,2709,买盘,2017-07-31,2017-07-31 11:11:30
11:11:36,11:11:36,27.1,0.01,8,21680,买盘,2017-07-31,2017-07-31 11:11:36
11:11:42,11:11:42,27.09,-0.01,1,2709,中性盘,2017-07-31,2017-07-31 11:11:42
11:11:51,11:11:51,27.09,--,3,8127,买盘,2017-07-31,2017-07-31 11:11:51
11:11:54,11:11:54,27.11,0.02,44,119284,买盘,2017-07-31,2017-07-31 11:11:54
11:12:03,11:12:03,27.11,--,4,10844,买盘,2017-07-31,2017-07-31 11:12:03
11:12:06,11:12:06,27.11,--,1,2711,买盘,2017-07-31,2017-07-31 11:12:06
11:12:15,11:12:15,27.11,--,1,2711,买盘,2017-07-31,2017-07-31 11:12:15
11:12:27,11:12:27,27.11,--,1,2711,买盘,2017-07-31,2017-07-31 11:12:27
11:12:39,11:12:39,27.11,--,1,2711,买盘,2017-07-31,2017-07-31 11:12:39
11:12:48,11:12:48,27.11,--,13,35243,买盘,2017-07-31,2017-07-31 11:12:48
11:12:51,11:12:51,27.11,--,3,8133,卖盘,2017-07-31,2017-07-31 11:12:51
11:12:54,11:12:54,27.11,--,7,18977,买盘,2017-07-31,2017-07-31 11:12:54
11:12:57,11:12:57,27.11,--,5,13555,买盘,2017-07-31,2017-07-31 11:12:57
11:13:00,11:13:00,27.11,--,1,2711,买盘,2017-07-31,2017-07-31 11:13:00
11:13:06,11:13:06,27.09,-0.02,17,46053,卖盘,2017-07-31,2017-07-31 11:13:06
11:13:12,11:13:12,27.09,--,4,10836,买盘,2017-07-31,2017-07-31 11:13:12
11:13:24,11:13:24,27.09,--,1,2709,买盘,2017-07-31,2017-07-31 11:13:24
11:13:27,11:13:27,27.04,-0.05,5,13520,卖盘,2017-07-31,2017-07-31 11:13:27
11:13:33,11:13:33,27.09,0.05,1,2709,买盘,2017-07-31,2017-07-31 11:13:33
11:13:45,11:13:45,27.04,-0.05,1,2704,卖盘,2017-07-31,2017-07-31 11:13:45
11:13:57,11:13:57,27.09,0.05,1,2709,买盘,2017-07-31,2017-07-31 11:13:57
11:14:09,11:14:09,27.09,--,1,2709,买盘,2017-07-31,2017-07-31 11:14:09
11:14:12,11:14:12,27.09,--,14,37926,买盘,2017-07-31,2017-07-31 11:14:12
11:14:18,11:14:18,27.09,--,1,2709,买盘,2017-07-31,2017-07-31 11:14:18
11:14:30,11:14:30,27.09,--,1,2709,买盘,2017-07-31,2017-07-31 11:14:30
11:14:36,11:14:36,27.09,--,1,2709,买盘,2017-07-31,2017-07-31 11:14:36
11:14:42,11:14:42,27.09,--,1,2709,买盘,2017-07-31,2017-07-31 11:14:42
11:14:54,11:14:54,27.09,--,1,2709,买盘,2017-07-31,2017-07-31 11:14:54
11:15:00,11:15:00,27.05,-0.04,3,8115,卖盘,2017-07-31,2017-07-31 11:15:00
11:15:03,11:15:03,27.09,0.04,1,2709,买盘,2017-07-31,2017-07-31 11:15:03
11:15:15,11:15:15,27.09,--,1,2709,买盘,2017-07-31,2017-07-31 11:15:15
11:15:36,11:15:36,27.09,--,4,10836,买盘,2017-07-31,2017-07-31 11:15:36
11:15:48,11:15:48,27.09,--,1,2709,买盘,2017-07-31,2017-07-31 11:15:48
11:15:54,11:15:54,27.09,--,25,67725,买盘,2017-07-31,2017-07-31 11:15:54
11:15:57,11:15:57,27.04,-0.05,23,62192,卖盘,2017-07-31,2017-07-31 11:15:57
11:16:00,11:16:00,27.09,0.05,1,2709,买盘,2017-07-31,2017-07-31 11:16:00
11:16:12,11:16:12,27.09,--,1,2709,买盘,2017-07-31,2017-07-31 11:16:12
11:16:21,11:16:21,27.08,-0.01,1,2708,中性盘,2017-07-31,2017-07-31 11:16:21
11:16:27,11:16:27,27.05,-0.03,10,27050,卖盘,2017-07-31,2017-07-31 11:16:27
11:16:33,11:16:33,27.08,0.03,1,2708,买盘,2017-07-31,2017-07-31 11:16:33
11:16:45,11:16:45,27.08,--,1,2708,买盘,2017-07-31,2017-07-31 11:16:45
11:16:48,11:16:48,27.05,-0.03,25,67625,卖盘,2017-07-31,2017-07-31 11:16:48
11:16:54,11:16:54,27.07,0.02,1,2707,中性盘,2017-07-31,2017-07-31 11:16:54
11:16:57,11:16:57,27.05,-0.02,5,13525,卖盘,2017-07-31,2017-07-31 11:16:57
11:17:00,11:17:00,27.05,--,1,2705,买盘,2017-07-31,2017-07-31 11:17:00
11:17:06,11:17:06,27.07,0.02,1,2707,买盘,2017-07-31,2017-07-31 11:17:06
11:17:18,11:17:18,27.08,0.01,44,119151,买盘,2017-07-31,2017-07-31 11:17:18
11:17:21,11:17:21,27.08,--,6,16247,卖盘,2017-07-31,2017-07-31 11:17:21
11:17:30,11:17:30,27.08,--,4,10832,卖盘,2017-07-31,2017-07-31 11:17:30
11:17:36,11:17:36,27.08,--,5,13540,卖盘,2017-07-31,2017-07-31 11:17:36
11:17:39,11:17:39,27.09,0.01,1,2709,买盘,2017-07-31,2017-07-31 11:17:39
11:17:51,11:17:51,27.09,--,1,2709,买盘,2017-07-31,2017-07-31 11:17:51
11:18:03,11:18:03,27.1,0.01,29,78590,买盘,2017-07-31,2017-07-31 11:18:03
11:18:15,11:18:15,27.1,--,1,2710,买盘,2017-07-31,2017-07-31 11:18:15
11:18:24,11:18:24,27.1,--,1,2710,买盘,2017-07-31,2017-07-31 11:18:24
11:18:27,11:18:27,27.09,-0.01,8,21672,卖盘,2017-07-31,2017-07-31 11:18:27
11:18:36,11:18:36,27.1,0.01,1,2710,买盘,2017-07-31,2017-07-31 11:18:36
11:18:45,11:18:45,27.09,-0.01,9,24381,卖盘,2017-07-31,2017-07-31 11:18:45
11:18:48,11:18:48,27.09,--,14,37926,卖盘,2017-07-31,2017-07-31 11:18:48
11:19:00,11:19:00,27.1,0.01,1,2710,买盘,2017-07-31,2017-07-31 11:19:00
11:19:09,11:19:09,27.1,--,1,2710,买盘,2017-07-31,2017-07-31 11:19:09
11:19:21,11:19:21,27.09,-0.01,2,5418,卖盘,2017-07-31,2017-07-31 11:19:21
11:19:33,11:19:33,27.1,0.01,1,2710,买盘,2017-07-31,2017-07-31 11:19:33
11:19:45,11:19:45,27.1,--,1,2710,买盘,2017-07-31,2017-07-31 11:19:45
11:19:51,11:19:51,27.09,-0.01,4,10836,卖盘,2017-07-31,2017-07-31 11:19:51
11:19:54,11:19:54,27.1,0.01,11,29810,买盘,2017-07-31,2017-07-31 11:19:54
11:20:03,11:20:03,27.1,--,125,338750,买盘,2017-07-31,2017-07-31 11:20:03
11:20:06,11:20:06,27.1,--,1,2710,买盘,2017-07-31,2017-07-31 11:20:06
11:20:18,11:20:18,27.1,--,1,2710,中性盘,2017-07-31,2017-07-31 11:20:18
11:20:30,11:20:30,27.11,0.01,1,2711,买盘,2017-07-31,2017-07-31 11:20:30
11:20:39,11:20:39,27.11,--,1,2711,买盘,2017-07-31,2017-07-31 11:20:39
11:21:03,11:21:03,27.11,--,1,2711,买盘,2017-07-31,2017-07-31 11:21:03
11:21:15,11:21:15,27.11,--,1,2711,买盘,2017-07-31,2017-07-31 11:21:15
11:21:27,11:21:27,27.09,-0.02,2,5418,卖盘,2017-07-31,2017-07-31 11:21:27
11:21:36,11:21:36,27.11,0.02,1,2711,买盘,2017-07-31,2017-07-31 11:21:36
11:21:48,11:21:48,27.11,--,1,2711,买盘,2017-07-31,2017-07-31 11:21:48
11:22:00,11:22:00,27.09,-0.02,11,29799,卖盘,2017-07-31,2017-07-31 11:22:00
11:22:09,11:22:09,27.09,--,1,2709,卖盘,2017-07-31,2017-07-31 11:22:09
11:22:12,11:22:12,27.11,0.02,1,2711,买盘,2017-07-31,2017-07-31 11:22:12
11:22:33,11:22:33,27.1,-0.01,1,2710,中性盘,2017-07-31,2017-07-31 11:22:33
11:22:45,11:22:45,27.13,0.03,200,542600,买盘,2017-07-31,2017-07-31 11:22:45
11:22:57,11:22:57,27.14,0.01,1,2714,买盘,2017-07-31,2017-07-31 11:22:57
11:23:06,11:23:06,27.15,0.01,4,10860,买盘,2017-07-31,2017-07-31 11:23:06
11:23:18,11:23:18,27.18,0.03,1,2718,买盘,2017-07-31,2017-07-31 11:23:18
11:23:30,11:23:30,27.17,-0.01,1,2717,中性盘,2017-07-31,2017-07-31 11:23:30
11:23:33,11:23:33,27.19,0.02,11,29909,买盘,2017-07-31,2017-07-31 11:23:33
11:23:36,11:23:36,27.19,--,7,19033,买盘,2017-07-31,2017-07-31 11:23:36
11:23:42,11:23:42,27.19,--,1,2719,买盘,2017-07-31,2017-07-31 11:23:42
11:23:45,11:23:45,27.19,--,1,2719,买盘,2017-07-31,2017-07-31 11:23:45
11:23:48,11:23:48,27.19,--,20,54380,买盘,2017-07-31,2017-07-31 11:23:48
11:23:54,11:23:54,27.2,0.01,7,19040,买盘,2017-07-31,2017-07-31 11:23:54
11:24:00,11:24:00,27.19,-0.01,10,27190,卖盘,2017-07-31,2017-07-31 11:24:00
11:24:03,11:24:03,27.2,0.01,13,35360,买盘,2017-07-31,2017-07-31 11:24:03
11:24:06,11:24:06,27.2,--,11,29920,买盘,2017-07-31,2017-07-31 11:24:06
11:24:09,11:24:09,27.2,--,10,27200,买盘,2017-07-31,2017-07-31 11:24:09
11:24:15,11:24:15,27.2,--,1,2720,买盘,2017-07-31,2017-07-31 11:24:15
11:24:18,11:24:18,27.19,-0.01,2,5438,卖盘,2017-07-31,2017-07-31 11:24:18
11:24:27,11:24:27,27.2,0.01,1,2720,买盘,2017-07-31,2017-07-31 11:24:27
11:24:30,11:24:30,27.19,-0.01,59,160421,卖盘,2017-07-31,2017-07-31 11:24:30
11:24:39,11:24:39,27.19,--,1,2719,买盘,2017-07-31,2017-07-31 11:24:39
11:24:48,11:24:48,27.18,-0.01,4,10872,卖盘,2017-07-31,2017-07-31 11:24:48
11:25:06,11:25:06,27.13,-0.05,1,2713,卖盘,2017-07-31,2017-07-31 11:25:06
11:25:12,11:25:12,27.13,--,1,2713,买盘,2017-07-31,2017-07-31 11:25:12
11:25:21,11:25:21,27.13,--,3,8139,买盘,2017-07-31,2017-07-31 11:25:21
11:25:24,11:25:24,27.13,--,1,2713,买盘,2017-07-31,2017-07-31 11:25:24
11:25:36,11:25:36,27.13,--,12,32556,买盘,2017-07-31,2017-07-31 11:25:36
11:25:45,11:25:45,27.13,--,1,2713,买盘,2017-07-31,2017-07-31 11:25:45
11:25:57,11:25:57,27.13,--,1,2713,买盘,2017-07-31,2017-07-31 11:25:57
11:26:00,11:26:00,27.12,-0.01,5,13560,卖盘,2017-07-31,2017-07-31 11:26:00
11:26:09,11:26:09,27.15,0.03,1,2715,买盘,2017-07-31,2017-07-31 11:26:09
11:26:15,11:26:15,27.18,0.03,1,2718,买盘,2017-07-31,2017-07-31 11:26:15
11:26:21,11:26:21,27.15,-0.03,8,21720,中性盘,2017-07-31,2017-07-31 11:26:21
11:26:30,11:26:30,27.15,--,1,2715,买盘,2017-07-31,2017-07-31 11:26:30
11:26:42,11:26:42,27.15,--,6,16290,买盘,2017-07-31,2017-07-31 11:26:42
11:26:51,11:26:51,27.15,--,2,5430,买盘,2017-07-31,2017-07-31 11:26:51
11:26:54,11:26:54,27.15,--,1,2715,买盘,2017-07-31,2017-07-31 11:26:54
11:26:57,11:26:57,27.15,--,3,8145,买盘,2017-07-31,2017-07-31 11:26:57
11:27:06,11:27:06,27.15,--,2,5430,买盘,2017-07-31,2017-07-31 11:27:06
11:27:12,11:27:12,27.15,--,2,5430,买盘,2017-07-31,2017-07-31 11:27:12
11:27:15,11:27:15,27.15,--,1,2715,买盘,2017-07-31,2017-07-31 11:27:15
11:27:27,11:27:27,27.15,--,2,5430,买盘,2017-07-31,2017-07-31 11:27:27
11:27:39,11:27:39,27.15,--,1,2715,买盘,2017-07-31,2017-07-31 11:27:39
11:27:45,11:27:45,27.15,--,2,5430,中性盘,2017-07-31,2017-07-31 11:27:45
11:27:51,11:27:51,27.15,--,1,2715,中性盘,2017-07-31,2017-07-31 11:27:51
11:28:03,11:28:03,27.15,--,1,2715,买盘,2017-07-31,2017-07-31 11:28:03
11:28:06,11:28:06,27.13,-0.02,8,21704,卖盘,2017-07-31,2017-07-31 11:28:06
11:28:12,11:28:12,27.13,--,1,2713,买盘,2017-07-31,2017-07-31 11:28:12
11:28:24,11:28:24,27.13,--,1,2713,买盘,2017-07-31,2017-07-31 11:28:24
11:28:36,11:28:36,27.13,--,1,2713,买盘,2017-07-31,2017-07-31 11:28:36
11:28:48,11:28:48,27.14,0.01,1,2714,中性盘,2017-07-31,2017-07-31 11:28:48
11:28:57,11:28:57,27.15,0.01,1,2715,买盘,2017-07-31,2017-07-31 11:28:57
11:29:06,11:29:06,27.13,-0.02,5,13565,卖盘,2017-07-31,2017-07-31 11:29:06
11:29:21,11:29:21,27.15,0.02,1,2715,买盘,2017-07-31,2017-07-31 11:29:21
11:29:30,11:29:30,27.15,--,5,13575,买盘,2017-07-31,2017-07-31 11:29:30
11:29:33,11:29:33,27.15,--,1,2715,买盘,2017-07-31,2017-07-31 11:29:33
11:29:42,11:29:42,27.15,--,1,2715,买盘,2017-07-31,2017-07-31 11:29:42
11:29:54,11:29:54,27.15,--,1,2715,买盘,2017-07-31,2017-07-31 11:29:54
11:30:00,11:30:00,27.15,--,0,0,买盘,2017-07-31,2017-07-31 11:30:00
13:00:00,13:00:00,27.5,0.35,2420,6655000,买盘,2017-07-31,2017-07-31 13:00:00
13:00:03,13:00:03,27.5,--,65,178750,卖盘,2017-07-31,2017-07-31 13:00:03
13:00:06,13:00:06,27.2,-0.3,59,160480,卖盘,2017-07-31,2017-07-31 13:00:06
13:00:15,13:00:15,27.53,0.33,49,134897,买盘,2017-07-31,2017-07-31 13:00:15
13:00:30,13:00:30,27.53,--,1,2753,买盘,2017-07-31,2017-07-31 13:00:30
13:00:33,13:00:33,27.55,0.02,132,363660,买盘,2017-07-31,2017-07-31 13:00:33
13:00:39,13:00:39,27.55,--,3,8265,买盘,2017-07-31,2017-07-31 13:00:39
13:00:54,13:00:54,27.35,-0.2,5,13675,中性盘,2017-07-31,2017-07-31 13:00:54
13:00:57,13:00:57,27.5,0.15,1,2750,中性盘,2017-07-31,2017-07-31 13:00:57
13:01:03,13:01:03,27.5,--,3,8250,买盘,2017-07-31,2017-07-31 13:01:03
13:01:12,13:01:12,27.5,--,1,2750,中性盘,2017-07-31,2017-07-31 13:01:12
13:01:15,13:01:15,27.4,-0.1,6,16440,卖盘,2017-07-31,2017-07-31 13:01:15
13:01:18,13:01:18,27.49,0.09,2,5498,买盘,2017-07-31,2017-07-31 13:01:18
13:01:27,13:01:27,27.48,-0.01,1,2748,中性盘,2017-07-31,2017-07-31 13:01:27
13:01:33,13:01:33,27.48,--,4,10992,买盘,2017-07-31,2017-07-31 13:01:33
13:01:36,13:01:36,27.49,0.01,1,2749,买盘,2017-07-31,2017-07-31 13:01:36
13:01:39,13:01:39,27.48,-0.01,1,2748,卖盘,2017-07-31,2017-07-31 13:01:39
13:01:45,13:01:45,27.49,0.01,5,13745,买盘,2017-07-31,2017-07-31 13:01:45
13:01:48,13:01:48,27.5,0.01,1,2750,买盘,2017-07-31,2017-07-31 13:01:48
13:01:51,13:01:51,27.5,--,22,60500,买盘,2017-07-31,2017-07-31 13:01:51
13:01:54,13:01:54,27.5,--,3,8250,卖盘,2017-07-31,2017-07-31 13:01:54
13:01:57,13:01:57,27.52,0.02,11,30272,买盘,2017-07-31,2017-07-31 13:01:57
13:02:00,13:02:00,27.54,0.02,1,2754,买盘,2017-07-31,2017-07-31 13:02:00
13:02:03,13:02:03,27.52,-0.02,6,16512,卖盘,2017-07-31,2017-07-31 13:02:03
13:02:06,13:02:06,27.54,0.02,2,5508,买盘,2017-07-31,2017-07-31 13:02:06
13:02:09,13:02:09,27.54,--,4,11016,买盘,2017-07-31,2017-07-31 13:02:09
13:02:12,13:02:12,27.54,--,10,27540,买盘,2017-07-31,2017-07-31 13:02:12
13:02:15,13:02:15,27.54,--,6,16524,中性盘,2017-07-31,2017-07-31 13:02:15
13:02:18,13:02:18,27.56,0.02,3,8268,买盘,2017-07-31,2017-07-31 13:02:18
13:02:24,13:02:24,27.58,0.02,107,295106,买盘,2017-07-31,2017-07-31 13:02:24
13:02:27,13:02:27,27.58,--,3,8274,卖盘,2017-07-31,2017-07-31 13:02:27
13:02:30,13:02:30,27.6,0.02,49,135240,买盘,2017-07-31,2017-07-31 13:02:30
13:02:33,13:02:33,27.64,0.04,29,80156,买盘,2017-07-31,2017-07-31 13:02:33
13:02:36,13:02:36,27.64,--,17,46988,买盘,2017-07-31,2017-07-31 13:02:36
13:02:39,13:02:39,27.64,--,1,2764,买盘,2017-07-31,2017-07-31 13:02:39
13:02:42,13:02:42,27.65,0.01,16,44240,买盘,2017-07-31,2017-07-31 13:02:42
13:02:45,13:02:45,27.65,--,6,16590,买盘,2017-07-31,2017-07-31 13:02:45
13:02:48,13:02:48,27.65,--,28,77420,买盘,2017-07-31,2017-07-31 13:02:48
13:02:51,13:02:51,27.64,-0.01,256,707584,卖盘,2017-07-31,2017-07-31 13:02:51
13:02:54,13:02:54,27.64,--,4,11056,买盘,2017-07-31,2017-07-31 13:02:54
13:02:57,13:02:57,27.64,--,6,16584,买盘,2017-07-31,2017-07-31 13:02:57
13:03:00,13:03:00,27.64,--,13,35932,买盘,2017-07-31,2017-07-31 13:03:00
13:03:03,13:03:03,27.64,--,7,19348,中性盘,2017-07-31,2017-07-31 13:03:03
13:03:06,13:03:06,27.69,0.05,1,2769,中性盘,2017-07-31,2017-07-31 13:03:06
13:03:09,13:03:09,27.7,0.01,47,130190,买盘,2017-07-31,2017-07-31 13:03:09
13:03:12,13:03:12,27.72,0.02,23,63756,买盘,2017-07-31,2017-07-31 13:03:12
13:03:15,13:03:15,27.7,-0.02,18,49860,卖盘,2017-07-31,2017-07-31 13:03:15
13:03:18,13:03:18,27.78,0.08,83,230574,买盘,2017-07-31,2017-07-31 13:03:18
13:03:21,13:03:21,27.78,--,112,311136,卖盘,2017-07-31,2017-07-31 13:03:21
13:03:24,13:03:24,27.78,--,1,2778,卖盘,2017-07-31,2017-07-31 13:03:24
13:03:27,13:03:27,27.79,0.01,6,16674,买盘,2017-07-31,2017-07-31 13:03:27
13:03:30,13:03:30,27.8,0.01,175,486500,买盘,2017-07-31,2017-07-31 13:03:30
13:03:33,13:03:33,27.85,0.05,6,16710,买盘,2017-07-31,2017-07-31 13:03:33
13:03:36,13:03:36,27.83,-0.02,1,2783,卖盘,2017-07-31,2017-07-31 13:03:36
13:03:39,13:03:39,27.85,0.02,17,47345,买盘,2017-07-31,2017-07-31 13:03:39
13:03:42,13:03:42,27.86,0.01,3,8358,买盘,2017-07-31,2017-07-31 13:03:42
13:03:45,13:03:45,27.86,--,4,11144,买盘,2017-07-31,2017-07-31 13:03:45
13:03:48,13:03:48,27.87,0.01,44,122628,买盘,2017-07-31,2017-07-31 13:03:48
13:03:51,13:03:51,27.87,--,17,47379,买盘,2017-07-31,2017-07-31 13:03:51
13:03:54,13:03:54,27.88,0.01,138,384744,买盘,2017-07-31,2017-07-31 13:03:54
13:03:57,13:03:57,27.87,-0.01,11,30657,卖盘,2017-07-31,2017-07-31 13:03:57
13:04:00,13:04:00,27.9,0.03,38,106020,买盘,2017-07-31,2017-07-31 13:04:00
13:04:03,13:04:03,27.88,-0.02,50,139400,卖盘,2017-07-31,2017-07-31 13:04:03
13:04:06,13:04:06,27.93,0.05,35,97755,买盘,2017-07-31,2017-07-31 13:04:06
13:04:09,13:04:09,27.9,-0.03,8,22320,卖盘,2017-07-31,2017-07-31 13:04:09
13:04:12,13:04:12,27.93,0.03,1,2793,买盘,2017-07-31,2017-07-31 13:04:12
13:04:15,13:04:15,27.92,-0.01,32,89344,中性盘,2017-07-31,2017-07-31 13:04:15
13:04:18,13:04:18,27.96,0.04,204,570384,买盘,2017-07-31,2017-07-31 13:04:18
13:04:21,13:04:21,27.93,-0.03,58,161994,卖盘,2017-07-31,2017-07-31 13:04:21
13:04:24,13:04:24,27.93,--,126,351918,卖盘,2017-07-31,2017-07-31 13:04:24
13:04:27,13:04:27,27.99,0.06,5,13995,买盘,2017-07-31,2017-07-31 13:04:27
13:04:30,13:04:30,27.97,-0.02,8,22376,卖盘,2017-07-31,2017-07-31 13:04:30
13:04:33,13:04:33,27.96,-0.01,26,72696,卖盘,2017-07-31,2017-07-31 13:04:33
13:04:36,13:04:36,28.0,0.04,170,476000,买盘,2017-07-31,2017-07-31 13:04:36
13:04:39,13:04:39,28.0,--,13,36400,卖盘,2017-07-31,2017-07-31 13:04:39
13:04:42,13:04:42,28.0,--,24,67200,卖盘,2017-07-31,2017-07-31 13:04:42
13:04:45,13:04:45,28.0,--,88,246400,买盘,2017-07-31,2017-07-31 13:04:45
13:04:48,13:04:48,27.99,-0.01,135,377865,卖盘,2017-07-31,2017-07-31 13:04:48
13:04:51,13:04:51,28.01,0.02,43,120443,买盘,2017-07-31,2017-07-31 13:04:51
13:04:54,13:04:54,28.01,--,5,14005,卖盘,2017-07-31,2017-07-31 13:04:54
13:04:57,13:04:57,28.01,--,5,14005,卖盘,2017-07-31,2017-07-31 13:04:57
13:05:00,13:05:00,28.07,0.06,3,8421,买盘,2017-07-31,2017-07-31 13:05:00
13:05:03,13:05:03,28.07,--,10,28070,买盘,2017-07-31,2017-07-31 13:05:03
13:05:06,13:05:06,28.07,--,25,70175,买盘,2017-07-31,2017-07-31 13:05:06
13:05:09,13:05:09,28.02,-0.05,17,47634,卖盘,2017-07-31,2017-07-31 13:05:09
13:05:12,13:05:12,28.07,0.05,17,47719,买盘,2017-07-31,2017-07-31 13:05:12
13:05:15,13:05:15,28.05,-0.02,35,98175,卖盘,2017-07-31,2017-07-31 13:05:15
13:05:18,13:05:18,28.05,--,70,196350,卖盘,2017-07-31,2017-07-31 13:05:18
13:05:21,13:05:21,28.07,0.02,12,33684,买盘,2017-07-31,2017-07-31 13:05:21
13:05:24,13:05:24,28.07,--,107,300349,买盘,2017-07-31,2017-07-31 13:05:24
13:05:27,13:05:27,28.07,--,41,115087,卖盘,2017-07-31,2017-07-31 13:05:27
13:05:30,13:05:30,28.07,--,59,165613,买盘,2017-07-31,2017-07-31 13:05:30
13:05:33,13:05:33,28.07,--,36,101052,卖盘,2017-07-31,2017-07-31 13:05:33
13:05:36,13:05:36,28.07,--,19,53333,卖盘,2017-07-31,2017-07-31 13:05:36
13:05:39,13:05:39,28.05,-0.02,78,218790,卖盘,2017-07-31,2017-07-31 13:05:39
13:05:45,13:05:45,28.05,--,55,154275,卖盘,2017-07-31,2017-07-31 13:05:45
13:05:48,13:05:48,28.05,--,5,14025,卖盘,2017-07-31,2017-07-31 13:05:48
13:05:51,13:05:51,28.07,0.02,126,353682,买盘,2017-07-31,2017-07-31 13:05:51
13:05:54,13:05:54,28.03,-0.04,1,2803,中性盘,2017-07-31,2017-07-31 13:05:54
13:05:57,13:05:57,28.01,-0.02,4,11204,卖盘,2017-07-31,2017-07-31 13:05:57
13:06:00,13:06:00,28.05,0.04,77,215985,买盘,2017-07-31,2017-07-31 13:06:00
13:06:03,13:06:03,28.07,0.02,376,1055432,买盘,2017-07-31,2017-07-31 13:06:03
13:06:06,13:06:06,28.05,-0.02,50,140250,卖盘,2017-07-31,2017-07-31 13:06:06
13:06:09,13:06:09,28.0,-0.05,64,179200,卖盘,2017-07-31,2017-07-31 13:06:09
13:06:12,13:06:12,28.0,--,5,14000,买盘,2017-07-31,2017-07-31 13:06:12
13:06:15,13:06:15,28.0,--,7,19600,买盘,2017-07-31,2017-07-31 13:06:15
13:06:18,13:06:18,27.99,-0.01,1,2799,买盘,2017-07-31,2017-07-31 13:06:18
13:06:21,13:06:21,27.98,-0.01,11,30778,卖盘,2017-07-31,2017-07-31 13:06:21
13:06:24,13:06:24,27.99,0.01,9,25191,买盘,2017-07-31,2017-07-31 13:06:24
13:06:27,13:06:27,27.9,-0.09,24,66960,卖盘,2017-07-31,2017-07-31 13:06:27
13:06:33,13:06:33,27.9,--,5,13950,买盘,2017-07-31,2017-07-31 13:06:33
13:06:36,13:06:36,27.89,-0.01,4,11156,卖盘,2017-07-31,2017-07-31 13:06:36
13:06:39,13:06:39,27.89,--,1,2789,卖盘,2017-07-31,2017-07-31 13:06:39
13:06:42,13:06:42,27.89,--,31,86459,卖盘,2017-07-31,2017-07-31 13:06:42
13:06:45,13:06:45,27.89,--,7,19523,买盘,2017-07-31,2017-07-31 13:06:45
13:06:48,13:06:48,27.8,-0.09,3,8340,卖盘,2017-07-31,2017-07-31 13:06:48
13:06:51,13:06:51,27.83,0.03,25,69575,中性盘,2017-07-31,2017-07-31 13:06:51
13:06:57,13:06:57,27.83,--,23,64008,买盘,2017-07-31,2017-07-31 13:06:57
13:07:00,13:07:00,27.83,--,7,19481,买盘,2017-07-31,2017-07-31 13:07:00
13:07:03,13:07:03,27.8,-0.03,9,25020,卖盘,2017-07-31,2017-07-31 13:07:03
13:07:06,13:07:06,27.8,--,2,5560,买盘,2017-07-31,2017-07-31 13:07:06
13:07:09,13:07:09,27.8,--,5,13900,买盘,2017-07-31,2017-07-31 13:07:09
13:07:12,13:07:12,27.8,--,30,83400,买盘,2017-07-31,2017-07-31 13:07:12
13:07:15,13:07:15,27.81,0.01,4,11124,买盘,2017-07-31,2017-07-31 13:07:15
13:07:21,13:07:21,27.8,-0.01,107,297460,卖盘,2017-07-31,2017-07-31 13:07:21
13:07:24,13:07:24,27.83,0.03,8,22264,中性盘,2017-07-31,2017-07-31 13:07:24
13:07:27,13:07:27,27.89,0.06,70,195230,买盘,2017-07-31,2017-07-31 13:07:27
13:07:30,13:07:30,27.89,--,4,11156,买盘,2017-07-31,2017-07-31 13:07:30
13:07:33,13:07:33,27.84,-0.05,23,64032,中性盘,2017-07-31,2017-07-31 13:07:33
13:07:36,13:07:36,27.87,0.03,1,2787,中性盘,2017-07-31,2017-07-31 13:07:36
13:07:39,13:07:39,27.88,0.01,9,25092,买盘,2017-07-31,2017-07-31 13:07:39
13:07:42,13:07:42,27.9,0.02,19,53010,买盘,2017-07-31,2017-07-31 13:07:42
13:07:48,13:07:48,27.96,0.06,1,2796,中性盘,2017-07-31,2017-07-31 13:07:48
13:07:51,13:07:51,27.97,0.01,3,8391,买盘,2017-07-31,2017-07-31 13:07:51
13:07:57,13:07:57,27.98,0.01,64,179072,买盘,2017-07-31,2017-07-31 13:07:57
13:08:00,13:08:00,27.97,-0.01,6,16782,卖盘,2017-07-31,2017-07-31 13:08:00
13:08:03,13:08:03,28.0,0.03,120,336000,买盘,2017-07-31,2017-07-31 13:08:03
13:08:09,13:08:09,28.0,--,15,42000,卖盘,2017-07-31,2017-07-31 13:08:09
13:08:15,13:08:15,28.0,--,53,148400,卖盘,2017-07-31,2017-07-31 13:08:15
13:08:18,13:08:18,28.0,--,21,58800,卖盘,2017-07-31,2017-07-31 13:08:18
13:08:21,13:08:21,28.05,0.05,3,8415,买盘,2017-07-31,2017-07-31 13:08:21
13:08:24,13:08:24,28.05,--,23,64515,买盘,2017-07-31,2017-07-31 13:08:24
13:08:27,13:08:27,28.0,-0.05,7,19600,卖盘,2017-07-31,2017-07-31 13:08:27
13:08:30,13:08:30,28.0,--,12,33600,卖盘,2017-07-31,2017-07-31 13:08:30
13:08:33,13:08:33,28.05,0.05,30,84150,买盘,2017-07-31,2017-07-31 13:08:33
13:08:36,13:08:36,28.0,-0.05,9,25200,卖盘,2017-07-31,2017-07-31 13:08:36
13:08:39,13:08:39,28.05,0.05,30,84150,买盘,2017-07-31,2017-07-31 13:08:39
13:08:42,13:08:42,28.05,--,73,204765,卖盘,2017-07-31,2017-07-31 13:08:42
13:08:45,13:08:45,28.05,--,4,11220,卖盘,2017-07-31,2017-07-31 13:08:45
13:08:48,13:08:48,28.05,--,7,19635,卖盘,2017-07-31,2017-07-31 13:08:48
13:08:51,13:08:51,28.05,--,11,30855,卖盘,2017-07-31,2017-07-31 13:08:51
13:08:54,13:08:54,28.05,--,12,33660,卖盘,2017-07-31,2017-07-31 13:08:54
13:08:57,13:08:57,28.06,0.01,7,19642,买盘,2017-07-31,2017-07-31 13:08:57
13:09:00,13:09:00,28.05,-0.01,5,14025,买盘,2017-07-31,2017-07-31 13:09:00
13:09:03,13:09:03,28.05,--,25,70125,买盘,2017-07-31,2017-07-31 13:09:03
13:09:09,13:09:09,28.05,--,11,30855,买盘,2017-07-31,2017-07-31 13:09:09
13:09:12,13:09:12,28.01,-0.04,3,8403,卖盘,2017-07-31,2017-07-31 13:09:12
13:09:15,13:09:15,28.01,--,17,47617,卖盘,2017-07-31,2017-07-31 13:09:15
13:09:18,13:09:18,28.01,--,5,14005,买盘,2017-07-31,2017-07-31 13:09:18
13:09:21,13:09:21,28.05,0.04,222,622710,买盘,2017-07-31,2017-07-31 13:09:21
13:09:24,13:09:24,28.0,-0.05,32,89600,卖盘,2017-07-31,2017-07-31 13:09:24
13:09:27,13:09:27,28.01,0.01,9,25209,中性盘,2017-07-31,2017-07-31 13:09:27
13:09:30,13:09:30,28.01,--,3,8403,卖盘,2017-07-31,2017-07-31 13:09:30
13:09:33,13:09:33,28.01,--,2,5602,卖盘,2017-07-31,2017-07-31 13:09:33
13:09:36,13:09:36,28.01,--,25,70025,买盘,2017-07-31,2017-07-31 13:09:36
13:09:42,13:09:42,28.05,0.04,50,140250,买盘,2017-07-31,2017-07-31 13:09:42
13:09:45,13:09:45,28.0,-0.05,24,67200,卖盘,2017-07-31,2017-07-31 13:09:45
13:09:48,13:09:48,28.01,0.01,6,16806,买盘,2017-07-31,2017-07-31 13:09:48
13:09:51,13:09:51,28.01,--,7,19607,卖盘,2017-07-31,2017-07-31 13:09:51
13:09:54,13:09:54,28.0,-0.01,1,2800,卖盘,2017-07-31,2017-07-31 13:09:54
13:09:57,13:09:57,28.01,0.01,22,61622,买盘,2017-07-31,2017-07-31 13:09:57
13:10:03,13:10:03,28.0,-0.01,108,302400,卖盘,2017-07-31,2017-07-31 13:10:03
13:10:06,13:10:06,28.0,--,9,25200,卖盘,2017-07-31,2017-07-31 13:10:06
13:10:12,13:10:12,28.01,0.01,20,56020,买盘,2017-07-31,2017-07-31 13:10:12
13:10:15,13:10:15,28.01,--,8,22408,卖盘,2017-07-31,2017-07-31 13:10:15
13:10:18,13:10:18,28.01,--,27,75627,卖盘,2017-07-31,2017-07-31 13:10:18
13:10:21,13:10:21,28.01,--,32,89632,买盘,2017-07-31,2017-07-31 13:10:21
13:10:24,13:10:24,27.99,-0.02,17,47583,卖盘,2017-07-31,2017-07-31 13:10:24
13:10:27,13:10:27,27.99,--,14,39186,卖盘,2017-07-31,2017-07-31 13:10:27
13:10:30,13:10:30,28.0,0.01,1,2800,买盘,2017-07-31,2017-07-31 13:10:30
13:10:33,13:10:33,27.99,-0.01,1,2799,卖盘,2017-07-31,2017-07-31 13:10:33
13:10:36,13:10:36,27.97,-0.02,10,27970,卖盘,2017-07-31,2017-07-31 13:10:36
13:10:39,13:10:39,27.97,--,1,2797,买盘,2017-07-31,2017-07-31 13:10:39
13:10:45,13:10:45,28.0,0.03,100,280000,买盘,2017-07-31,2017-07-31 13:10:45
13:10:51,13:10:51,27.92,-0.08,2,5584,卖盘,2017-07-31,2017-07-31 13:10:51
13:10:54,13:10:54,27.92,--,6,16752,卖盘,2017-07-31,2017-07-31 13:10:54
13:11:00,13:11:00,27.94,0.02,2,5588,中性盘,2017-07-31,2017-07-31 13:11:00
13:11:03,13:11:03,27.95,0.01,17,47515,买盘,2017-07-31,2017-07-31 13:11:03
13:11:06,13:11:06,27.92,-0.03,10,27920,卖盘,2017-07-31,2017-07-31 13:11:06
13:11:09,13:11:09,27.92,--,5,13960,卖盘,2017-07-31,2017-07-31 13:11:09
13:11:12,13:11:12,27.92,--,13,36296,卖盘,2017-07-31,2017-07-31 13:11:12
13:11:15,13:11:15,27.92,--,6,16752,卖盘,2017-07-31,2017-07-31 13:11:15
13:11:21,13:11:21,27.92,--,7,19544,卖盘,2017-07-31,2017-07-31 13:11:21
13:11:24,13:11:24,27.92,--,3,8376,卖盘,2017-07-31,2017-07-31 13:11:24
13:11:30,13:11:30,27.91,-0.01,5,13955,卖盘,2017-07-31,2017-07-31 13:11:30
13:11:33,13:11:33,27.92,0.01,4,11168,买盘,2017-07-31,2017-07-31 13:11:33
13:11:36,13:11:36,27.95,0.03,10,27950,买盘,2017-07-31,2017-07-31 13:11:36
13:11:42,13:11:42,27.92,-0.03,7,19544,卖盘,2017-07-31,2017-07-31 13:11:42
13:11:45,13:11:45,27.95,0.03,5,13975,买盘,2017-07-31,2017-07-31 13:11:45
13:11:48,13:11:48,27.95,--,22,61490,买盘,2017-07-31,2017-07-31 13:11:48
13:12:00,13:12:00,28.0,0.05,13,36400,买盘,2017-07-31,2017-07-31 13:12:00
13:12:03,13:12:03,27.98,-0.02,16,44768,中性盘,2017-07-31,2017-07-31 13:12:03
13:12:06,13:12:06,28.0,0.02,90,253400,买盘,2017-07-31,2017-07-31 13:12:06
13:12:09,13:12:09,28.0,--,8,22400,卖盘,2017-07-31,2017-07-31 13:12:09
13:12:12,13:12:12,28.0,--,2,5600,卖盘,2017-07-31,2017-07-31 13:12:12
13:12:15,13:12:15,28.02,0.02,19,53238,买盘,2017-07-31,2017-07-31 13:12:15
13:12:18,13:12:18,28.03,0.01,3,8409,卖盘,2017-07-31,2017-07-31 13:12:18
13:12:21,13:12:21,28.0,-0.03,15,43400,卖盘,2017-07-31,2017-07-31 13:12:21
13:12:24,13:12:24,28.0,--,1,2800,买盘,2017-07-31,2017-07-31 13:12:24
13:12:27,13:12:27,28.0,--,4,11200,买盘,2017-07-31,2017-07-31 13:12:27
13:12:30,13:12:30,28.0,--,28,78400,买盘,2017-07-31,2017-07-31 13:12:30
13:12:33,13:12:33,27.96,-0.04,2,5592,卖盘,2017-07-31,2017-07-31 13:12:33
13:12:36,13:12:36,28.0,0.04,40,112000,买盘,2017-07-31,2017-07-31 13:12:36
13:12:42,13:12:42,27.98,-0.02,1,2798,中性盘,2017-07-31,2017-07-31 13:12:42
13:12:48,13:12:48,28.0,0.02,12,35000,买盘,2017-07-31,2017-07-31 13:12:48
13:12:51,13:12:51,28.0,--,2,5600,卖盘,2017-07-31,2017-07-31 13:12:51
13:12:54,13:12:54,28.02,0.02,13,36426,买盘,2017-07-31,2017-07-31 13:12:54
13:12:57,13:12:57,28.0,-0.02,41,114800,卖盘,2017-07-31,2017-07-31 13:12:57
13:13:00,13:13:00,28.02,0.02,13,36426,买盘,2017-07-31,2017-07-31 13:13:00
13:13:03,13:13:03,28.02,--,8,22416,卖盘,2017-07-31,2017-07-31 13:13:03
13:13:06,13:13:06,28.03,0.01,1,2803,买盘,2017-07-31,2017-07-31 13:13:06
13:13:09,13:13:09,28.03,--,100,280300,买盘,2017-07-31,2017-07-31 13:13:09
13:13:12,13:13:12,28.02,-0.01,10,28020,卖盘,2017-07-31,2017-07-31 13:13:12
13:13:18,13:13:18,28.04,0.02,1,2804,买盘,2017-07-31,2017-07-31 13:13:18
13:13:21,13:13:21,28.04,--,20,56080,买盘,2017-07-31,2017-07-31 13:13:21
13:13:24,13:13:24,28.03,-0.01,24,67272,卖盘,2017-07-31,2017-07-31 13:13:24
13:13:27,13:13:27,28.04,0.01,8,22432,买盘,2017-07-31,2017-07-31 13:13:27
13:13:30,13:13:30,28.01,-0.03,26,72826,卖盘,2017-07-31,2017-07-31 13:13:30
13:13:36,13:13:36,28.06,0.05,163,457378,买盘,2017-07-31,2017-07-31 13:13:36
13:13:39,13:13:39,28.06,--,1,2806,卖盘,2017-07-31,2017-07-31 13:13:39
13:13:45,13:13:45,28.06,--,27,75762,卖盘,2017-07-31,2017-07-31 13:13:45
13:13:48,13:13:48,28.06,--,5,14030,卖盘,2017-07-31,2017-07-31 13:13:48
13:13:51,13:13:51,28.1,0.04,123,345630,买盘,2017-07-31,2017-07-31 13:13:51
13:13:54,13:13:54,28.15,0.05,61,171715,买盘,2017-07-31,2017-07-31 13:13:54
13:13:57,13:13:57,28.15,--,6,16890,卖盘,2017-07-31,2017-07-31 13:13:57
13:14:00,13:14:00,28.22,0.07,83,234226,买盘,2017-07-31,2017-07-31 13:14:00
13:14:03,13:14:03,28.22,--,18,50796,卖盘,2017-07-31,2017-07-31 13:14:03
13:14:06,13:14:06,28.28,0.06,13,36764,买盘,2017-07-31,2017-07-31 13:14:06
13:14:09,13:14:09,28.28,--,9,25452,买盘,2017-07-31,2017-07-31 13:14:09
13:14:12,13:14:12,28.3,0.02,18,50940,买盘,2017-07-31,2017-07-31 13:14:12
13:14:15,13:14:15,28.3,--,24,67920,买盘,2017-07-31,2017-07-31 13:14:15
13:14:18,13:14:18,28.3,--,18,50940,买盘,2017-07-31,2017-07-31 13:14:18
13:14:21,13:14:21,28.28,-0.02,36,101808,卖盘,2017-07-31,2017-07-31 13:14:21
13:14:24,13:14:24,28.3,0.02,38,107540,买盘,2017-07-31,2017-07-31 13:14:24
13:14:27,13:14:27,28.3,--,32,90560,买盘,2017-07-31,2017-07-31 13:14:27
13:14:30,13:14:30,28.3,--,34,96220,买盘,2017-07-31,2017-07-31 13:14:30
13:14:33,13:14:33,28.29,-0.01,28,79212,中性盘,2017-07-31,2017-07-31 13:14:33
13:14:36,13:14:36,28.28,-0.01,65,183820,卖盘,2017-07-31,2017-07-31 13:14:36
13:14:39,13:14:39,28.28,--,35,98980,买盘,2017-07-31,2017-07-31 13:14:39
13:14:42,13:14:42,28.28,--,35,98980,买盘,2017-07-31,2017-07-31 13:14:42
13:14:45,13:14:45,28.25,-0.03,56,158200,卖盘,2017-07-31,2017-07-31 13:14:45
13:14:48,13:14:48,28.23,-0.02,8,22584,买盘,2017-07-31,2017-07-31 13:14:48
13:14:54,13:14:54,28.23,--,19,53637,买盘,2017-07-31,2017-07-31 13:14:54
13:14:57,13:14:57,28.18,-0.05,8,22544,卖盘,2017-07-31,2017-07-31 13:14:57
13:15:00,13:15:00,28.18,--,15,42270,卖盘,2017-07-31,2017-07-31 13:15:00
13:15:03,13:15:03,28.17,-0.01,15,42255,卖盘,2017-07-31,2017-07-31 13:15:03
13:15:09,13:15:09,28.11,-0.06,10,28110,卖盘,2017-07-31,2017-07-31 13:15:09
13:15:12,13:15:12,28.11,--,16,44976,卖盘,2017-07-31,2017-07-31 13:15:12
13:15:15,13:15:15,28.11,--,5,14055,卖盘,2017-07-31,2017-07-31 13:15:15
13:15:18,13:15:18,28.18,0.07,1,2818,买盘,2017-07-31,2017-07-31 13:15:18
13:15:21,13:15:21,28.11,-0.07,12,33732,卖盘,2017-07-31,2017-07-31 13:15:21
13:15:24,13:15:24,28.16,0.05,10,28160,买盘,2017-07-31,2017-07-31 13:15:24
13:15:27,13:15:27,28.12,-0.04,2,5624,中性盘,2017-07-31,2017-07-31 13:15:27
13:15:30,13:15:30,28.1,-0.02,65,182650,卖盘,2017-07-31,2017-07-31 13:15:30
13:15:33,13:15:33,28.11,0.01,4,11244,买盘,2017-07-31,2017-07-31 13:15:33
13:15:36,13:15:36,28.1,-0.01,2,5620,卖盘,2017-07-31,2017-07-31 13:15:36
13:15:39,13:15:39,28.1,--,14,39340,卖盘,2017-07-31,2017-07-31 13:15:39
13:15:42,13:15:42,28.1,--,8,22480,卖盘,2017-07-31,2017-07-31 13:15:42
13:15:45,13:15:45,28.1,--,6,16860,买盘,2017-07-31,2017-07-31 13:15:45
13:15:48,13:15:48,28.1,--,1,2810,买盘,2017-07-31,2017-07-31 13:15:48
13:15:54,13:15:54,28.08,-0.02,33,92664,卖盘,2017-07-31,2017-07-31 13:15:54
13:15:57,13:15:57,28.08,--,3,8424,卖盘,2017-07-31,2017-07-31 13:15:57
13:16:03,13:16:03,28.08,--,51,143208,卖盘,2017-07-31,2017-07-31 13:16:03
13:16:06,13:16:06,28.1,0.02,22,61820,买盘,2017-07-31,2017-07-31 13:16:06
13:16:09,13:16:09,28.08,-0.02,26,73008,卖盘,2017-07-31,2017-07-31 13:16:09
13:16:12,13:16:12,28.08,--,6,16848,卖盘,2017-07-31,2017-07-31 13:16:12
13:16:15,13:16:15,28.09,0.01,1,2809,买盘,2017-07-31,2017-07-31 13:16:15
13:16:18,13:16:18,28.09,--,11,30899,买盘,2017-07-31,2017-07-31 13:16:18
13:16:21,13:16:21,28.09,--,13,36517,买盘,2017-07-31,2017-07-31 13:16:21
13:16:24,13:16:24,28.08,-0.01,5,14040,卖盘,2017-07-31,2017-07-31 13:16:24
13:16:27,13:16:27,28.08,--,6,16848,卖盘,2017-07-31,2017-07-31 13:16:27
13:16:30,13:16:30,28.09,0.01,5,14045,买盘,2017-07-31,2017-07-31 13:16:30
13:16:33,13:16:33,28.09,--,17,47753,买盘,2017-07-31,2017-07-31 13:16:33
13:16:36,13:16:36,28.1,0.01,4,11240,买盘,2017-07-31,2017-07-31 13:16:36
13:16:42,13:16:42,28.11,0.01,39,109629,买盘,2017-07-31,2017-07-31 13:16:42
13:16:45,13:16:45,28.1,-0.01,20,56200,中性盘,2017-07-31,2017-07-31 13:16:45
13:16:48,13:16:48,28.09,-0.01,10,28090,卖盘,2017-07-31,2017-07-31 13:16:48
13:16:54,13:16:54,28.11,0.02,19,53409,买盘,2017-07-31,2017-07-31 13:16:54
13:17:03,13:17:03,28.11,--,16,44976,卖盘,2017-07-31,2017-07-31 13:17:03
13:17:06,13:17:06,28.15,0.04,2,5630,买盘,2017-07-31,2017-07-31 13:17:06
13:17:09,13:17:09,28.15,--,2,5630,卖盘,2017-07-31,2017-07-31 13:17:09
