idx_time,time,price,change,volume,amount,type,date,date_time
09:25:03,09:25:03,38.2,38.2,1869,7139580,买盘,2017-07-18,2017-07-18 09:25:03
09:30:00,09:30:00,38.23,0.03,62,237025,买盘,2017-07-18,2017-07-18 09:30:00
09:30:03,09:30:03,38.3,0.07,2991,11455530,买盘,2017-07-18,2017-07-18 09:30:03
09:30:06,09:30:06,38.5,0.2,685,2637250,买盘,2017-07-18,2017-07-18 09:30:06
09:30:09,09:30:09,38.39,-0.11,468,1796652,卖盘,2017-07-18,2017-07-18 09:30:09
09:30:12,09:30:12,38.6,0.21,44,169840,买盘,2017-07-18,2017-07-18 09:30:12
09:30:15,09:30:15,38.6,--,173,667780,买盘,2017-07-18,2017-07-18 09:30:15
09:30:18,09:30:18,38.5,-0.1,150,577500,卖盘,2017-07-18,2017-07-18 09:30:18
09:30:21,09:30:21,38.5,--,216,831600,卖盘,2017-07-18,2017-07-18 09:30:21
09:30:24,09:30:24,38.5,--,129,496650,买盘,2017-07-18,2017-07-18 09:30:24
09:30:27,09:30:27,38.44,-0.06,128,492032,中性盘,2017-07-18,2017-07-18 09:30:27
09:30:30,09:30:30,38.5,0.06,92,354200,买盘,2017-07-18,2017-07-18 09:30:30
09:30:33,09:30:33,38.68,0.18,464,1794752,买盘,2017-07-18,2017-07-18 09:30:33
09:30:36,09:30:36,38.43,-0.25,117,449631,中性盘,2017-07-18,2017-07-18 09:30:36
09:30:39,09:30:39,38.44,0.01,114,438216,买盘,2017-07-18,2017-07-18 09:30:39
09:30:42,09:30:42,38.43,-0.01,319,1225917,中性盘,2017-07-18,2017-07-18 09:30:42
09:30:45,09:30:45,38.51,0.08,92,354292,中性盘,2017-07-18,2017-07-18 09:30:45
09:30:48,09:30:48,38.44,-0.07,125,480500,卖盘,2017-07-18,2017-07-18 09:30:48
09:30:51,09:30:51,38.52,0.08,86,331272,卖盘,2017-07-18,2017-07-18 09:30:51
09:30:54,09:30:54,38.59,0.07,184,710056,买盘,2017-07-18,2017-07-18 09:30:54
09:30:57,09:30:57,38.52,-0.07,74,285048,中性盘,2017-07-18,2017-07-18 09:30:57
09:31:00,09:31:00,38.56,0.04,164,632384,买盘,2017-07-18,2017-07-18 09:31:00
09:31:03,09:31:03,38.52,-0.04,118,454536,卖盘,2017-07-18,2017-07-18 09:31:03
09:31:06,09:31:06,38.56,0.04,171,659376,买盘,2017-07-18,2017-07-18 09:31:06
09:31:09,09:31:09,38.51,-0.05,149,573799,中性盘,2017-07-18,2017-07-18 09:31:09
09:31:12,09:31:12,38.52,0.01,148,570096,买盘,2017-07-18,2017-07-18 09:31:12
09:31:15,09:31:15,38.54,0.02,143,551122,中性盘,2017-07-18,2017-07-18 09:31:15
09:31:18,09:31:18,38.58,0.04,191,736878,买盘,2017-07-18,2017-07-18 09:31:18
09:31:21,09:31:21,38.54,-0.04,142,547268,卖盘,2017-07-18,2017-07-18 09:31:21
09:31:24,09:31:24,38.59,0.05,106,409054,买盘,2017-07-18,2017-07-18 09:31:24
09:31:27,09:31:27,38.58,-0.01,135,520830,卖盘,2017-07-18,2017-07-18 09:31:27
09:31:30,09:31:30,38.6,0.02,76,293360,中性盘,2017-07-18,2017-07-18 09:31:30
09:31:33,09:31:33,38.59,-0.01,91,351169,卖盘,2017-07-18,2017-07-18 09:31:33
09:31:36,09:31:36,38.65,0.06,57,220305,买盘,2017-07-18,2017-07-18 09:31:36
09:31:39,09:31:39,38.66,0.01,101,390465,买盘,2017-07-18,2017-07-18 09:31:39
09:31:42,09:31:42,38.65,-0.01,187,723605,买盘,2017-07-18,2017-07-18 09:31:42
09:31:45,09:31:45,38.68,0.03,185,715580,买盘,2017-07-18,2017-07-18 09:31:45
09:31:48,09:31:48,38.71,0.03,72,278712,买盘,2017-07-18,2017-07-18 09:31:48
09:31:51,09:31:51,38.68,-0.03,82,317176,卖盘,2017-07-18,2017-07-18 09:31:51
09:31:54,09:31:54,38.81,0.13,63,244503,买盘,2017-07-18,2017-07-18 09:31:54
09:31:57,09:31:57,38.88,0.07,70,272160,买盘,2017-07-18,2017-07-18 09:31:57
09:32:00,09:32:00,38.88,--,26,101088,中性盘,2017-07-18,2017-07-18 09:32:00
09:32:03,09:32:03,38.94,0.06,104,404976,买盘,2017-07-18,2017-07-18 09:32:03
09:32:06,09:32:06,38.98,0.04,75,292350,买盘,2017-07-18,2017-07-18 09:32:06
09:32:09,09:32:09,39.0,0.02,288,1123200,买盘,2017-07-18,2017-07-18 09:32:09
09:32:12,09:32:12,38.99,-0.01,121,471779,卖盘,2017-07-18,2017-07-18 09:32:12
09:32:15,09:32:15,38.99,--,174,678426,买盘,2017-07-18,2017-07-18 09:32:15
09:32:18,09:32:18,39.22,0.23,75,294150,买盘,2017-07-18,2017-07-18 09:32:18
09:32:21,09:32:21,39.12,-0.1,111,434232,卖盘,2017-07-18,2017-07-18 09:32:21
09:32:24,09:32:24,39.29,0.17,430,1689470,买盘,2017-07-18,2017-07-18 09:32:24
09:32:27,09:32:27,39.31,0.02,81,318411,买盘,2017-07-18,2017-07-18 09:32:27
09:32:30,09:32:30,39.29,-0.02,167,656143,卖盘,2017-07-18,2017-07-18 09:32:30
09:32:33,09:32:33,39.31,0.02,254,998474,买盘,2017-07-18,2017-07-18 09:32:33
09:32:36,09:32:36,39.5,0.19,366,1445700,买盘,2017-07-18,2017-07-18 09:32:36
09:32:39,09:32:39,39.51,0.01,212,837612,买盘,2017-07-18,2017-07-18 09:32:39
09:32:42,09:32:42,39.52,0.01,95,375440,买盘,2017-07-18,2017-07-18 09:32:42
09:32:45,09:32:45,39.6,0.08,72,285120,中性盘,2017-07-18,2017-07-18 09:32:45
09:32:48,09:32:48,39.7,0.1,58,230260,中性盘,2017-07-18,2017-07-18 09:32:48
09:32:51,09:32:51,39.7,--,124,492280,卖盘,2017-07-18,2017-07-18 09:32:51
09:32:54,09:32:54,39.7,--,269,1067930,卖盘,2017-07-18,2017-07-18 09:32:54
09:32:57,09:32:57,39.86,0.16,264,1052304,买盘,2017-07-18,2017-07-18 09:32:57
09:33:00,09:33:00,39.78,-0.08,231,918918,卖盘,2017-07-18,2017-07-18 09:33:00
09:33:03,09:33:03,39.89,0.11,219,873591,买盘,2017-07-18,2017-07-18 09:33:03
09:33:06,09:33:06,39.86,-0.03,609,2427474,卖盘,2017-07-18,2017-07-18 09:33:06
09:33:09,09:33:09,39.75,-0.11,339,1347525,卖盘,2017-07-18,2017-07-18 09:33:09
09:33:12,09:33:12,39.87,0.12,322,1283814,买盘,2017-07-18,2017-07-18 09:33:12
09:33:15,09:33:15,39.89,0.02,203,809767,买盘,2017-07-18,2017-07-18 09:33:15
09:33:18,09:33:18,39.89,--,477,1902753,卖盘,2017-07-18,2017-07-18 09:33:18
09:33:21,09:33:21,39.8,-0.09,162,644760,卖盘,2017-07-18,2017-07-18 09:33:21
09:33:24,09:33:24,39.95,0.15,694,2772530,买盘,2017-07-18,2017-07-18 09:33:24
09:33:27,09:33:27,40.02,0.07,340,1360680,买盘,2017-07-18,2017-07-18 09:33:27
09:33:30,09:33:30,39.86,-0.16,154,613844,卖盘,2017-07-18,2017-07-18 09:33:30
09:33:33,09:33:33,39.98,0.12,209,835581,买盘,2017-07-18,2017-07-18 09:33:33
09:33:36,09:33:36,40.06,0.08,159,636954,中性盘,2017-07-18,2017-07-18 09:33:36
09:33:39,09:33:39,39.83,-0.23,277,1103291,卖盘,2017-07-18,2017-07-18 09:33:39
09:33:42,09:33:42,39.98,0.15,94,375811,买盘,2017-07-18,2017-07-18 09:33:42
09:33:45,09:33:45,40.0,0.02,271,1084000,买盘,2017-07-18,2017-07-18 09:33:45
09:33:48,09:33:48,39.9,-0.1,189,754708,卖盘,2017-07-18,2017-07-18 09:33:48
09:33:51,09:33:51,40.0,0.1,306,1224000,买盘,2017-07-18,2017-07-18 09:33:51
09:33:54,09:33:54,39.89,-0.11,222,885558,卖盘,2017-07-18,2017-07-18 09:33:54
09:33:57,09:33:57,39.98,0.09,184,735632,买盘,2017-07-18,2017-07-18 09:33:57
09:34:00,09:34:00,39.93,-0.05,126,503118,买盘,2017-07-18,2017-07-18 09:34:00
09:34:03,09:34:03,39.98,0.05,138,551724,买盘,2017-07-18,2017-07-18 09:34:03
09:34:06,09:34:06,39.93,-0.05,154,614922,中性盘,2017-07-18,2017-07-18 09:34:06
09:34:09,09:34:09,39.9,-0.03,299,1193010,中性盘,2017-07-18,2017-07-18 09:34:09
09:34:12,09:34:12,39.98,0.08,150,599700,买盘,2017-07-18,2017-07-18 09:34:12
09:34:15,09:34:15,39.89,-0.09,161,642229,卖盘,2017-07-18,2017-07-18 09:34:15
09:34:18,09:34:18,39.8,-0.09,359,1428820,卖盘,2017-07-18,2017-07-18 09:34:18
09:34:21,09:34:21,39.8,--,49,195020,卖盘,2017-07-18,2017-07-18 09:34:21
09:34:24,09:34:24,39.8,--,164,652720,卖盘,2017-07-18,2017-07-18 09:34:24
09:34:27,09:34:27,39.8,--,157,624860,买盘,2017-07-18,2017-07-18 09:34:27
09:34:30,09:34:30,39.78,-0.02,120,477360,卖盘,2017-07-18,2017-07-18 09:34:30
09:34:33,09:34:33,39.51,-0.27,132,521532,卖盘,2017-07-18,2017-07-18 09:34:33
09:34:36,09:34:36,39.35,-0.16,92,362020,卖盘,2017-07-18,2017-07-18 09:34:36
09:34:39,09:34:39,39.5,0.15,42,165900,买盘,2017-07-18,2017-07-18 09:34:39
09:34:42,09:34:42,39.32,-0.18,49,192668,卖盘,2017-07-18,2017-07-18 09:34:42
09:34:45,09:34:45,39.32,--,99,389268,卖盘,2017-07-18,2017-07-18 09:34:45
09:34:48,09:34:48,39.4,0.08,138,543720,买盘,2017-07-18,2017-07-18 09:34:48
09:34:51,09:34:51,39.4,--,158,622520,卖盘,2017-07-18,2017-07-18 09:34:51
09:34:54,09:34:54,39.44,0.04,265,1045159,中性盘,2017-07-18,2017-07-18 09:34:54
09:34:57,09:34:57,39.7,0.26,124,492280,买盘,2017-07-18,2017-07-18 09:34:57
09:35:00,09:35:00,39.51,-0.19,61,241011,中性盘,2017-07-18,2017-07-18 09:35:00
09:35:03,09:35:03,39.63,0.12,36,142668,中性盘,2017-07-18,2017-07-18 09:35:03
09:35:06,09:35:06,39.52,-0.11,59,233168,卖盘,2017-07-18,2017-07-18 09:35:06
09:35:09,09:35:09,39.75,0.23,128,508800,买盘,2017-07-18,2017-07-18 09:35:09
09:35:12,09:35:12,39.63,-0.12,73,289299,卖盘,2017-07-18,2017-07-18 09:35:12
09:35:15,09:35:15,39.7,0.07,160,635200,卖盘,2017-07-18,2017-07-18 09:35:15
09:35:18,09:35:18,39.65,-0.05,70,277550,中性盘,2017-07-18,2017-07-18 09:35:18
09:35:21,09:35:21,39.7,0.05,121,480370,买盘,2017-07-18,2017-07-18 09:35:21
09:35:24,09:35:24,39.7,--,87,345390,卖盘,2017-07-18,2017-07-18 09:35:24
09:35:27,09:35:27,39.7,--,56,222320,卖盘,2017-07-18,2017-07-18 09:35:27
09:35:30,09:35:30,39.75,0.05,118,469050,买盘,2017-07-18,2017-07-18 09:35:30
09:35:33,09:35:33,39.75,--,67,266325,买盘,2017-07-18,2017-07-18 09:35:33
09:35:36,09:35:36,39.73,-0.02,90,357570,卖盘,2017-07-18,2017-07-18 09:35:36
09:35:39,09:35:39,39.78,0.05,53,210834,买盘,2017-07-18,2017-07-18 09:35:39
09:35:42,09:35:42,39.73,-0.05,177,703221,卖盘,2017-07-18,2017-07-18 09:35:42
09:35:45,09:35:45,39.75,0.02,64,254400,买盘,2017-07-18,2017-07-18 09:35:45
09:35:48,09:35:48,39.73,-0.02,88,349624,卖盘,2017-07-18,2017-07-18 09:35:48
09:35:51,09:35:51,39.75,0.02,117,465075,买盘,2017-07-18,2017-07-18 09:35:51
09:35:54,09:35:54,39.76,0.01,67,266392,中性盘,2017-07-18,2017-07-18 09:35:54
09:35:57,09:35:57,39.78,0.02,121,481338,买盘,2017-07-18,2017-07-18 09:35:57
09:36:00,09:36:00,39.78,--,325,1292850,买盘,2017-07-18,2017-07-18 09:36:00
09:36:03,09:36:03,39.73,-0.05,97,385380,卖盘,2017-07-18,2017-07-18 09:36:03
09:36:06,09:36:06,39.78,0.05,71,282438,买盘,2017-07-18,2017-07-18 09:36:06
09:36:09,09:36:09,39.73,-0.05,63,250298,中性盘,2017-07-18,2017-07-18 09:36:09
09:36:12,09:36:12,39.7,-0.03,102,404940,卖盘,2017-07-18,2017-07-18 09:36:12
09:36:15,09:36:15,39.52,-0.18,234,924768,卖盘,2017-07-18,2017-07-18 09:36:15
09:36:18,09:36:18,39.52,--,132,521664,卖盘,2017-07-18,2017-07-18 09:36:18
09:36:21,09:36:21,39.52,--,45,177840,卖盘,2017-07-18,2017-07-18 09:36:21
09:36:24,09:36:24,39.5,-0.02,160,632000,卖盘,2017-07-18,2017-07-18 09:36:24
09:36:27,09:36:27,39.46,-0.04,56,220976,中性盘,2017-07-18,2017-07-18 09:36:27
09:36:30,09:36:30,39.31,-0.15,116,455996,卖盘,2017-07-18,2017-07-18 09:36:30
09:36:33,09:36:33,39.29,-0.02,123,483267,卖盘,2017-07-18,2017-07-18 09:36:33
09:36:36,09:36:36,39.27,-0.02,113,443751,卖盘,2017-07-18,2017-07-18 09:36:36
09:36:39,09:36:39,39.22,-0.05,69,270618,卖盘,2017-07-18,2017-07-18 09:36:39
09:36:42,09:36:42,39.19,-0.03,75,293925,卖盘,2017-07-18,2017-07-18 09:36:42
09:36:45,09:36:45,39.15,-0.04,38,148770,中性盘,2017-07-18,2017-07-18 09:36:45
09:36:48,09:36:48,39.07,-0.08,19,74233,卖盘,2017-07-18,2017-07-18 09:36:48
09:36:51,09:36:51,39.06,-0.01,148,578088,卖盘,2017-07-18,2017-07-18 09:36:51
09:36:54,09:36:54,39.01,-0.05,76,296476,卖盘,2017-07-18,2017-07-18 09:36:54
09:36:57,09:36:57,39.02,0.01,186,725772,买盘,2017-07-18,2017-07-18 09:36:57
09:37:00,09:37:00,39.06,0.04,91,355446,买盘,2017-07-18,2017-07-18 09:37:00
09:37:03,09:37:03,39.0,-0.06,59,230100,卖盘,2017-07-18,2017-07-18 09:37:03
09:37:06,09:37:06,38.98,-0.02,131,510637,卖盘,2017-07-18,2017-07-18 09:37:06
09:37:09,09:37:09,38.99,0.01,204,795396,买盘,2017-07-18,2017-07-18 09:37:09
09:37:12,09:37:12,39.0,0.01,116,452400,买盘,2017-07-18,2017-07-18 09:37:12
09:37:15,09:37:15,38.9,-0.1,65,252850,卖盘,2017-07-18,2017-07-18 09:37:15
09:37:18,09:37:18,39.0,0.1,440,1716000,买盘,2017-07-18,2017-07-18 09:37:18
09:37:21,09:37:21,38.99,-0.01,65,253435,中性盘,2017-07-18,2017-07-18 09:37:21
09:37:24,09:37:24,39.0,0.01,64,249600,买盘,2017-07-18,2017-07-18 09:37:24
09:37:27,09:37:27,39.0,--,142,553800,买盘,2017-07-18,2017-07-18 09:37:27
09:37:30,09:37:30,39.0,--,102,397800,卖盘,2017-07-18,2017-07-18 09:37:30
09:37:33,09:37:33,39.0,--,70,273000,卖盘,2017-07-18,2017-07-18 09:37:33
09:37:36,09:37:36,39.04,0.04,95,370880,中性盘,2017-07-18,2017-07-18 09:37:36
09:37:39,09:37:39,39.06,0.02,84,328104,买盘,2017-07-18,2017-07-18 09:37:39
09:37:42,09:37:42,39.01,-0.05,138,538338,卖盘,2017-07-18,2017-07-18 09:37:42
09:37:45,09:37:45,39.05,0.04,55,214774,中性盘,2017-07-18,2017-07-18 09:37:45
09:37:48,09:37:48,39.06,0.01,69,269514,中性盘,2017-07-18,2017-07-18 09:37:48
09:37:51,09:37:51,39.07,0.01,35,136745,中性盘,2017-07-18,2017-07-18 09:37:51
09:37:54,09:37:54,39.1,0.03,64,250240,买盘,2017-07-18,2017-07-18 09:37:54
09:37:57,09:37:57,39.1,--,27,105570,卖盘,2017-07-18,2017-07-18 09:37:57
09:38:00,09:38:00,39.27,0.17,26,102102,买盘,2017-07-18,2017-07-18 09:38:00
09:38:03,09:38:03,39.27,--,8,31416,卖盘,2017-07-18,2017-07-18 09:38:03
09:38:06,09:38:06,39.5,0.23,34,134300,买盘,2017-07-18,2017-07-18 09:38:06
09:38:09,09:38:09,39.4,-0.1,127,500380,中性盘,2017-07-18,2017-07-18 09:38:09
09:38:12,09:38:12,39.5,0.1,33,130350,买盘,2017-07-18,2017-07-18 09:38:12
09:38:15,09:38:15,39.51,0.01,30,118530,买盘,2017-07-18,2017-07-18 09:38:15
09:38:18,09:38:18,39.52,0.01,31,122512,买盘,2017-07-18,2017-07-18 09:38:18
09:38:21,09:38:21,39.6,0.08,72,285120,买盘,2017-07-18,2017-07-18 09:38:21
09:38:24,09:38:24,39.58,-0.02,63,249354,中性盘,2017-07-18,2017-07-18 09:38:24
09:38:27,09:38:27,39.6,0.02,414,1639440,买盘,2017-07-18,2017-07-18 09:38:27
09:38:30,09:38:30,39.6,--,56,221760,买盘,2017-07-18,2017-07-18 09:38:30
09:38:33,09:38:33,39.6,--,45,178200,买盘,2017-07-18,2017-07-18 09:38:33
09:38:36,09:38:36,39.59,-0.01,115,455285,中性盘,2017-07-18,2017-07-18 09:38:36
09:38:39,09:38:39,39.6,0.01,169,669240,买盘,2017-07-18,2017-07-18 09:38:39
09:38:42,09:38:42,39.6,--,71,281160,卖盘,2017-07-18,2017-07-18 09:38:42
09:38:45,09:38:45,39.5,-0.1,81,319950,卖盘,2017-07-18,2017-07-18 09:38:45
09:38:48,09:38:48,39.6,0.1,61,241560,买盘,2017-07-18,2017-07-18 09:38:48
09:38:51,09:38:51,39.5,-0.1,45,177750,卖盘,2017-07-18,2017-07-18 09:38:51
09:38:54,09:38:54,39.51,0.01,126,497826,买盘,2017-07-18,2017-07-18 09:38:54
09:38:57,09:38:57,39.41,-0.1,29,114288,卖盘,2017-07-18,2017-07-18 09:38:57
09:39:00,09:39:00,39.54,0.13,48,189792,中性盘,2017-07-18,2017-07-18 09:39:00
09:39:03,09:39:03,39.51,-0.03,56,221256,中性盘,2017-07-18,2017-07-18 09:39:03
09:39:06,09:39:06,39.48,-0.03,23,90804,中性盘,2017-07-18,2017-07-18 09:39:06
09:39:09,09:39:09,39.51,0.03,72,284472,买盘,2017-07-18,2017-07-18 09:39:09
09:39:12,09:39:12,39.33,-0.18,118,464094,卖盘,2017-07-18,2017-07-18 09:39:12
09:39:15,09:39:15,39.33,--,16,62928,买盘,2017-07-18,2017-07-18 09:39:15
09:39:18,09:39:18,39.37,0.04,30,118109,买盘,2017-07-18,2017-07-18 09:39:18
09:39:21,09:39:21,39.3,-0.07,91,357630,卖盘,2017-07-18,2017-07-18 09:39:21
09:39:24,09:39:24,39.27,-0.03,110,431970,卖盘,2017-07-18,2017-07-18 09:39:24
09:39:27,09:39:27,39.11,-0.16,236,922996,卖盘,2017-07-18,2017-07-18 09:39:27
09:39:30,09:39:30,39.27,0.16,22,86394,买盘,2017-07-18,2017-07-18 09:39:30
09:39:33,09:39:33,39.1,-0.17,91,355810,卖盘,2017-07-18,2017-07-18 09:39:33
09:39:36,09:39:36,39.25,0.15,173,679025,买盘,2017-07-18,2017-07-18 09:39:36
09:39:39,09:39:39,39.1,-0.15,88,344080,卖盘,2017-07-18,2017-07-18 09:39:39
09:39:42,09:39:42,39.1,--,54,211140,买盘,2017-07-18,2017-07-18 09:39:42
09:39:45,09:39:45,39.05,-0.05,134,523269,卖盘,2017-07-18,2017-07-18 09:39:45
09:39:48,09:39:48,39.07,0.02,58,226606,买盘,2017-07-18,2017-07-18 09:39:48
09:39:51,09:39:51,38.96,-0.11,350,1363600,卖盘,2017-07-18,2017-07-18 09:39:51
09:39:54,09:39:54,39.05,0.09,162,632610,买盘,2017-07-18,2017-07-18 09:39:54
09:39:57,09:39:57,38.99,-0.06,60,233940,卖盘,2017-07-18,2017-07-18 09:39:57
09:40:00,09:40:00,38.99,--,48,187152,卖盘,2017-07-18,2017-07-18 09:40:00
09:40:03,09:40:03,39.0,0.01,56,218400,买盘,2017-07-18,2017-07-18 09:40:03
09:40:06,09:40:06,38.96,-0.04,42,163632,卖盘,2017-07-18,2017-07-18 09:40:06
09:40:09,09:40:09,38.96,--,97,377912,卖盘,2017-07-18,2017-07-18 09:40:09
09:40:12,09:40:12,38.96,--,130,506480,卖盘,2017-07-18,2017-07-18 09:40:12
09:40:15,09:40:15,38.92,-0.04,18,70056,中性盘,2017-07-18,2017-07-18 09:40:15
09:40:18,09:40:18,38.96,0.04,117,455832,买盘,2017-07-18,2017-07-18 09:40:18
09:40:21,09:40:21,38.91,-0.05,82,319062,卖盘,2017-07-18,2017-07-18 09:40:21
09:40:24,09:40:24,38.92,0.01,31,120652,买盘,2017-07-18,2017-07-18 09:40:24
09:40:27,09:40:27,38.91,-0.01,104,404663,卖盘,2017-07-18,2017-07-18 09:40:27
09:40:30,09:40:30,38.91,--,217,844346,卖盘,2017-07-18,2017-07-18 09:40:30
09:40:33,09:40:33,38.89,-0.02,108,420012,卖盘,2017-07-18,2017-07-18 09:40:33
09:40:36,09:40:36,38.91,0.02,54,210113,买盘,2017-07-18,2017-07-18 09:40:36
09:40:39,09:40:39,38.9,-0.01,112,435680,中性盘,2017-07-18,2017-07-18 09:40:39
09:40:42,09:40:42,38.88,-0.02,148,575424,卖盘,2017-07-18,2017-07-18 09:40:42
09:40:45,09:40:45,38.88,--,109,423792,卖盘,2017-07-18,2017-07-18 09:40:45
09:40:48,09:40:48,38.82,-0.06,112,434784,卖盘,2017-07-18,2017-07-18 09:40:48
09:40:51,09:40:51,38.88,0.06,29,112752,买盘,2017-07-18,2017-07-18 09:40:51
09:40:54,09:40:54,38.8,-0.08,42,162960,卖盘,2017-07-18,2017-07-18 09:40:54
09:40:57,09:40:57,38.88,0.08,122,474336,买盘,2017-07-18,2017-07-18 09:40:57
09:41:00,09:41:00,38.81,-0.07,153,593793,卖盘,2017-07-18,2017-07-18 09:41:00
09:41:03,09:41:03,38.88,0.07,58,225504,中性盘,2017-07-18,2017-07-18 09:41:03
09:41:06,09:41:06,38.89,0.01,21,81669,买盘,2017-07-18,2017-07-18 09:41:06
09:41:09,09:41:09,38.81,-0.08,169,655889,卖盘,2017-07-18,2017-07-18 09:41:09
09:41:12,09:41:12,38.8,-0.01,67,259959,中性盘,2017-07-18,2017-07-18 09:41:12
09:41:15,09:41:15,38.81,0.01,52,201812,中性盘,2017-07-18,2017-07-18 09:41:15
09:41:18,09:41:18,38.82,0.01,92,357144,买盘,2017-07-18,2017-07-18 09:41:18
09:41:21,09:41:21,38.85,0.03,26,101010,买盘,2017-07-18,2017-07-18 09:41:21
09:41:24,09:41:24,38.86,0.01,47,182642,中性盘,2017-07-18,2017-07-18 09:41:24
09:41:27,09:41:27,38.86,--,45,174870,卖盘,2017-07-18,2017-07-18 09:41:27
09:41:30,09:41:30,38.89,0.03,320,1244480,买盘,2017-07-18,2017-07-18 09:41:30
09:41:33,09:41:33,38.88,-0.01,116,451008,卖盘,2017-07-18,2017-07-18 09:41:33
09:41:36,09:41:36,38.88,--,141,548208,卖盘,2017-07-18,2017-07-18 09:41:36
09:41:39,09:41:39,38.9,0.02,85,330650,买盘,2017-07-18,2017-07-18 09:41:39
09:41:42,09:41:42,38.9,--,125,486250,卖盘,2017-07-18,2017-07-18 09:41:42
09:41:45,09:41:45,38.94,0.04,101,393294,买盘,2017-07-18,2017-07-18 09:41:45
09:41:48,09:41:48,38.91,-0.03,50,194549,卖盘,2017-07-18,2017-07-18 09:41:48
09:41:51,09:41:51,38.99,0.08,121,471779,中性盘,2017-07-18,2017-07-18 09:41:51
09:41:54,09:41:54,39.01,0.02,9,35109,买盘,2017-07-18,2017-07-18 09:41:54
09:41:57,09:41:57,39.06,0.05,10,39060,买盘,2017-07-18,2017-07-18 09:41:57
09:42:00,09:42:00,39.06,--,6,23436,卖盘,2017-07-18,2017-07-18 09:42:00
09:42:03,09:42:03,39.11,0.05,36,140796,买盘,2017-07-18,2017-07-18 09:42:03
09:42:06,09:42:06,39.1,-0.01,29,113390,卖盘,2017-07-18,2017-07-18 09:42:06
09:42:09,09:42:09,39.11,0.01,32,125152,买盘,2017-07-18,2017-07-18 09:42:09
09:42:12,09:42:12,39.3,0.19,101,396930,买盘,2017-07-18,2017-07-18 09:42:12
09:42:15,09:42:15,39.3,--,22,86460,买盘,2017-07-18,2017-07-18 09:42:15
09:42:18,09:42:18,39.18,-0.12,18,70524,中性盘,2017-07-18,2017-07-18 09:42:18
09:42:21,09:42:21,39.31,0.13,34,133654,买盘,2017-07-18,2017-07-18 09:42:21
09:42:24,09:42:24,39.3,-0.01,26,102179,卖盘,2017-07-18,2017-07-18 09:42:24
09:42:27,09:42:27,39.3,--,53,208289,卖盘,2017-07-18,2017-07-18 09:42:27
09:42:30,09:42:30,39.31,0.01,82,322342,买盘,2017-07-18,2017-07-18 09:42:30
09:42:33,09:42:33,39.3,-0.01,46,180780,卖盘,2017-07-18,2017-07-18 09:42:33
09:42:36,09:42:36,39.42,0.12,31,122202,买盘,2017-07-18,2017-07-18 09:42:36
09:42:39,09:42:39,39.34,-0.08,24,94416,中性盘,2017-07-18,2017-07-18 09:42:39
09:42:42,09:42:42,39.4,0.06,44,173360,中性盘,2017-07-18,2017-07-18 09:42:42
09:42:45,09:42:45,39.42,0.02,43,169506,中性盘,2017-07-18,2017-07-18 09:42:45
09:42:48,09:42:48,39.5,0.08,90,355500,买盘,2017-07-18,2017-07-18 09:42:48
09:42:51,09:42:51,39.6,0.1,465,1841400,买盘,2017-07-18,2017-07-18 09:42:51
09:42:54,09:42:54,39.65,0.05,120,475800,买盘,2017-07-18,2017-07-18 09:42:54
09:42:57,09:42:57,39.6,-0.05,49,194040,卖盘,2017-07-18,2017-07-18 09:42:57
09:43:00,09:43:00,39.65,0.05,100,396500,买盘,2017-07-18,2017-07-18 09:43:00
09:43:03,09:43:03,39.6,-0.05,50,198000,卖盘,2017-07-18,2017-07-18 09:43:03
09:43:06,09:43:06,39.7,0.1,59,234230,买盘,2017-07-18,2017-07-18 09:43:06
09:43:09,09:43:09,39.7,--,28,111160,买盘,2017-07-18,2017-07-18 09:43:09
09:43:12,09:43:12,39.68,-0.02,30,119040,中性盘,2017-07-18,2017-07-18 09:43:12
09:43:15,09:43:15,39.55,-0.13,96,379680,卖盘,2017-07-18,2017-07-18 09:43:15
09:43:18,09:43:18,39.69,0.14,175,694575,买盘,2017-07-18,2017-07-18 09:43:18
09:43:21,09:43:21,39.5,-0.19,45,177750,卖盘,2017-07-18,2017-07-18 09:43:21
09:43:24,09:43:24,39.63,0.13,22,87186,买盘,2017-07-18,2017-07-18 09:43:24
09:43:27,09:43:27,39.5,-0.13,60,237000,卖盘,2017-07-18,2017-07-18 09:43:27
09:43:30,09:43:30,39.4,-0.1,78,307320,卖盘,2017-07-18,2017-07-18 09:43:30
09:43:33,09:43:33,39.5,0.1,34,134300,买盘,2017-07-18,2017-07-18 09:43:33
09:43:36,09:43:36,39.5,--,16,63200,买盘,2017-07-18,2017-07-18 09:43:36
09:43:39,09:43:39,39.5,--,55,217250,卖盘,2017-07-18,2017-07-18 09:43:39
09:43:42,09:43:42,39.5,--,48,189600,卖盘,2017-07-18,2017-07-18 09:43:42
09:43:45,09:43:45,39.31,-0.19,175,687925,卖盘,2017-07-18,2017-07-18 09:43:45
09:43:48,09:43:48,39.5,0.19,41,161950,买盘,2017-07-18,2017-07-18 09:43:48
09:43:51,09:43:51,39.5,--,42,165900,买盘,2017-07-18,2017-07-18 09:43:51
09:43:54,09:43:54,39.42,-0.08,18,70956,中性盘,2017-07-18,2017-07-18 09:43:54
09:43:57,09:43:57,39.5,0.08,134,529300,买盘,2017-07-18,2017-07-18 09:43:57
09:44:00,09:44:00,39.41,-0.09,54,212813,卖盘,2017-07-18,2017-07-18 09:44:00
09:44:03,09:44:03,39.41,--,40,157640,卖盘,2017-07-18,2017-07-18 09:44:03
09:44:06,09:44:06,39.41,--,37,145817,买盘,2017-07-18,2017-07-18 09:44:06
09:44:09,09:44:09,39.41,--,39,153699,买盘,2017-07-18,2017-07-18 09:44:09
09:44:12,09:44:12,39.35,-0.06,22,86570,卖盘,2017-07-18,2017-07-18 09:44:12
09:44:15,09:44:15,39.35,--,24,94440,买盘,2017-07-18,2017-07-18 09:44:15
09:44:18,09:44:18,39.35,--,24,94440,买盘,2017-07-18,2017-07-18 09:44:18
09:44:21,09:44:21,39.33,-0.02,17,66861,买盘,2017-07-18,2017-07-18 09:44:21
09:44:24,09:44:24,39.35,0.02,80,314800,买盘,2017-07-18,2017-07-18 09:44:24
09:44:27,09:44:27,39.33,-0.02,34,133722,买盘,2017-07-18,2017-07-18 09:44:27
09:44:30,09:44:30,39.33,--,45,176985,买盘,2017-07-18,2017-07-18 09:44:30
09:44:33,09:44:33,39.3,-0.03,30,117899,买盘,2017-07-18,2017-07-18 09:44:33
09:44:36,09:44:36,39.22,-0.08,13,50986,卖盘,2017-07-18,2017-07-18 09:44:36
09:44:39,09:44:39,39.29,0.07,3,11787,买盘,2017-07-18,2017-07-18 09:44:39
09:44:42,09:44:42,39.22,-0.07,19,74518,中性盘,2017-07-18,2017-07-18 09:44:42
09:44:45,09:44:45,39.2,-0.02,44,172480,卖盘,2017-07-18,2017-07-18 09:44:45
09:44:48,09:44:48,39.21,0.01,33,129393,买盘,2017-07-18,2017-07-18 09:44:48
09:44:51,09:44:51,39.21,--,8,31368,买盘,2017-07-18,2017-07-18 09:44:51
09:44:54,09:44:54,39.13,-0.08,32,125216,卖盘,2017-07-18,2017-07-18 09:44:54
09:44:57,09:44:57,39.2,0.07,73,286160,买盘,2017-07-18,2017-07-18 09:44:57
09:45:00,09:45:00,39.18,-0.02,21,82278,卖盘,2017-07-18,2017-07-18 09:45:00
09:45:03,09:45:03,39.2,0.02,21,82320,买盘,2017-07-18,2017-07-18 09:45:03
09:45:06,09:45:06,39.2,--,18,70560,买盘,2017-07-18,2017-07-18 09:45:06
09:45:09,09:45:09,39.2,--,21,82320,买盘,2017-07-18,2017-07-18 09:45:09
09:45:12,09:45:12,39.2,--,20,78400,买盘,2017-07-18,2017-07-18 09:45:12
09:45:15,09:45:15,39.21,0.01,19,74499,买盘,2017-07-18,2017-07-18 09:45:15
09:45:18,09:45:18,39.19,-0.02,71,278249,卖盘,2017-07-18,2017-07-18 09:45:18
09:45:21,09:45:21,39.2,0.01,22,86240,卖盘,2017-07-18,2017-07-18 09:45:21
09:45:24,09:45:24,39.21,0.01,76,297996,买盘,2017-07-18,2017-07-18 09:45:24
09:45:27,09:45:27,39.21,--,112,439152,买盘,2017-07-18,2017-07-18 09:45:27
09:45:30,09:45:30,39.21,--,29,113709,卖盘,2017-07-18,2017-07-18 09:45:30
09:45:33,09:45:33,39.29,0.08,5,19645,买盘,2017-07-18,2017-07-18 09:45:33
09:45:36,09:45:36,39.22,-0.07,15,58830,卖盘,2017-07-18,2017-07-18 09:45:36
09:45:39,09:45:39,39.3,0.08,42,165060,买盘,2017-07-18,2017-07-18 09:45:39
09:45:42,09:45:42,39.3,--,21,82530,买盘,2017-07-18,2017-07-18 09:45:42
09:45:45,09:45:45,39.32,0.02,6,23592,买盘,2017-07-18,2017-07-18 09:45:45
09:45:48,09:45:48,39.32,--,20,78640,卖盘,2017-07-18,2017-07-18 09:45:48
09:45:51,09:45:51,39.35,0.03,16,62960,买盘,2017-07-18,2017-07-18 09:45:51
09:45:54,09:45:54,39.35,--,39,153465,买盘,2017-07-18,2017-07-18 09:45:54
09:45:57,09:45:57,39.4,0.05,17,66980,买盘,2017-07-18,2017-07-18 09:45:57
09:46:00,09:46:00,39.41,0.01,31,122170,买盘,2017-07-18,2017-07-18 09:46:00
09:46:03,09:46:03,39.35,-0.06,49,192815,卖盘,2017-07-18,2017-07-18 09:46:03
09:46:06,09:46:06,39.41,0.06,55,216754,买盘,2017-07-18,2017-07-18 09:46:06
09:46:09,09:46:09,39.41,--,11,43350,买盘,2017-07-18,2017-07-18 09:46:09
09:46:12,09:46:12,39.41,--,27,106406,买盘,2017-07-18,2017-07-18 09:46:12
09:46:15,09:46:15,39.45,0.04,28,110460,买盘,2017-07-18,2017-07-18 09:46:15
09:46:18,09:46:18,39.45,--,1,3945,中性盘,2017-07-18,2017-07-18 09:46:18
09:46:21,09:46:21,39.41,-0.04,41,161581,卖盘,2017-07-18,2017-07-18 09:46:21
09:46:24,09:46:24,39.49,0.08,15,59235,买盘,2017-07-18,2017-07-18 09:46:24
09:46:27,09:46:27,39.49,--,4,15796,买盘,2017-07-18,2017-07-18 09:46:27
09:46:30,09:46:30,39.49,--,86,339614,买盘,2017-07-18,2017-07-18 09:46:30
09:46:33,09:46:33,39.45,-0.04,18,71010,卖盘,2017-07-18,2017-07-18 09:46:33
09:46:36,09:46:36,39.48,0.03,16,63167,买盘,2017-07-18,2017-07-18 09:46:36
09:46:39,09:46:39,39.49,0.01,8,31592,中性盘,2017-07-18,2017-07-18 09:46:39
09:46:42,09:46:42,39.45,-0.04,62,244590,卖盘,2017-07-18,2017-07-18 09:46:42
09:46:45,09:46:45,39.5,0.05,68,268600,买盘,2017-07-18,2017-07-18 09:46:45
09:46:48,09:46:48,39.49,-0.01,28,110572,卖盘,2017-07-18,2017-07-18 09:46:48
09:46:51,09:46:51,39.5,0.01,38,150100,买盘,2017-07-18,2017-07-18 09:46:51
09:46:54,09:46:54,39.5,--,65,256750,卖盘,2017-07-18,2017-07-18 09:46:54
09:46:57,09:46:57,39.5,--,46,181700,买盘,2017-07-18,2017-07-18 09:46:57
09:47:00,09:47:00,39.5,--,37,146150,买盘,2017-07-18,2017-07-18 09:47:00
09:47:03,09:47:03,39.49,-0.01,40,157960,卖盘,2017-07-18,2017-07-18 09:47:03
09:47:06,09:47:06,39.5,0.01,47,185650,买盘,2017-07-18,2017-07-18 09:47:06
09:47:09,09:47:09,39.5,--,17,67150,买盘,2017-07-18,2017-07-18 09:47:09
09:47:12,09:47:12,39.5,--,67,264650,买盘,2017-07-18,2017-07-18 09:47:12
09:47:15,09:47:15,39.49,-0.01,95,375155,卖盘,2017-07-18,2017-07-18 09:47:15
09:47:18,09:47:18,39.48,-0.01,82,323736,卖盘,2017-07-18,2017-07-18 09:47:18
09:47:21,09:47:21,39.48,--,11,43428,买盘,2017-07-18,2017-07-18 09:47:21
09:47:24,09:47:24,39.48,--,20,78960,买盘,2017-07-18,2017-07-18 09:47:24
09:47:27,09:47:27,39.41,-0.07,96,378335,卖盘,2017-07-18,2017-07-18 09:47:27
09:47:30,09:47:30,39.45,0.04,32,126240,买盘,2017-07-18,2017-07-18 09:47:30
09:47:33,09:47:33,39.44,-0.01,4,15776,中性盘,2017-07-18,2017-07-18 09:47:33
09:47:36,09:47:36,39.4,-0.04,4,15760,买盘,2017-07-18,2017-07-18 09:47:36
09:47:39,09:47:39,39.38,-0.02,12,47256,卖盘,2017-07-18,2017-07-18 09:47:39
09:47:42,09:47:42,39.38,--,108,425304,卖盘,2017-07-18,2017-07-18 09:47:42
09:47:45,09:47:45,39.38,--,29,114202,买盘,2017-07-18,2017-07-18 09:47:45
09:47:48,09:47:48,39.38,--,95,374110,买盘,2017-07-18,2017-07-18 09:47:48
09:47:51,09:47:51,39.35,-0.03,24,94440,卖盘,2017-07-18,2017-07-18 09:47:51
09:47:54,09:47:54,39.3,-0.05,97,381210,卖盘,2017-07-18,2017-07-18 09:47:54
09:47:57,09:47:57,39.3,--,13,51089,买盘,2017-07-18,2017-07-18 09:47:57
09:48:00,09:48:00,39.3,--,2,7859,买盘,2017-07-18,2017-07-18 09:48:00
09:48:03,09:48:03,39.3,--,78,306540,买盘,2017-07-18,2017-07-18 09:48:03
09:48:06,09:48:06,39.26,-0.04,72,282672,中性盘,2017-07-18,2017-07-18 09:48:06
09:48:09,09:48:09,39.3,0.04,17,66810,买盘,2017-07-18,2017-07-18 09:48:09
09:48:12,09:48:12,39.22,-0.08,30,117660,卖盘,2017-07-18,2017-07-18 09:48:12
09:48:15,09:48:15,39.3,0.08,10,39300,买盘,2017-07-18,2017-07-18 09:48:15
09:48:18,09:48:18,39.21,-0.09,23,90183,卖盘,2017-07-18,2017-07-18 09:48:18
09:48:21,09:48:21,39.3,0.09,27,106109,买盘,2017-07-18,2017-07-18 09:48:21
09:48:24,09:48:24,39.26,-0.04,3,11778,中性盘,2017-07-18,2017-07-18 09:48:24
09:48:27,09:48:27,39.28,0.02,21,82488,买盘,2017-07-18,2017-07-18 09:48:27
09:48:30,09:48:30,39.22,-0.06,21,82362,卖盘,2017-07-18,2017-07-18 09:48:30
09:48:33,09:48:33,39.22,--,19,74518,卖盘,2017-07-18,2017-07-18 09:48:33
09:48:36,09:48:36,39.23,0.01,23,90229,中性盘,2017-07-18,2017-07-18 09:48:36
09:48:39,09:48:39,39.22,-0.01,20,78440,卖盘,2017-07-18,2017-07-18 09:48:39
09:48:42,09:48:42,39.22,--,25,98050,卖盘,2017-07-18,2017-07-18 09:48:42
09:48:45,09:48:45,39.26,0.04,3,11778,中性盘,2017-07-18,2017-07-18 09:48:45
09:48:48,09:48:48,39.32,0.06,19,74708,买盘,2017-07-18,2017-07-18 09:48:48
09:48:51,09:48:51,39.28,-0.04,23,90344,卖盘,2017-07-18,2017-07-18 09:48:51
09:48:54,09:48:54,39.3,0.02,40,157200,卖盘,2017-07-18,2017-07-18 09:48:54
09:48:57,09:48:57,39.35,0.05,11,43285,买盘,2017-07-18,2017-07-18 09:48:57
09:49:00,09:49:00,39.35,--,9,35415,买盘,2017-07-18,2017-07-18 09:49:00
09:49:03,09:49:03,39.28,-0.07,5,19640,卖盘,2017-07-18,2017-07-18 09:49:03
09:49:06,09:49:06,39.3,0.02,5,19650,买盘,2017-07-18,2017-07-18 09:49:06
09:49:09,09:49:09,39.35,0.05,18,70830,买盘,2017-07-18,2017-07-18 09:49:09
09:49:12,09:49:12,39.35,--,3,11805,卖盘,2017-07-18,2017-07-18 09:49:12
09:49:15,09:49:15,39.38,0.03,14,55132,买盘,2017-07-18,2017-07-18 09:49:15
09:49:18,09:49:18,39.38,--,2,7876,买盘,2017-07-18,2017-07-18 09:49:18
09:49:21,09:49:21,39.38,--,56,220528,买盘,2017-07-18,2017-07-18 09:49:21
09:49:24,09:49:24,39.38,--,36,141768,买盘,2017-07-18,2017-07-18 09:49:24
09:49:27,09:49:27,39.38,--,7,27566,买盘,2017-07-18,2017-07-18 09:49:27
09:49:33,09:49:33,39.4,0.02,3,11820,买盘,2017-07-18,2017-07-18 09:49:33
09:49:36,09:49:36,39.38,-0.02,46,181148,卖盘,2017-07-18,2017-07-18 09:49:36
09:49:39,09:49:39,39.38,--,12,47256,买盘,2017-07-18,2017-07-18 09:49:39
09:49:42,09:49:42,39.4,0.02,48,189120,买盘,2017-07-18,2017-07-18 09:49:42
09:49:48,09:49:48,39.41,0.01,20,78820,买盘,2017-07-18,2017-07-18 09:49:48
09:49:51,09:49:51,39.42,0.01,4,15768,买盘,2017-07-18,2017-07-18 09:49:51
09:49:54,09:49:54,39.42,--,17,67014,卖盘,2017-07-18,2017-07-18 09:49:54
09:49:57,09:49:57,39.48,0.06,9,35532,买盘,2017-07-18,2017-07-18 09:49:57
09:50:00,09:50:00,39.46,-0.02,3,11838,卖盘,2017-07-18,2017-07-18 09:50:00
09:50:03,09:50:03,39.46,--,33,130218,卖盘,2017-07-18,2017-07-18 09:50:03
09:50:06,09:50:06,39.49,0.03,76,300124,买盘,2017-07-18,2017-07-18 09:50:06
09:50:09,09:50:09,39.48,-0.01,10,39480,中性盘,2017-07-18,2017-07-18 09:50:09
09:50:12,09:50:12,39.43,-0.05,55,216865,卖盘,2017-07-18,2017-07-18 09:50:12
09:50:15,09:50:15,39.43,--,24,94632,买盘,2017-07-18,2017-07-18 09:50:15
09:50:18,09:50:18,39.43,--,9,35487,买盘,2017-07-18,2017-07-18 09:50:18
09:50:21,09:50:21,39.39,-0.04,95,374205,卖盘,2017-07-18,2017-07-18 09:50:21
09:50:24,09:50:24,39.39,--,29,114231,买盘,2017-07-18,2017-07-18 09:50:24
09:50:27,09:50:27,39.39,--,20,78780,买盘,2017-07-18,2017-07-18 09:50:27
09:50:30,09:50:30,39.39,--,1,3939,买盘,2017-07-18,2017-07-18 09:50:30
09:50:33,09:50:33,39.38,-0.01,43,169334,卖盘,2017-07-18,2017-07-18 09:50:33
09:50:36,09:50:36,39.38,--,16,63008,卖盘,2017-07-18,2017-07-18 09:50:36
09:50:39,09:50:39,39.38,--,20,78760,卖盘,2017-07-18,2017-07-18 09:50:39
09:50:42,09:50:42,39.39,0.01,60,236340,买盘,2017-07-18,2017-07-18 09:50:42
09:50:45,09:50:45,39.39,--,2,7878,卖盘,2017-07-18,2017-07-18 09:50:45
09:50:48,09:50:48,39.39,--,10,39390,卖盘,2017-07-18,2017-07-18 09:50:48
09:50:51,09:50:51,39.39,--,13,51207,卖盘,2017-07-18,2017-07-18 09:50:51
09:50:54,09:50:54,39.38,-0.01,38,149644,卖盘,2017-07-18,2017-07-18 09:50:54
09:50:57,09:50:57,39.38,--,23,90574,买盘,2017-07-18,2017-07-18 09:50:57
09:51:00,09:51:00,39.39,0.01,4,15756,买盘,2017-07-18,2017-07-18 09:51:00
09:51:03,09:51:03,39.37,-0.02,9,35433,卖盘,2017-07-18,2017-07-18 09:51:03
09:51:06,09:51:06,39.37,--,15,59054,买盘,2017-07-18,2017-07-18 09:51:06
09:51:09,09:51:09,39.37,--,5,19685,买盘,2017-07-18,2017-07-18 09:51:09
09:51:12,09:51:12,39.37,--,22,86614,买盘,2017-07-18,2017-07-18 09:51:12
09:51:15,09:51:15,39.36,-0.01,3,11808,中性盘,2017-07-18,2017-07-18 09:51:15
09:51:18,09:51:18,39.36,--,12,47232,卖盘,2017-07-18,2017-07-18 09:51:18
09:51:21,09:51:21,39.33,-0.03,11,43263,卖盘,2017-07-18,2017-07-18 09:51:21
09:51:24,09:51:24,39.31,-0.02,30,117930,卖盘,2017-07-18,2017-07-18 09:51:24
09:51:27,09:51:27,39.36,0.05,28,110208,买盘,2017-07-18,2017-07-18 09:51:27
09:51:30,09:51:30,39.37,0.01,31,122046,买盘,2017-07-18,2017-07-18 09:51:30
09:51:33,09:51:33,39.31,-0.06,19,74689,卖盘,2017-07-18,2017-07-18 09:51:33
09:51:36,09:51:36,39.3,-0.01,14,55019,卖盘,2017-07-18,2017-07-18 09:51:36
09:51:39,09:51:39,39.33,0.03,37,145521,买盘,2017-07-18,2017-07-18 09:51:39
09:51:42,09:51:42,39.33,--,36,141588,买盘,2017-07-18,2017-07-18 09:51:42
09:51:45,09:51:45,39.33,--,5,19665,买盘,2017-07-18,2017-07-18 09:51:45
09:51:48,09:51:48,39.3,-0.03,91,357630,卖盘,2017-07-18,2017-07-18 09:51:48
09:51:51,09:51:51,39.33,0.03,8,31464,中性盘,2017-07-18,2017-07-18 09:51:51
09:51:54,09:51:54,39.36,0.03,47,184992,买盘,2017-07-18,2017-07-18 09:51:54
09:51:57,09:51:57,39.36,--,1,3936,卖盘,2017-07-18,2017-07-18 09:51:57
09:52:00,09:52:00,39.33,-0.03,4,15732,卖盘,2017-07-18,2017-07-18 09:52:00
09:52:03,09:52:03,39.33,--,8,31464,卖盘,2017-07-18,2017-07-18 09:52:03
09:52:06,09:52:06,39.35,0.02,17,66895,买盘,2017-07-18,2017-07-18 09:52:06
09:52:09,09:52:09,39.35,--,16,62960,买盘,2017-07-18,2017-07-18 09:52:09
09:52:12,09:52:12,39.36,0.01,31,122016,买盘,2017-07-18,2017-07-18 09:52:12
09:52:15,09:52:15,39.35,-0.01,2,7870,卖盘,2017-07-18,2017-07-18 09:52:15
09:52:18,09:52:18,39.36,0.01,38,149568,买盘,2017-07-18,2017-07-18 09:52:18
09:52:21,09:52:21,39.37,0.01,23,90551,买盘,2017-07-18,2017-07-18 09:52:21
09:52:24,09:52:24,39.37,--,26,102362,买盘,2017-07-18,2017-07-18 09:52:24
09:52:27,09:52:27,39.36,-0.01,17,66912,中性盘,2017-07-18,2017-07-18 09:52:27
09:52:30,09:52:30,39.35,-0.01,131,515485,卖盘,2017-07-18,2017-07-18 09:52:30
09:52:33,09:52:33,39.35,--,11,43285,卖盘,2017-07-18,2017-07-18 09:52:33
09:52:36,09:52:36,39.35,--,3,11805,卖盘,2017-07-18,2017-07-18 09:52:36
09:52:39,09:52:39,39.38,0.03,27,106326,买盘,2017-07-18,2017-07-18 09:52:39
09:52:42,09:52:42,39.36,-0.02,22,86592,卖盘,2017-07-18,2017-07-18 09:52:42
09:52:45,09:52:45,39.37,0.01,27,106299,卖盘,2017-07-18,2017-07-18 09:52:45
09:52:48,09:52:48,39.39,0.02,8,31512,买盘,2017-07-18,2017-07-18 09:52:48
09:52:51,09:52:51,39.37,-0.02,6,23622,卖盘,2017-07-18,2017-07-18 09:52:51
09:52:54,09:52:54,39.39,0.02,19,74841,买盘,2017-07-18,2017-07-18 09:52:54
09:52:57,09:52:57,39.39,--,2,7878,买盘,2017-07-18,2017-07-18 09:52:57
09:53:00,09:53:00,39.41,0.02,227,895079,买盘,2017-07-18,2017-07-18 09:53:00
09:53:03,09:53:03,39.39,-0.02,1,3939,卖盘,2017-07-18,2017-07-18 09:53:03
09:53:06,09:53:06,39.42,0.03,13,51246,买盘,2017-07-18,2017-07-18 09:53:06
09:53:09,09:53:09,39.41,-0.01,38,149758,中性盘,2017-07-18,2017-07-18 09:53:09
09:53:12,09:53:12,39.5,0.09,111,438450,买盘,2017-07-18,2017-07-18 09:53:12
09:53:15,09:53:15,39.49,-0.01,54,213246,卖盘,2017-07-18,2017-07-18 09:53:15
09:53:18,09:53:18,39.5,0.01,59,233050,买盘,2017-07-18,2017-07-18 09:53:18
09:53:21,09:53:21,39.5,--,66,260700,买盘,2017-07-18,2017-07-18 09:53:21
09:53:24,09:53:24,39.55,0.05,110,435049,买盘,2017-07-18,2017-07-18 09:53:24
09:53:27,09:53:27,39.59,0.04,46,182114,买盘,2017-07-18,2017-07-18 09:53:27
09:53:30,09:53:30,39.6,0.01,40,158400,买盘,2017-07-18,2017-07-18 09:53:30
09:53:33,09:53:33,39.6,--,151,597960,买盘,2017-07-18,2017-07-18 09:53:33
09:53:36,09:53:36,39.65,0.05,95,376675,买盘,2017-07-18,2017-07-18 09:53:36
09:53:39,09:53:39,39.66,0.01,23,91217,买盘,2017-07-18,2017-07-18 09:53:39
09:53:42,09:53:42,39.71,0.05,321,1274691,买盘,2017-07-18,2017-07-18 09:53:42
09:53:45,09:53:45,39.78,0.07,91,361998,买盘,2017-07-18,2017-07-18 09:53:45
09:53:48,09:53:48,39.8,0.02,72,286560,买盘,2017-07-18,2017-07-18 09:53:48
09:53:51,09:53:51,39.78,-0.02,10,39780,卖盘,2017-07-18,2017-07-18 09:53:51
09:53:54,09:53:54,39.88,0.1,155,618140,买盘,2017-07-18,2017-07-18 09:53:54
09:53:57,09:53:57,39.89,0.01,21,83769,买盘,2017-07-18,2017-07-18 09:53:57
09:54:00,09:54:00,39.92,0.03,34,135728,买盘,2017-07-18,2017-07-18 09:54:00
09:54:03,09:54:03,39.94,0.02,21,83874,买盘,2017-07-18,2017-07-18 09:54:03
09:54:06,09:54:06,39.99,0.05,120,479880,买盘,2017-07-18,2017-07-18 09:54:06
09:54:09,09:54:09,39.95,-0.04,8,31960,卖盘,2017-07-18,2017-07-18 09:54:09
09:54:12,09:54:12,40.0,0.05,335,1340000,买盘,2017-07-18,2017-07-18 09:54:12
09:54:15,09:54:15,40.0,--,271,1084000,买盘,2017-07-18,2017-07-18 09:54:15
09:54:18,09:54:18,40.0,--,93,372000,买盘,2017-07-18,2017-07-18 09:54:18
09:54:21,09:54:21,40.06,0.06,81,327810,买盘,2017-07-18,2017-07-18 09:54:21
09:54:24,09:54:24,40.15,0.09,66,264990,买盘,2017-07-18,2017-07-18 09:54:24
09:54:27,09:54:27,40.17,0.02,17,68289,买盘,2017-07-18,2017-07-18 09:54:27
09:54:30,09:54:30,40.2,0.03,198,795960,买盘,2017-07-18,2017-07-18 09:54:30
09:54:33,09:54:33,40.28,0.08,13,52364,买盘,2017-07-18,2017-07-18 09:54:33
09:54:36,09:54:36,40.35,0.07,24,96840,买盘,2017-07-18,2017-07-18 09:54:36
09:54:39,09:54:39,40.38,0.03,42,169596,买盘,2017-07-18,2017-07-18 09:54:39
09:54:42,09:54:42,40.37,-0.01,52,209924,卖盘,2017-07-18,2017-07-18 09:54:42
09:54:45,09:54:45,40.44,0.07,71,287124,买盘,2017-07-18,2017-07-18 09:54:45
09:54:48,09:54:48,40.44,--,24,97056,买盘,2017-07-18,2017-07-18 09:54:48
09:54:51,09:54:51,40.5,0.06,133,538650,买盘,2017-07-18,2017-07-18 09:54:51
09:54:54,09:54:54,40.5,--,40,162000,买盘,2017-07-18,2017-07-18 09:54:54
09:54:57,09:54:57,40.5,--,115,465750,买盘,2017-07-18,2017-07-18 09:54:57
09:55:00,09:55:00,40.48,-0.02,228,922943,卖盘,2017-07-18,2017-07-18 09:55:00
09:55:03,09:55:03,40.56,0.08,117,474552,买盘,2017-07-18,2017-07-18 09:55:03
09:55:06,09:55:06,40.51,-0.05,69,279519,卖盘,2017-07-18,2017-07-18 09:55:06
09:55:09,09:55:09,40.56,0.05,74,300144,中性盘,2017-07-18,2017-07-18 09:55:09
09:55:12,09:55:12,40.76,0.2,199,811124,买盘,2017-07-18,2017-07-18 09:55:12
09:55:15,09:55:15,40.76,--,14,57064,卖盘,2017-07-18,2017-07-18 09:55:15
09:55:18,09:55:18,40.76,--,53,216028,买盘,2017-07-18,2017-07-18 09:55:18
09:55:21,09:55:21,40.76,--,307,1251332,买盘,2017-07-18,2017-07-18 09:55:21
09:55:24,09:55:24,40.88,0.12,57,233016,买盘,2017-07-18,2017-07-18 09:55:24
09:55:27,09:55:27,40.76,-0.12,121,493196,卖盘,2017-07-18,2017-07-18 09:55:27
09:55:30,09:55:30,40.9,0.14,211,862990,买盘,2017-07-18,2017-07-18 09:55:30
09:55:33,09:55:33,40.99,0.09,102,418098,买盘,2017-07-18,2017-07-18 09:55:33
09:55:36,09:55:36,40.89,-0.1,132,539748,卖盘,2017-07-18,2017-07-18 09:55:36
09:55:39,09:55:39,40.8,-0.09,314,1281120,卖盘,2017-07-18,2017-07-18 09:55:39
09:55:42,09:55:42,41.0,0.2,25,102500,买盘,2017-07-18,2017-07-18 09:55:42
09:55:45,09:55:45,41.0,--,183,750300,买盘,2017-07-18,2017-07-18 09:55:45
09:55:48,09:55:48,41.03,0.03,187,767261,买盘,2017-07-18,2017-07-18 09:55:48
09:55:51,09:55:51,41.07,0.04,148,607836,买盘,2017-07-18,2017-07-18 09:55:51
09:55:54,09:55:54,41.1,0.03,94,386340,买盘,2017-07-18,2017-07-18 09:55:54
09:55:57,09:55:57,41.2,0.1,76,313120,买盘,2017-07-18,2017-07-18 09:55:57
09:56:00,09:56:00,41.22,0.02,50,206100,买盘,2017-07-18,2017-07-18 09:56:00
09:56:03,09:56:03,41.16,-0.06,24,98783,卖盘,2017-07-18,2017-07-18 09:56:03
09:56:06,09:56:06,41.41,0.25,84,347844,买盘,2017-07-18,2017-07-18 09:56:06
09:56:09,09:56:09,41.47,0.06,270,1119690,买盘,2017-07-18,2017-07-18 09:56:09
09:56:12,09:56:12,41.47,--,113,468611,买盘,2017-07-18,2017-07-18 09:56:12
09:56:15,09:56:15,41.5,0.03,61,253150,买盘,2017-07-18,2017-07-18 09:56:15
09:56:18,09:56:18,41.46,-0.04,87,360702,卖盘,2017-07-18,2017-07-18 09:56:18
09:56:21,09:56:21,41.48,0.02,120,497759,买盘,2017-07-18,2017-07-18 09:56:21
09:56:24,09:56:24,41.47,-0.01,52,215644,卖盘,2017-07-18,2017-07-18 09:56:24
09:56:27,09:56:27,41.41,-0.06,182,753661,卖盘,2017-07-18,2017-07-18 09:56:27
09:56:30,09:56:30,41.41,--,106,438945,买盘,2017-07-18,2017-07-18 09:56:30
09:56:33,09:56:33,41.03,-0.38,240,984720,卖盘,2017-07-18,2017-07-18 09:56:33
09:56:36,09:56:36,41.39,0.36,150,620850,中性盘,2017-07-18,2017-07-18 09:56:36
09:56:39,09:56:39,41.03,-0.36,53,217459,卖盘,2017-07-18,2017-07-18 09:56:39
09:56:42,09:56:42,41.28,0.25,274,1131072,买盘,2017-07-18,2017-07-18 09:56:42
09:56:45,09:56:45,41.03,-0.25,22,90266,卖盘,2017-07-18,2017-07-18 09:56:45
09:56:48,09:56:48,41.03,--,39,160017,买盘,2017-07-18,2017-07-18 09:56:48
09:56:51,09:56:51,41.01,-0.02,218,894018,卖盘,2017-07-18,2017-07-18 09:56:51
09:56:54,09:56:54,41.01,--,80,328080,买盘,2017-07-18,2017-07-18 09:56:54
09:56:57,09:56:57,41.01,--,70,287070,卖盘,2017-07-18,2017-07-18 09:56:57
09:57:00,09:57:00,41.0,-0.01,54,221400,买盘,2017-07-18,2017-07-18 09:57:00
09:57:03,09:57:03,41.0,--,10,41000,买盘,2017-07-18,2017-07-18 09:57:03
09:57:06,09:57:06,40.99,-0.01,21,86079,买盘,2017-07-18,2017-07-18 09:57:06
09:57:09,09:57:09,40.76,-0.23,51,207876,卖盘,2017-07-18,2017-07-18 09:57:09
09:57:12,09:57:12,40.81,0.05,127,518287,买盘,2017-07-18,2017-07-18 09:57:12
09:57:15,09:57:15,40.76,-0.05,24,97824,卖盘,2017-07-18,2017-07-18 09:57:15
09:57:18,09:57:18,40.8,0.04,72,293760,买盘,2017-07-18,2017-07-18 09:57:18
09:57:21,09:57:21,40.76,-0.04,65,264940,卖盘,2017-07-18,2017-07-18 09:57:21
09:57:24,09:57:24,40.76,--,58,236408,买盘,2017-07-18,2017-07-18 09:57:24
09:57:27,09:57:27,40.61,-0.15,29,117769,中性盘,2017-07-18,2017-07-18 09:57:27
09:57:30,09:57:30,40.54,-0.07,15,60810,卖盘,2017-07-18,2017-07-18 09:57:30
09:57:33,09:57:33,40.61,0.07,83,337063,买盘,2017-07-18,2017-07-18 09:57:33
09:57:36,09:57:36,40.54,-0.07,139,563506,卖盘,2017-07-18,2017-07-18 09:57:36
09:57:39,09:57:39,40.52,-0.02,14,56728,卖盘,2017-07-18,2017-07-18 09:57:39
09:57:42,09:57:42,40.5,-0.02,52,210600,卖盘,2017-07-18,2017-07-18 09:57:42
09:57:45,09:57:45,40.5,--,46,186300,卖盘,2017-07-18,2017-07-18 09:57:45
09:57:48,09:57:48,40.46,-0.04,163,659498,卖盘,2017-07-18,2017-07-18 09:57:48
09:57:51,09:57:51,40.45,-0.01,39,157755,卖盘,2017-07-18,2017-07-18 09:57:51
09:57:54,09:57:54,40.4,-0.05,33,133320,卖盘,2017-07-18,2017-07-18 09:57:54
09:57:57,09:57:57,40.44,0.04,14,56616,买盘,2017-07-18,2017-07-18 09:57:57
09:58:00,09:58:00,40.4,-0.04,10,40400,卖盘,2017-07-18,2017-07-18 09:58:00
09:58:03,09:58:03,40.4,--,70,282800,买盘,2017-07-18,2017-07-18 09:58:03
09:58:06,09:58:06,40.4,--,66,266640,买盘,2017-07-18,2017-07-18 09:58:06
09:58:09,09:58:09,40.4,--,54,218160,买盘,2017-07-18,2017-07-18 09:58:09
09:58:12,09:58:12,40.43,0.03,106,428558,买盘,2017-07-18,2017-07-18 09:58:12
09:58:15,09:58:15,40.46,0.03,49,198254,买盘,2017-07-18,2017-07-18 09:58:15
09:58:18,09:58:18,40.5,0.04,65,263250,买盘,2017-07-18,2017-07-18 09:58:18
09:58:21,09:58:21,40.52,0.02,76,307952,买盘,2017-07-18,2017-07-18 09:58:21
09:58:24,09:58:24,40.54,0.02,37,149998,买盘,2017-07-18,2017-07-18 09:58:24
09:58:27,09:58:27,40.6,0.06,12,48720,买盘,2017-07-18,2017-07-18 09:58:27
09:58:33,09:58:33,40.79,0.19,38,155002,买盘,2017-07-18,2017-07-18 09:58:33
09:58:36,09:58:36,40.92,0.13,46,188232,买盘,2017-07-18,2017-07-18 09:58:36
09:58:39,09:58:39,40.92,--,5,20460,买盘,2017-07-18,2017-07-18 09:58:39
09:58:42,09:58:42,40.88,-0.04,41,167608,中性盘,2017-07-18,2017-07-18 09:58:42
09:58:45,09:58:45,40.88,--,71,290248,买盘,2017-07-18,2017-07-18 09:58:45
09:58:48,09:58:48,40.88,--,60,245280,买盘,2017-07-18,2017-07-18 09:58:48
09:58:51,09:58:51,40.95,0.07,28,114660,买盘,2017-07-18,2017-07-18 09:58:51
09:58:54,09:58:54,41.0,0.05,8,32800,买盘,2017-07-18,2017-07-18 09:58:54
09:58:57,09:58:57,41.0,--,8,32800,买盘,2017-07-18,2017-07-18 09:58:57
09:59:00,09:59:00,41.0,--,94,385400,买盘,2017-07-18,2017-07-18 09:59:00
09:59:03,09:59:03,40.88,-0.12,140,572320,卖盘,2017-07-18,2017-07-18 09:59:03
09:59:06,09:59:06,41.0,0.12,21,86100,卖盘,2017-07-18,2017-07-18 09:59:06
09:59:09,09:59:09,40.88,-0.12,110,449680,卖盘,2017-07-18,2017-07-18 09:59:09
09:59:12,09:59:12,40.96,0.08,31,126976,买盘,2017-07-18,2017-07-18 09:59:12
09:59:15,09:59:15,40.99,0.03,16,65584,买盘,2017-07-18,2017-07-18 09:59:15
09:59:18,09:59:18,40.99,--,8,32792,买盘,2017-07-18,2017-07-18 09:59:18
09:59:21,09:59:21,40.99,--,80,327920,买盘,2017-07-18,2017-07-18 09:59:21
09:59:24,09:59:24,40.88,-0.11,11,44968,卖盘,2017-07-18,2017-07-18 09:59:24
09:59:27,09:59:27,40.89,0.01,50,204450,买盘,2017-07-18,2017-07-18 09:59:27
09:59:30,09:59:30,40.75,-0.14,30,122250,卖盘,2017-07-18,2017-07-18 09:59:30
09:59:33,09:59:33,40.75,--,24,97800,卖盘,2017-07-18,2017-07-18 09:59:33
09:59:36,09:59:36,40.77,0.02,6,24462,买盘,2017-07-18,2017-07-18 09:59:36
09:59:39,09:59:39,40.77,--,17,69309,买盘,2017-07-18,2017-07-18 09:59:39
09:59:42,09:59:42,40.75,-0.02,63,256725,卖盘,2017-07-18,2017-07-18 09:59:42
09:59:45,09:59:45,40.61,-0.14,26,105586,卖盘,2017-07-18,2017-07-18 09:59:45
09:59:48,09:59:48,40.61,--,11,44671,卖盘,2017-07-18,2017-07-18 09:59:48
09:59:51,09:59:51,40.61,--,11,44671,卖盘,2017-07-18,2017-07-18 09:59:51
09:59:54,09:59:54,40.6,-0.01,36,146160,卖盘,2017-07-18,2017-07-18 09:59:54
09:59:57,09:59:57,40.6,--,1,4060,买盘,2017-07-18,2017-07-18 09:59:57
10:00:00,10:00:00,40.5,-0.1,32,129600,卖盘,2017-07-18,2017-07-18 10:00:00
10:00:03,10:00:03,40.5,--,16,64800,卖盘,2017-07-18,2017-07-18 10:00:03
10:00:06,10:00:06,40.48,-0.02,13,52623,卖盘,2017-07-18,2017-07-18 10:00:06
10:00:09,10:00:09,40.54,0.06,163,660802,买盘,2017-07-18,2017-07-18 10:00:09
10:00:12,10:00:12,40.48,-0.06,39,157872,卖盘,2017-07-18,2017-07-18 10:00:12
10:00:15,10:00:15,40.48,--,24,97151,卖盘,2017-07-18,2017-07-18 10:00:15
10:00:18,10:00:18,40.5,0.02,15,60750,中性盘,2017-07-18,2017-07-18 10:00:18
10:00:21,10:00:21,40.55,0.05,4,16219,买盘,2017-07-18,2017-07-18 10:00:21
10:00:24,10:00:24,40.5,-0.05,41,166050,卖盘,2017-07-18,2017-07-18 10:00:24
10:00:27,10:00:27,40.6,0.1,24,97440,买盘,2017-07-18,2017-07-18 10:00:27
10:00:30,10:00:30,40.55,-0.05,2,8109,卖盘,2017-07-18,2017-07-18 10:00:30
10:00:33,10:00:33,40.6,0.05,21,85260,买盘,2017-07-18,2017-07-18 10:00:33
10:00:36,10:00:36,40.61,0.01,3,12183,买盘,2017-07-18,2017-07-18 10:00:36
10:00:39,10:00:39,40.6,-0.01,40,162400,卖盘,2017-07-18,2017-07-18 10:00:39
10:00:42,10:00:42,40.75,0.15,42,171150,买盘,2017-07-18,2017-07-18 10:00:42
10:00:45,10:00:45,40.75,--,21,85575,买盘,2017-07-18,2017-07-18 10:00:45
10:00:48,10:00:48,40.66,-0.09,58,235827,卖盘,2017-07-18,2017-07-18 10:00:48
10:00:51,10:00:51,40.75,0.09,21,85575,买盘,2017-07-18,2017-07-18 10:00:51
10:00:54,10:00:54,40.8,0.05,21,85680,买盘,2017-07-18,2017-07-18 10:00:54
10:00:57,10:00:57,40.66,-0.14,58,235827,卖盘,2017-07-18,2017-07-18 10:00:57
10:01:00,10:01:00,40.74,0.08,86,350364,买盘,2017-07-18,2017-07-18 10:01:00
10:01:03,10:01:03,40.74,--,16,65184,买盘,2017-07-18,2017-07-18 10:01:03
10:01:06,10:01:06,40.74,--,6,24444,卖盘,2017-07-18,2017-07-18 10:01:06
10:01:09,10:01:09,40.69,-0.05,53,215657,中性盘,2017-07-18,2017-07-18 10:01:09
10:01:12,10:01:12,40.74,0.05,28,114072,买盘,2017-07-18,2017-07-18 10:01:12
10:01:15,10:01:15,40.7,-0.04,7,28490,卖盘,2017-07-18,2017-07-18 10:01:15
10:01:18,10:01:18,40.7,--,2,8140,卖盘,2017-07-18,2017-07-18 10:01:18
10:01:21,10:01:21,40.66,-0.04,28,113847,卖盘,2017-07-18,2017-07-18 10:01:21
10:01:24,10:01:24,40.69,0.03,35,142415,中性盘,2017-07-18,2017-07-18 10:01:24
10:01:27,10:01:27,40.66,-0.03,22,89451,卖盘,2017-07-18,2017-07-18 10:01:27
10:01:30,10:01:30,40.67,0.01,2,8134,中性盘,2017-07-18,2017-07-18 10:01:30
10:01:33,10:01:33,40.66,-0.01,48,195167,卖盘,2017-07-18,2017-07-18 10:01:33
10:01:36,10:01:36,40.67,0.01,13,52871,中性盘,2017-07-18,2017-07-18 10:01:36
10:01:39,10:01:39,40.66,-0.01,31,126045,卖盘,2017-07-18,2017-07-18 10:01:39
10:01:42,10:01:42,40.66,--,14,56923,买盘,2017-07-18,2017-07-18 10:01:42
10:01:45,10:01:45,40.64,-0.02,9,36576,卖盘,2017-07-18,2017-07-18 10:01:45
10:01:48,10:01:48,40.66,0.02,60,243959,买盘,2017-07-18,2017-07-18 10:01:48
10:01:51,10:01:51,40.62,-0.04,37,150294,卖盘,2017-07-18,2017-07-18 10:01:51
10:01:54,10:01:54,40.63,0.01,7,28441,卖盘,2017-07-18,2017-07-18 10:01:54
10:01:57,10:01:57,40.62,-0.01,28,113736,卖盘,2017-07-18,2017-07-18 10:01:57
10:02:00,10:02:00,40.62,--,7,28434,买盘,2017-07-18,2017-07-18 10:02:00
10:02:03,10:02:03,40.61,-0.01,17,69037,卖盘,2017-07-18,2017-07-18 10:02:03
10:02:06,10:02:06,40.61,--,11,44671,卖盘,2017-07-18,2017-07-18 10:02:06
10:02:09,10:02:09,40.61,--,15,60915,卖盘,2017-07-18,2017-07-18 10:02:09
10:02:12,10:02:12,40.6,-0.01,80,324800,卖盘,2017-07-18,2017-07-18 10:02:12
10:02:15,10:02:15,40.59,-0.01,10,40590,卖盘,2017-07-18,2017-07-18 10:02:15
10:02:18,10:02:18,40.55,-0.04,25,101375,卖盘,2017-07-18,2017-07-18 10:02:18
10:02:21,10:02:21,40.6,0.05,29,117740,买盘,2017-07-18,2017-07-18 10:02:21
10:02:24,10:02:24,40.55,-0.05,65,263575,卖盘,2017-07-18,2017-07-18 10:02:24
10:02:27,10:02:27,40.55,--,23,93265,买盘,2017-07-18,2017-07-18 10:02:27
10:02:30,10:02:30,40.55,--,11,44605,买盘,2017-07-18,2017-07-18 10:02:30
10:02:33,10:02:33,40.53,-0.02,8,32424,中性盘,2017-07-18,2017-07-18 10:02:33
10:02:36,10:02:36,40.51,-0.02,6,24306,卖盘,2017-07-18,2017-07-18 10:02:36
10:02:39,10:02:39,40.51,--,17,68867,卖盘,2017-07-18,2017-07-18 10:02:39
10:02:42,10:02:42,40.51,--,24,97224,卖盘,2017-07-18,2017-07-18 10:02:42
10:02:45,10:02:45,40.51,--,29,117479,买盘,2017-07-18,2017-07-18 10:02:45
10:02:48,10:02:48,40.5,-0.01,6,24300,卖盘,2017-07-18,2017-07-18 10:02:48
10:02:51,10:02:51,40.51,0.01,21,85071,买盘,2017-07-18,2017-07-18 10:02:51
10:02:54,10:02:54,40.5,-0.01,40,162000,卖盘,2017-07-18,2017-07-18 10:02:54
10:02:57,10:02:57,40.51,0.01,87,352437,买盘,2017-07-18,2017-07-18 10:02:57
10:03:00,10:03:00,40.5,-0.01,59,238950,卖盘,2017-07-18,2017-07-18 10:03:00
10:03:03,10:03:03,40.5,--,34,137700,买盘,2017-07-18,2017-07-18 10:03:03
10:03:06,10:03:06,40.49,-0.01,13,52637,中性盘,2017-07-18,2017-07-18 10:03:06
10:03:09,10:03:09,40.48,-0.01,57,230735,卖盘,2017-07-18,2017-07-18 10:03:09
10:03:12,10:03:12,40.48,--,13,52623,买盘,2017-07-18,2017-07-18 10:03:12
10:03:15,10:03:15,40.47,-0.01,12,48564,卖盘,2017-07-18,2017-07-18 10:03:15
10:03:21,10:03:21,40.45,-0.02,26,105170,卖盘,2017-07-18,2017-07-18 10:03:21
10:03:24,10:03:24,40.46,0.01,30,121380,买盘,2017-07-18,2017-07-18 10:03:24
10:03:33,10:03:33,40.41,-0.05,19,76779,卖盘,2017-07-18,2017-07-18 10:03:33
10:03:36,10:03:36,40.4,-0.01,28,113120,卖盘,2017-07-18,2017-07-18 10:03:36
10:03:39,10:03:39,40.38,-0.02,82,331116,卖盘,2017-07-18,2017-07-18 10:03:39
10:03:42,10:03:42,40.38,--,1,4038,买盘,2017-07-18,2017-07-18 10:03:42
10:03:45,10:03:45,40.2,-0.18,99,397980,卖盘,2017-07-18,2017-07-18 10:03:45
10:03:48,10:03:48,40.2,--,13,52260,卖盘,2017-07-18,2017-07-18 10:03:48
10:03:51,10:03:51,40.15,-0.05,3,12045,卖盘,2017-07-18,2017-07-18 10:03:51
10:03:54,10:03:54,40.13,-0.02,22,88286,卖盘,2017-07-18,2017-07-18 10:03:54
10:03:57,10:03:57,40.06,-0.07,3,12018,卖盘,2017-07-18,2017-07-18 10:03:57
10:04:00,10:04:00,40.05,-0.01,46,184230,卖盘,2017-07-18,2017-07-18 10:04:00
10:04:03,10:04:03,40.03,-0.02,15,60045,卖盘,2017-07-18,2017-07-18 10:04:03
10:04:06,10:04:06,40.01,-0.02,43,172043,卖盘,2017-07-18,2017-07-18 10:04:06
10:04:09,10:04:09,40.02,0.01,63,252126,买盘,2017-07-18,2017-07-18 10:04:09
10:04:12,10:04:12,40.01,-0.01,87,348087,中性盘,2017-07-18,2017-07-18 10:04:12
10:04:15,10:04:15,40.0,-0.01,69,276000,买盘,2017-07-18,2017-07-18 10:04:15
10:04:18,10:04:18,39.99,-0.01,31,123969,卖盘,2017-07-18,2017-07-18 10:04:18
10:04:21,10:04:21,39.99,--,8,31992,买盘,2017-07-18,2017-07-18 10:04:21
10:04:24,10:04:24,39.95,-0.04,7,27965,卖盘,2017-07-18,2017-07-18 10:04:24
10:04:27,10:04:27,39.96,0.01,10,39960,买盘,2017-07-18,2017-07-18 10:04:27
10:04:30,10:04:30,39.95,-0.01,89,355555,卖盘,2017-07-18,2017-07-18 10:04:30
10:04:33,10:04:33,39.95,--,17,67915,买盘,2017-07-18,2017-07-18 10:04:33
10:04:36,10:04:36,39.95,--,13,51935,中性盘,2017-07-18,2017-07-18 10:04:36
10:04:39,10:04:39,39.89,-0.06,9,35901,中性盘,2017-07-18,2017-07-18 10:04:39
10:04:42,10:04:42,39.85,-0.04,27,107595,卖盘,2017-07-18,2017-07-18 10:04:42
10:04:45,10:04:45,39.86,0.01,7,27902,买盘,2017-07-18,2017-07-18 10:04:45
10:04:48,10:04:48,39.85,-0.01,27,107595,卖盘,2017-07-18,2017-07-18 10:04:48
10:04:51,10:04:51,39.83,-0.02,3,11949,买盘,2017-07-18,2017-07-18 10:04:51
10:04:54,10:04:54,39.83,--,23,91609,买盘,2017-07-18,2017-07-18 10:04:54
10:04:57,10:04:57,39.85,0.02,44,175340,买盘,2017-07-18,2017-07-18 10:04:57
10:05:00,10:05:00,39.85,--,26,103610,卖盘,2017-07-18,2017-07-18 10:05:00
10:05:03,10:05:03,39.86,0.01,33,131538,买盘,2017-07-18,2017-07-18 10:05:03
10:05:06,10:05:06,39.89,0.03,38,151582,买盘,2017-07-18,2017-07-18 10:05:06
10:05:09,10:05:09,39.9,0.01,5,19950,卖盘,2017-07-18,2017-07-18 10:05:09
10:05:12,10:05:12,39.93,0.03,22,87846,买盘,2017-07-18,2017-07-18 10:05:12
10:05:15,10:05:15,39.95,0.02,93,371535,买盘,2017-07-18,2017-07-18 10:05:15
10:05:18,10:05:18,40.3,0.35,106,427179,买盘,2017-07-18,2017-07-18 10:05:18
10:05:21,10:05:21,40.03,-0.27,2,8006,卖盘,2017-07-18,2017-07-18 10:05:21
10:05:24,10:05:24,40.3,0.27,5,20150,买盘,2017-07-18,2017-07-18 10:05:24
10:05:27,10:05:27,40.31,0.01,1,4031,买盘,2017-07-18,2017-07-18 10:05:27
10:05:33,10:05:33,40.33,0.02,1,4033,买盘,2017-07-18,2017-07-18 10:05:33
10:05:36,10:05:36,40.33,--,13,52429,中性盘,2017-07-18,2017-07-18 10:05:36
10:05:39,10:05:39,40.33,--,40,161320,卖盘,2017-07-18,2017-07-18 10:05:39
10:05:42,10:05:42,40.31,-0.02,35,141085,中性盘,2017-07-18,2017-07-18 10:05:42
10:05:45,10:05:45,40.3,-0.01,29,116869,卖盘,2017-07-18,2017-07-18 10:05:45
10:05:48,10:05:48,40.3,--,10,40300,中性盘,2017-07-18,2017-07-18 10:05:48
10:05:51,10:05:51,40.31,0.01,53,213643,买盘,2017-07-18,2017-07-18 10:05:51
10:05:54,10:05:54,40.31,--,5,20155,买盘,2017-07-18,2017-07-18 10:05:54
10:05:57,10:05:57,40.31,--,13,52403,买盘,2017-07-18,2017-07-18 10:05:57
10:06:00,10:06:00,40.3,-0.01,9,36270,买盘,2017-07-18,2017-07-18 10:06:00
10:06:03,10:06:03,40.3,--,7,28209,卖盘,2017-07-18,2017-07-18 10:06:03
10:06:06,10:06:06,40.31,0.01,16,64496,买盘,2017-07-18,2017-07-18 10:06:06
10:06:09,10:06:09,40.3,-0.01,42,169260,卖盘,2017-07-18,2017-07-18 10:06:09
10:06:12,10:06:12,40.2,-0.1,19,76380,中性盘,2017-07-18,2017-07-18 10:06:12
10:06:18,10:06:18,40.2,--,3,12060,买盘,2017-07-18,2017-07-18 10:06:18
10:06:21,10:06:21,40.2,--,2,8040,买盘,2017-07-18,2017-07-18 10:06:21
10:06:24,10:06:24,40.11,-0.09,32,128352,卖盘,2017-07-18,2017-07-18 10:06:24
10:06:27,10:06:27,40.11,--,29,116319,卖盘,2017-07-18,2017-07-18 10:06:27
10:06:30,10:06:30,40.11,--,21,84231,卖盘,2017-07-18,2017-07-18 10:06:30
10:06:33,10:06:33,40.2,0.09,27,108540,买盘,2017-07-18,2017-07-18 10:06:33
10:06:36,10:06:36,40.11,-0.09,12,48132,卖盘,2017-07-18,2017-07-18 10:06:36
10:06:39,10:06:39,40.11,--,10,40110,卖盘,2017-07-18,2017-07-18 10:06:39
10:06:42,10:06:42,40.11,--,12,48132,卖盘,2017-07-18,2017-07-18 10:06:42
10:06:45,10:06:45,40.11,--,69,276759,卖盘,2017-07-18,2017-07-18 10:06:45
10:06:48,10:06:48,40.11,--,9,36099,买盘,2017-07-18,2017-07-18 10:06:48
10:06:51,10:06:51,40.07,-0.04,21,84147,卖盘,2017-07-18,2017-07-18 10:06:51
10:06:54,10:06:54,40.11,0.04,13,52143,买盘,2017-07-18,2017-07-18 10:06:54
10:06:57,10:06:57,40.1,-0.01,19,76190,中性盘,2017-07-18,2017-07-18 10:06:57
10:07:00,10:07:00,40.07,-0.03,27,108189,卖盘,2017-07-18,2017-07-18 10:07:00
10:07:03,10:07:03,40.07,--,37,148259,买盘,2017-07-18,2017-07-18 10:07:03
10:07:06,10:07:06,40.03,-0.04,29,116087,卖盘,2017-07-18,2017-07-18 10:07:06
10:07:09,10:07:09,40.01,-0.02,14,56014,卖盘,2017-07-18,2017-07-18 10:07:09
10:07:12,10:07:12,40.01,--,6,24006,买盘,2017-07-18,2017-07-18 10:07:12
10:07:15,10:07:15,40.0,-0.01,17,68000,卖盘,2017-07-18,2017-07-18 10:07:15
10:07:18,10:07:18,40.01,0.01,17,68017,买盘,2017-07-18,2017-07-18 10:07:18
10:07:21,10:07:21,40.0,-0.01,12,48000,卖盘,2017-07-18,2017-07-18 10:07:21
10:07:24,10:07:24,40.0,--,61,244000,买盘,2017-07-18,2017-07-18 10:07:24
10:07:27,10:07:27,40.0,--,15,60000,买盘,2017-07-18,2017-07-18 10:07:27
10:07:30,10:07:30,40.0,--,7,28000,买盘,2017-07-18,2017-07-18 10:07:30
10:07:33,10:07:33,40.0,--,1,4000,买盘,2017-07-18,2017-07-18 10:07:33
10:07:36,10:07:36,39.95,-0.05,23,91885,卖盘,2017-07-18,2017-07-18 10:07:36
10:07:39,10:07:39,40.0,0.05,14,56000,买盘,2017-07-18,2017-07-18 10:07:39
10:07:42,10:07:42,40.0,--,10,40000,卖盘,2017-07-18,2017-07-18 10:07:42
10:07:45,10:07:45,39.95,-0.05,4,15980,卖盘,2017-07-18,2017-07-18 10:07:45
10:07:48,10:07:48,39.95,--,29,115855,卖盘,2017-07-18,2017-07-18 10:07:48
10:07:51,10:07:51,40.0,0.05,4,16000,卖盘,2017-07-18,2017-07-18 10:07:51
10:07:54,10:07:54,39.96,-0.04,9,35964,卖盘,2017-07-18,2017-07-18 10:07:54
10:07:57,10:07:57,40.01,0.05,52,208052,买盘,2017-07-18,2017-07-18 10:07:57
10:08:00,10:08:00,40.07,0.06,32,128224,买盘,2017-07-18,2017-07-18 10:08:00
10:08:03,10:08:03,40.01,-0.06,13,52013,卖盘,2017-07-18,2017-07-18 10:08:03
10:08:06,10:08:06,40.07,0.06,5,20035,买盘,2017-07-18,2017-07-18 10:08:06
10:08:09,10:08:09,40.07,--,18,72126,买盘,2017-07-18,2017-07-18 10:08:09
10:08:12,10:08:12,40.07,--,6,24042,卖盘,2017-07-18,2017-07-18 10:08:12
10:08:15,10:08:15,40.07,--,16,64112,卖盘,2017-07-18,2017-07-18 10:08:15
10:08:18,10:08:18,40.08,0.01,3,12024,中性盘,2017-07-18,2017-07-18 10:08:18
10:08:21,10:08:21,40.1,0.02,27,108270,买盘,2017-07-18,2017-07-18 10:08:21
10:08:24,10:08:24,40.1,--,6,24060,买盘,2017-07-18,2017-07-18 10:08:24
10:08:27,10:08:27,40.23,0.13,12,48275,买盘,2017-07-18,2017-07-18 10:08:27
10:08:30,10:08:30,40.1,-0.13,8,32080,卖盘,2017-07-18,2017-07-18 10:08:30
10:08:33,10:08:33,40.23,0.13,9,36207,买盘,2017-07-18,2017-07-18 10:08:33
10:08:36,10:08:36,40.24,0.01,4,16096,买盘,2017-07-18,2017-07-18 10:08:36
10:08:39,10:08:39,40.29,0.05,112,451248,买盘,2017-07-18,2017-07-18 10:08:39
10:08:42,10:08:42,40.3,0.01,13,52389,买盘,2017-07-18,2017-07-18 10:08:42
10:08:45,10:08:45,40.23,-0.07,21,84483,卖盘,2017-07-18,2017-07-18 10:08:45
10:08:48,10:08:48,40.23,--,29,116666,买盘,2017-07-18,2017-07-18 10:08:48
10:08:51,10:08:51,40.3,0.07,55,221649,买盘,2017-07-18,2017-07-18 10:08:51
10:08:54,10:08:54,40.23,-0.07,7,28160,卖盘,2017-07-18,2017-07-18 10:08:54
10:08:57,10:08:57,40.23,--,10,40230,卖盘,2017-07-18,2017-07-18 10:08:57
10:09:00,10:09:00,40.3,0.07,7,28209,买盘,2017-07-18,2017-07-18 10:09:00
10:09:03,10:09:03,40.3,--,21,84630,买盘,2017-07-18,2017-07-18 10:09:03
10:09:06,10:09:06,40.3,--,70,282100,买盘,2017-07-18,2017-07-18 10:09:06
10:09:09,10:09:09,40.23,-0.07,8,32183,卖盘,2017-07-18,2017-07-18 10:09:09
10:09:12,10:09:12,40.23,--,1,4022,买盘,2017-07-18,2017-07-18 10:09:12
10:09:15,10:09:15,40.3,0.07,47,189410,买盘,2017-07-18,2017-07-18 10:09:15
10:09:18,10:09:18,40.3,--,22,88660,买盘,2017-07-18,2017-07-18 10:09:18
10:09:21,10:09:21,40.0,-0.3,416,1664000,卖盘,2017-07-18,2017-07-18 10:09:21
10:09:24,10:09:24,40.0,--,31,124000,买盘,2017-07-18,2017-07-18 10:09:24
10:09:27,10:09:27,40.0,--,2,8000,买盘,2017-07-18,2017-07-18 10:09:27
10:09:30,10:09:30,40.0,--,20,80000,买盘,2017-07-18,2017-07-18 10:09:30
10:09:33,10:09:33,39.96,-0.04,23,91908,卖盘,2017-07-18,2017-07-18 10:09:33
10:09:36,10:09:36,40.0,0.04,72,288000,买盘,2017-07-18,2017-07-18 10:09:36
10:09:39,10:09:39,40.0,--,3,12000,买盘,2017-07-18,2017-07-18 10:09:39
10:09:42,10:09:42,40.23,0.23,1,4022,卖盘,2017-07-18,2017-07-18 10:09:42
10:09:45,10:09:45,40.0,-0.23,6,24000,卖盘,2017-07-18,2017-07-18 10:09:45
10:09:48,10:09:48,40.2,0.2,16,64320,卖盘,2017-07-18,2017-07-18 10:09:48
10:09:51,10:09:51,40.01,-0.19,7,28007,买盘,2017-07-18,2017-07-18 10:09:51
10:09:54,10:09:54,40.01,--,8,32008,买盘,2017-07-18,2017-07-18 10:09:54
10:09:57,10:09:57,40.0,-0.01,25,100000,卖盘,2017-07-18,2017-07-18 10:09:57
10:10:00,10:10:00,40.01,0.01,8,32008,买盘,2017-07-18,2017-07-18 10:10:00
10:10:03,10:10:03,40.01,--,65,260065,卖盘,2017-07-18,2017-07-18 10:10:03
10:10:06,10:10:06,40.01,--,12,48012,卖盘,2017-07-18,2017-07-18 10:10:06
10:10:12,10:10:12,40.1,0.09,2,8020,买盘,2017-07-18,2017-07-18 10:10:12
10:10:15,10:10:15,40.19,0.09,2,8038,买盘,2017-07-18,2017-07-18 10:10:15
10:10:18,10:10:18,40.1,-0.09,12,48120,卖盘,2017-07-18,2017-07-18 10:10:18
10:10:24,10:10:24,40.11,0.01,1,4011,买盘,2017-07-18,2017-07-18 10:10:24
10:10:27,10:10:27,40.1,-0.01,11,44110,卖盘,2017-07-18,2017-07-18 10:10:27
10:10:30,10:10:30,40.1,--,20,80200,卖盘,2017-07-18,2017-07-18 10:10:30
10:10:36,10:10:36,40.0,-0.1,291,1164000,卖盘,2017-07-18,2017-07-18 10:10:36
10:10:39,10:10:39,40.0,--,9,36000,买盘,2017-07-18,2017-07-18 10:10:39
10:10:42,10:10:42,40.0,--,7,28000,买盘,2017-07-18,2017-07-18 10:10:42
10:10:45,10:10:45,39.98,-0.02,24,95951,卖盘,2017-07-18,2017-07-18 10:10:45
10:10:48,10:10:48,40.0,0.02,4,16000,买盘,2017-07-18,2017-07-18 10:10:48
10:10:51,10:10:51,40.0,--,12,48000,买盘,2017-07-18,2017-07-18 10:10:51
10:10:54,10:10:54,40.0,--,31,124000,买盘,2017-07-18,2017-07-18 10:10:54
10:10:57,10:10:57,40.0,--,20,80000,买盘,2017-07-18,2017-07-18 10:10:57
10:11:00,10:11:00,40.0,--,3,12000,买盘,2017-07-18,2017-07-18 10:11:00
10:11:03,10:11:03,39.99,-0.01,4,15996,中性盘,2017-07-18,2017-07-18 10:11:03
10:11:06,10:11:06,39.98,-0.01,3,11993,卖盘,2017-07-18,2017-07-18 10:11:06
10:11:09,10:11:09,40.0,0.02,82,328000,买盘,2017-07-18,2017-07-18 10:11:09
10:11:12,10:11:12,39.98,-0.02,23,91954,卖盘,2017-07-18,2017-07-18 10:11:12
10:11:15,10:11:15,39.98,--,35,139930,卖盘,2017-07-18,2017-07-18 10:11:15
10:11:18,10:11:18,39.98,--,7,27985,卖盘,2017-07-18,2017-07-18 10:11:18
10:11:21,10:11:21,40.0,0.02,8,32000,买盘,2017-07-18,2017-07-18 10:11:21
10:11:24,10:11:24,40.0,--,6,24000,卖盘,2017-07-18,2017-07-18 10:11:24
10:11:27,10:11:27,40.0,--,11,44000,买盘,2017-07-18,2017-07-18 10:11:27
10:11:30,10:11:30,40.0,--,6,24000,卖盘,2017-07-18,2017-07-18 10:11:30
10:11:33,10:11:33,40.1,0.1,18,72180,买盘,2017-07-18,2017-07-18 10:11:33
10:11:36,10:11:36,40.0,-0.1,26,104000,卖盘,2017-07-18,2017-07-18 10:11:36
10:11:39,10:11:39,40.1,0.1,11,44110,买盘,2017-07-18,2017-07-18 10:11:39
10:11:45,10:11:45,40.01,-0.09,3,12003,卖盘,2017-07-18,2017-07-18 10:11:45
10:11:48,10:11:48,40.1,0.09,17,68170,买盘,2017-07-18,2017-07-18 10:11:48
10:11:51,10:11:51,40.1,--,14,56140,买盘,2017-07-18,2017-07-18 10:11:51
10:11:54,10:11:54,40.0,-0.1,100,400000,卖盘,2017-07-18,2017-07-18 10:11:54
10:11:57,10:11:57,40.1,0.1,1,4010,买盘,2017-07-18,2017-07-18 10:11:57
10:12:00,10:12:00,40.1,--,1,4010,买盘,2017-07-18,2017-07-18 10:12:00
10:12:03,10:12:03,40.1,--,22,88220,买盘,2017-07-18,2017-07-18 10:12:03
10:12:06,10:12:06,40.1,--,14,56140,买盘,2017-07-18,2017-07-18 10:12:06
10:12:09,10:12:09,40.1,--,14,56140,买盘,2017-07-18,2017-07-18 10:12:09
10:12:12,10:12:12,40.1,--,9,36090,买盘,2017-07-18,2017-07-18 10:12:12
10:12:15,10:12:15,40.02,-0.08,6,24012,卖盘,2017-07-18,2017-07-18 10:12:15
10:12:21,10:12:21,40.02,--,4,16008,买盘,2017-07-18,2017-07-18 10:12:21
10:12:24,10:12:24,40.1,0.08,53,212530,买盘,2017-07-18,2017-07-18 10:12:24
10:12:27,10:12:27,40.1,--,5,20050,买盘,2017-07-18,2017-07-18 10:12:27
10:12:30,10:12:30,40.02,-0.08,3,12006,卖盘,2017-07-18,2017-07-18 10:12:30
10:12:33,10:12:33,40.1,0.08,5,20050,买盘,2017-07-18,2017-07-18 10:12:33
10:12:36,10:12:36,40.02,-0.08,65,260130,卖盘,2017-07-18,2017-07-18 10:12:36
10:12:39,10:12:39,40.08,0.06,8,32064,买盘,2017-07-18,2017-07-18 10:12:39
10:12:42,10:12:42,40.08,--,19,76152,买盘,2017-07-18,2017-07-18 10:12:42
10:12:45,10:12:45,40.08,--,14,56112,买盘,2017-07-18,2017-07-18 10:12:45
10:12:51,10:12:51,40.03,-0.05,77,308231,卖盘,2017-07-18,2017-07-18 10:12:51
10:12:54,10:12:54,40.08,0.05,44,176352,买盘,2017-07-18,2017-07-18 10:12:54
10:12:57,10:12:57,40.08,--,7,28056,买盘,2017-07-18,2017-07-18 10:12:57
10:13:00,10:13:00,40.08,--,2,8016,买盘,2017-07-18,2017-07-18 10:13:00
10:13:06,10:13:06,40.09,0.01,7,28063,买盘,2017-07-18,2017-07-18 10:13:06
10:13:09,10:13:09,40.08,-0.01,1,4008,卖盘,2017-07-18,2017-07-18 10:13:09
10:13:12,10:13:12,40.08,--,2,8016,卖盘,2017-07-18,2017-07-18 10:13:12
10:13:15,10:13:15,40.04,-0.04,2,8008,卖盘,2017-07-18,2017-07-18 10:13:15
10:13:18,10:13:18,40.09,0.05,26,104234,买盘,2017-07-18,2017-07-18 10:13:18
10:13:21,10:13:21,40.05,-0.04,5,20025,卖盘,2017-07-18,2017-07-18 10:13:21
10:13:24,10:13:24,40.09,0.04,2,8018,买盘,2017-07-18,2017-07-18 10:13:24
10:13:27,10:13:27,40.04,-0.05,13,52052,卖盘,2017-07-18,2017-07-18 10:13:27
10:13:30,10:13:30,40.09,0.05,5,20045,买盘,2017-07-18,2017-07-18 10:13:30
10:13:33,10:13:33,40.09,--,8,32072,买盘,2017-07-18,2017-07-18 10:13:33
10:13:36,10:13:36,40.04,-0.05,10,40040,卖盘,2017-07-18,2017-07-18 10:13:36
10:13:39,10:13:39,40.08,0.04,8,32064,买盘,2017-07-18,2017-07-18 10:13:39
10:13:42,10:13:42,40.09,0.01,46,184414,买盘,2017-07-18,2017-07-18 10:13:42
10:13:48,10:13:48,40.09,--,3,12027,卖盘,2017-07-18,2017-07-18 10:13:48
10:13:51,10:13:51,40.09,--,2,8018,买盘,2017-07-18,2017-07-18 10:13:51
10:13:54,10:13:54,40.1,0.01,5,20050,买盘,2017-07-18,2017-07-18 10:13:54
10:13:57,10:13:57,40.1,--,35,140350,买盘,2017-07-18,2017-07-18 10:13:57
10:14:00,10:14:00,40.09,-0.01,12,48108,买盘,2017-07-18,2017-07-18 10:14:00
10:14:03,10:14:03,40.11,0.02,33,132363,买盘,2017-07-18,2017-07-18 10:14:03
10:14:06,10:14:06,40.12,0.01,11,44132,卖盘,2017-07-18,2017-07-18 10:14:06
10:14:09,10:14:09,40.23,0.11,60,241379,买盘,2017-07-18,2017-07-18 10:14:09
10:14:12,10:14:12,40.15,-0.08,3,12045,卖盘,2017-07-18,2017-07-18 10:14:12
10:14:18,10:14:18,40.23,0.08,19,76437,买盘,2017-07-18,2017-07-18 10:14:18
10:14:24,10:14:24,40.29,0.06,2,8058,买盘,2017-07-18,2017-07-18 10:14:24
10:14:27,10:14:27,40.24,-0.05,12,48288,卖盘,2017-07-18,2017-07-18 10:14:27
10:14:30,10:14:30,40.29,0.05,2,8058,中性盘,2017-07-18,2017-07-18 10:14:30
10:14:33,10:14:33,40.3,0.01,25,100750,买盘,2017-07-18,2017-07-18 10:14:33
10:14:36,10:14:36,40.3,--,18,72540,买盘,2017-07-18,2017-07-18 10:14:36
10:14:39,10:14:39,40.3,--,29,116869,买盘,2017-07-18,2017-07-18 10:14:39
10:14:42,10:14:42,40.31,0.01,10,40310,买盘,2017-07-18,2017-07-18 10:14:42
10:14:45,10:14:45,40.3,-0.01,43,173290,卖盘,2017-07-18,2017-07-18 10:14:45
10:14:48,10:14:48,40.33,0.03,26,104858,买盘,2017-07-18,2017-07-18 10:14:48
10:14:51,10:14:51,40.31,-0.02,14,56434,卖盘,2017-07-18,2017-07-18 10:14:51
10:14:54,10:14:54,40.36,0.05,11,44396,买盘,2017-07-18,2017-07-18 10:14:54
10:14:57,10:14:57,40.36,--,6,24216,买盘,2017-07-18,2017-07-18 10:14:57
10:15:03,10:15:03,40.45,0.09,24,97080,买盘,2017-07-18,2017-07-18 10:15:03
10:15:09,10:15:09,40.45,--,2,8090,买盘,2017-07-18,2017-07-18 10:15:09
10:15:12,10:15:12,40.45,--,12,48540,中性盘,2017-07-18,2017-07-18 10:15:12
10:15:15,10:15:15,40.46,0.01,12,48552,买盘,2017-07-18,2017-07-18 10:15:15
10:15:18,10:15:18,40.46,--,3,12138,卖盘,2017-07-18,2017-07-18 10:15:18
10:15:21,10:15:21,40.47,0.01,6,24282,买盘,2017-07-18,2017-07-18 10:15:21
10:15:24,10:15:24,40.49,0.02,6,24294,买盘,2017-07-18,2017-07-18 10:15:24
10:15:27,10:15:27,40.5,0.01,26,105300,买盘,2017-07-18,2017-07-18 10:15:27
10:15:30,10:15:30,40.49,-0.01,4,16196,中性盘,2017-07-18,2017-07-18 10:15:30
10:15:33,10:15:33,40.5,0.01,21,85050,买盘,2017-07-18,2017-07-18 10:15:33
10:15:36,10:15:36,40.5,--,23,93150,买盘,2017-07-18,2017-07-18 10:15:36
10:15:39,10:15:39,40.49,-0.01,1,4049,卖盘,2017-07-18,2017-07-18 10:15:39
10:15:42,10:15:42,40.5,0.01,18,72900,买盘,2017-07-18,2017-07-18 10:15:42
10:15:45,10:15:45,40.5,--,91,368550,买盘,2017-07-18,2017-07-18 10:15:45
10:15:48,10:15:48,40.5,--,21,85050,卖盘,2017-07-18,2017-07-18 10:15:48
10:15:51,10:15:51,40.49,-0.01,45,182205,卖盘,2017-07-18,2017-07-18 10:15:51
10:15:57,10:15:57,40.5,0.01,12,48600,买盘,2017-07-18,2017-07-18 10:15:57
10:16:00,10:16:00,40.5,--,7,28350,买盘,2017-07-18,2017-07-18 10:16:00
10:16:03,10:16:03,40.5,--,1,4050,卖盘,2017-07-18,2017-07-18 10:16:03
10:16:06,10:16:06,40.47,-0.03,14,56658,卖盘,2017-07-18,2017-07-18 10:16:06
10:16:09,10:16:09,40.5,0.03,3,12150,买盘,2017-07-18,2017-07-18 10:16:09
10:16:12,10:16:12,40.49,-0.01,2,8098,卖盘,2017-07-18,2017-07-18 10:16:12
10:16:15,10:16:15,40.49,--,19,76931,卖盘,2017-07-18,2017-07-18 10:16:15
10:16:18,10:16:18,40.5,0.01,30,121500,买盘,2017-07-18,2017-07-18 10:16:18
10:16:21,10:16:21,40.5,--,28,113400,卖盘,2017-07-18,2017-07-18 10:16:21
10:16:24,10:16:24,40.5,--,7,28350,买盘,2017-07-18,2017-07-18 10:16:24
10:16:27,10:16:27,40.5,--,43,174150,买盘,2017-07-18,2017-07-18 10:16:27
10:16:30,10:16:30,40.49,-0.01,26,105274,卖盘,2017-07-18,2017-07-18 10:16:30
10:16:33,10:16:33,40.48,-0.01,12,48575,卖盘,2017-07-18,2017-07-18 10:16:33
10:16:36,10:16:36,40.48,--,2,8095,卖盘,2017-07-18,2017-07-18 10:16:36
10:16:39,10:16:39,40.46,-0.02,21,84966,卖盘,2017-07-18,2017-07-18 10:16:39
10:16:42,10:16:42,40.46,--,19,76874,卖盘,2017-07-18,2017-07-18 10:16:42
10:16:45,10:16:45,40.45,-0.01,23,93035,卖盘,2017-07-18,2017-07-18 10:16:45
10:16:48,10:16:48,40.49,0.04,37,149813,买盘,2017-07-18,2017-07-18 10:16:48
10:16:51,10:16:51,40.43,-0.06,7,28301,卖盘,2017-07-18,2017-07-18 10:16:51
10:16:57,10:16:57,40.43,--,7,28301,卖盘,2017-07-18,2017-07-18 10:16:57
10:17:00,10:17:00,40.4,-0.03,3,12120,卖盘,2017-07-18,2017-07-18 10:17:00
10:17:03,10:17:03,40.4,--,1,4040,买盘,2017-07-18,2017-07-18 10:17:03
10:17:09,10:17:09,40.35,-0.05,23,92805,卖盘,2017-07-18,2017-07-18 10:17:09
10:17:12,10:17:12,40.35,--,1,4035,买盘,2017-07-18,2017-07-18 10:17:12
10:17:15,10:17:15,40.31,-0.04,4,16124,卖盘,2017-07-18,2017-07-18 10:17:15
10:17:18,10:17:18,40.3,-0.01,5,20150,卖盘,2017-07-18,2017-07-18 10:17:18
10:17:21,10:17:21,40.31,0.01,13,52403,买盘,2017-07-18,2017-07-18 10:17:21
10:17:24,10:17:24,40.3,-0.01,22,88660,卖盘,2017-07-18,2017-07-18 10:17:24
10:17:27,10:17:27,40.28,-0.02,8,32224,卖盘,2017-07-18,2017-07-18 10:17:27
10:17:36,10:17:36,40.25,-0.03,1,4025,卖盘,2017-07-18,2017-07-18 10:17:36
10:17:39,10:17:39,40.25,--,55,221375,买盘,2017-07-18,2017-07-18 10:17:39
10:17:42,10:17:42,40.02,-0.23,134,536268,卖盘,2017-07-18,2017-07-18 10:17:42
10:17:45,10:17:45,40.2,0.18,1,4020,中性盘,2017-07-18,2017-07-18 10:17:45
10:17:48,10:17:48,40.02,-0.18,7,28014,卖盘,2017-07-18,2017-07-18 10:17:48
10:17:51,10:17:51,40.02,--,5,20010,卖盘,2017-07-18,2017-07-18 10:17:51
10:17:54,10:17:54,40.03,0.01,11,44033,中性盘,2017-07-18,2017-07-18 10:17:54
10:17:57,10:17:57,40.03,--,7,28021,买盘,2017-07-18,2017-07-18 10:17:57
10:18:00,10:18:00,40.02,-0.01,2,8004,卖盘,2017-07-18,2017-07-18 10:18:00
10:18:03,10:18:03,40.2,0.18,39,156780,买盘,2017-07-18,2017-07-18 10:18:03
10:18:06,10:18:06,40.1,-0.1,26,104260,卖盘,2017-07-18,2017-07-18 10:18:06
10:18:09,10:18:09,40.2,0.1,7,28140,卖盘,2017-07-18,2017-07-18 10:18:09
10:18:12,10:18:12,40.2,--,2,8040,中性盘,2017-07-18,2017-07-18 10:18:12
10:18:15,10:18:15,40.04,-0.16,4,16016,卖盘,2017-07-18,2017-07-18 10:18:15
10:18:18,10:18:18,40.04,--,6,24024,买盘,2017-07-18,2017-07-18 10:18:18
10:18:21,10:18:21,40.04,--,7,28028,买盘,2017-07-18,2017-07-18 10:18:21
10:18:24,10:18:24,40.04,--,21,84084,卖盘,2017-07-18,2017-07-18 10:18:24
10:18:30,10:18:30,40.02,-0.02,101,404202,卖盘,2017-07-18,2017-07-18 10:18:30
10:18:33,10:18:33,40.2,0.18,20,80400,买盘,2017-07-18,2017-07-18 10:18:33
10:18:36,10:18:36,40.18,-0.02,4,16072,中性盘,2017-07-18,2017-07-18 10:18:36
10:18:39,10:18:39,40.03,-0.15,73,292219,卖盘,2017-07-18,2017-07-18 10:18:39
10:18:42,10:18:42,40.2,0.17,5,20100,买盘,2017-07-18,2017-07-18 10:18:42
10:18:45,10:18:45,40.07,-0.13,2,8014,卖盘,2017-07-18,2017-07-18 10:18:45
10:18:48,10:18:48,40.05,-0.02,54,216269,卖盘,2017-07-18,2017-07-18 10:18:48
10:18:51,10:18:51,40.18,0.13,7,28126,买盘,2017-07-18,2017-07-18 10:18:51
10:18:54,10:18:54,40.19,0.01,6,24114,买盘,2017-07-18,2017-07-18 10:18:54
10:18:57,10:18:57,40.2,0.01,3,12060,买盘,2017-07-18,2017-07-18 10:18:57
10:19:00,10:19:00,40.05,-0.15,50,200250,卖盘,2017-07-18,2017-07-18 10:19:00
10:19:06,10:19:06,40.05,--,18,72090,卖盘,2017-07-18,2017-07-18 10:19:06
10:19:09,10:19:09,40.19,0.14,20,80380,买盘,2017-07-18,2017-07-18 10:19:09
10:19:15,10:19:15,40.1,-0.09,1,4010,中性盘,2017-07-18,2017-07-18 10:19:15
10:19:18,10:19:18,40.06,-0.04,11,44066,卖盘,2017-07-18,2017-07-18 10:19:18
10:19:21,10:19:21,40.1,0.04,5,20050,买盘,2017-07-18,2017-07-18 10:19:21
10:19:27,10:19:27,40.1,--,38,152380,买盘,2017-07-18,2017-07-18 10:19:27
10:19:30,10:19:30,40.1,--,5,20050,买盘,2017-07-18,2017-07-18 10:19:30
10:19:33,10:19:33,40.07,-0.03,5,20035,卖盘,2017-07-18,2017-07-18 10:19:33
10:19:36,10:19:36,40.07,--,2,8014,卖盘,2017-07-18,2017-07-18 10:19:36
10:19:39,10:19:39,40.07,--,7,28049,卖盘,2017-07-18,2017-07-18 10:19:39
10:19:42,10:19:42,40.1,0.03,25,100250,买盘,2017-07-18,2017-07-18 10:19:42
10:19:45,10:19:45,40.05,-0.05,85,340425,卖盘,2017-07-18,2017-07-18 10:19:45
10:19:48,10:19:48,40.1,0.05,5,20050,买盘,2017-07-18,2017-07-18 10:19:48
10:19:51,10:19:51,40.05,-0.05,28,112139,卖盘,2017-07-18,2017-07-18 10:19:51
10:19:54,10:19:54,40.1,0.05,4,16040,买盘,2017-07-18,2017-07-18 10:19:54
10:19:57,10:19:57,40.07,-0.03,11,44077,中性盘,2017-07-18,2017-07-18 10:19:57
10:20:00,10:20:00,40.07,--,1,4007,买盘,2017-07-18,2017-07-18 10:20:00
10:20:03,10:20:03,40.06,-0.01,26,104156,卖盘,2017-07-18,2017-07-18 10:20:03
10:20:06,10:20:06,40.06,--,12,48072,卖盘,2017-07-18,2017-07-18 10:20:06
10:20:09,10:20:09,40.06,--,11,44066,卖盘,2017-07-18,2017-07-18 10:20:09
10:20:12,10:20:12,40.05,-0.01,8,32039,卖盘,2017-07-18,2017-07-18 10:20:12
10:20:15,10:20:15,40.05,--,60,240299,卖盘,2017-07-18,2017-07-18 10:20:15
10:20:18,10:20:18,40.06,0.01,37,148222,买盘,2017-07-18,2017-07-18 10:20:18
10:20:21,10:20:21,40.05,-0.01,26,104129,卖盘,2017-07-18,2017-07-18 10:20:21
10:20:24,10:20:24,40.05,--,34,136170,卖盘,2017-07-18,2017-07-18 10:20:24
10:20:27,10:20:27,40.05,--,134,536670,买盘,2017-07-18,2017-07-18 10:20:27
10:20:33,10:20:33,40.05,--,1,4004,中性盘,2017-07-18,2017-07-18 10:20:33
10:20:36,10:20:36,40.05,--,3,12015,买盘,2017-07-18,2017-07-18 10:20:36
10:20:39,10:20:39,40.05,--,3,12015,买盘,2017-07-18,2017-07-18 10:20:39
10:20:45,10:20:45,40.02,-0.03,2,8004,卖盘,2017-07-18,2017-07-18 10:20:45
10:20:48,10:20:48,40.07,0.05,64,256448,买盘,2017-07-18,2017-07-18 10:20:48
10:20:51,10:20:51,40.02,-0.05,2,8004,卖盘,2017-07-18,2017-07-18 10:20:51
10:20:54,10:20:54,40.05,0.03,2,8009,中性盘,2017-07-18,2017-07-18 10:20:54
10:20:57,10:20:57,40.05,--,5,20025,卖盘,2017-07-18,2017-07-18 10:20:57
10:21:00,10:21:00,40.05,--,22,88110,卖盘,2017-07-18,2017-07-18 10:21:00
10:21:03,10:21:03,40.06,0.01,13,52078,买盘,2017-07-18,2017-07-18 10:21:03
10:21:06,10:21:06,40.07,0.01,11,44077,买盘,2017-07-18,2017-07-18 10:21:06
10:21:12,10:21:12,40.09,0.02,102,408918,买盘,2017-07-18,2017-07-18 10:21:12
10:21:15,10:21:15,40.1,0.01,21,84210,买盘,2017-07-18,2017-07-18 10:21:15
10:21:18,10:21:18,40.1,--,2,8020,买盘,2017-07-18,2017-07-18 10:21:18
10:21:24,10:21:24,40.1,--,12,48120,买盘,2017-07-18,2017-07-18 10:21:24
10:21:27,10:21:27,40.1,--,9,36090,买盘,2017-07-18,2017-07-18 10:21:27
10:21:30,10:21:30,40.1,--,42,168420,买盘,2017-07-18,2017-07-18 10:21:30
10:21:33,10:21:33,40.1,--,11,44110,买盘,2017-07-18,2017-07-18 10:21:33
10:21:36,10:21:36,40.1,--,2,8020,卖盘,2017-07-18,2017-07-18 10:21:36
10:21:39,10:21:39,40.1,--,8,32080,卖盘,2017-07-18,2017-07-18 10:21:39
10:21:42,10:21:42,40.1,--,1,4010,买盘,2017-07-18,2017-07-18 10:21:42
10:21:48,10:21:48,40.2,0.1,12,48240,买盘,2017-07-18,2017-07-18 10:21:48
10:21:51,10:21:51,40.22,0.02,19,76418,买盘,2017-07-18,2017-07-18 10:21:51
10:21:54,10:21:54,40.11,-0.11,16,64176,卖盘,2017-07-18,2017-07-18 10:21:54
10:21:57,10:21:57,40.22,0.11,2,8044,买盘,2017-07-18,2017-07-18 10:21:57
10:22:00,10:22:00,40.18,-0.04,7,28126,卖盘,2017-07-18,2017-07-18 10:22:00
10:22:03,10:22:03,40.22,0.04,4,16088,买盘,2017-07-18,2017-07-18 10:22:03
10:22:06,10:22:06,40.24,0.02,2,8048,卖盘,2017-07-18,2017-07-18 10:22:06
10:22:09,10:22:09,40.3,0.06,60,241799,买盘,2017-07-18,2017-07-18 10:22:09
10:22:18,10:22:18,40.31,0.01,4,16124,买盘,2017-07-18,2017-07-18 10:22:18
10:22:21,10:22:21,40.31,--,21,84651,买盘,2017-07-18,2017-07-18 10:22:21
10:22:24,10:22:24,40.31,--,6,24186,买盘,2017-07-18,2017-07-18 10:22:24
10:22:27,10:22:27,40.32,0.01,7,28224,卖盘,2017-07-18,2017-07-18 10:22:27
10:22:30,10:22:30,40.34,0.02,6,24204,买盘,2017-07-18,2017-07-18 10:22:30
10:22:33,10:22:33,40.35,0.01,3,12105,买盘,2017-07-18,2017-07-18 10:22:33
10:22:36,10:22:36,40.32,-0.03,3,12096,卖盘,2017-07-18,2017-07-18 10:22:36
10:22:39,10:22:39,40.34,0.02,21,84714,中性盘,2017-07-18,2017-07-18 10:22:39
10:22:42,10:22:42,40.35,0.01,8,32280,买盘,2017-07-18,2017-07-18 10:22:42
10:22:45,10:22:45,40.34,-0.01,1,4034,中性盘,2017-07-18,2017-07-18 10:22:45
10:22:48,10:22:48,40.35,0.01,9,36315,买盘,2017-07-18,2017-07-18 10:22:48
10:22:54,10:22:54,40.32,-0.03,13,52416,卖盘,2017-07-18,2017-07-18 10:22:54
10:22:57,10:22:57,40.35,0.03,192,774720,买盘,2017-07-18,2017-07-18 10:22:57
10:23:00,10:23:00,40.3,-0.05,5,20150,卖盘,2017-07-18,2017-07-18 10:23:00
10:23:03,10:23:03,40.35,0.05,14,56490,买盘,2017-07-18,2017-07-18 10:23:03
10:23:09,10:23:09,40.36,0.01,5,20180,买盘,2017-07-18,2017-07-18 10:23:09
10:23:12,10:23:12,40.36,--,2,8072,买盘,2017-07-18,2017-07-18 10:23:12
10:23:15,10:23:15,40.35,-0.01,31,125085,卖盘,2017-07-18,2017-07-18 10:23:15
10:23:18,10:23:18,40.36,0.01,23,92828,买盘,2017-07-18,2017-07-18 10:23:18
10:23:21,10:23:21,40.35,-0.01,42,169470,卖盘,2017-07-18,2017-07-18 10:23:21
10:23:27,10:23:27,40.46,0.11,3,12138,买盘,2017-07-18,2017-07-18 10:23:27
10:23:30,10:23:30,40.46,--,2,8092,卖盘,2017-07-18,2017-07-18 10:23:30
10:23:36,10:23:36,40.48,0.02,12,48575,买盘,2017-07-18,2017-07-18 10:23:36
10:23:39,10:23:39,40.49,0.01,2,8098,买盘,2017-07-18,2017-07-18 10:23:39
10:23:45,10:23:45,40.48,-0.01,14,56671,卖盘,2017-07-18,2017-07-18 10:23:45
10:23:48,10:23:48,40.49,0.01,8,32392,买盘,2017-07-18,2017-07-18 10:23:48
10:23:51,10:23:51,40.49,--,14,56686,买盘,2017-07-18,2017-07-18 10:23:51
10:23:54,10:23:54,40.5,0.01,34,137700,买盘,2017-07-18,2017-07-18 10:23:54
10:23:57,10:23:57,40.48,-0.02,67,271216,卖盘,2017-07-18,2017-07-18 10:23:57
10:24:00,10:24:00,40.48,--,16,64767,买盘,2017-07-18,2017-07-18 10:24:00
10:24:06,10:24:06,40.48,--,6,24287,买盘,2017-07-18,2017-07-18 10:24:06
10:24:09,10:24:09,40.48,--,7,28335,买盘,2017-07-18,2017-07-18 10:24:09
10:24:12,10:24:12,40.46,-0.02,1,4046,卖盘,2017-07-18,2017-07-18 10:24:12
10:24:15,10:24:15,40.46,--,3,12138,卖盘,2017-07-18,2017-07-18 10:24:15
10:24:18,10:24:18,40.48,0.02,10,40480,买盘,2017-07-18,2017-07-18 10:24:18
10:24:27,10:24:27,40.45,-0.03,6,24270,卖盘,2017-07-18,2017-07-18 10:24:27
10:24:30,10:24:30,40.45,--,1,4045,卖盘,2017-07-18,2017-07-18 10:24:30
10:24:42,10:24:42,40.4,-0.05,2,8080,中性盘,2017-07-18,2017-07-18 10:24:42
10:24:45,10:24:45,40.46,0.06,62,250852,买盘,2017-07-18,2017-07-18 10:24:45
10:24:48,10:24:48,40.4,-0.06,5,20200,卖盘,2017-07-18,2017-07-18 10:24:48
10:24:51,10:24:51,40.38,-0.02,31,125178,卖盘,2017-07-18,2017-07-18 10:24:51
10:24:57,10:24:57,40.38,--,4,16152,买盘,2017-07-18,2017-07-18 10:24:57
10:25:00,10:25:00,40.37,-0.01,3,12111,卖盘,2017-07-18,2017-07-18 10:25:00
10:25:03,10:25:03,40.36,-0.01,16,64576,卖盘,2017-07-18,2017-07-18 10:25:03
10:25:06,10:25:06,40.38,0.02,8,32304,买盘,2017-07-18,2017-07-18 10:25:06
10:25:09,10:25:09,40.38,--,5,20190,买盘,2017-07-18,2017-07-18 10:25:09
10:25:12,10:25:12,40.38,--,1,4038,买盘,2017-07-18,2017-07-18 10:25:12
10:25:15,10:25:15,40.36,-0.02,8,32288,卖盘,2017-07-18,2017-07-18 10:25:15
10:25:18,10:25:18,40.35,-0.01,2,8070,卖盘,2017-07-18,2017-07-18 10:25:18
10:25:21,10:25:21,40.36,0.01,3,12108,买盘,2017-07-18,2017-07-18 10:25:21
10:25:24,10:25:24,40.34,-0.02,1,4034,买盘,2017-07-18,2017-07-18 10:25:24
10:25:30,10:25:30,40.3,-0.04,2,8059,卖盘,2017-07-18,2017-07-18 10:25:30
10:25:36,10:25:36,40.3,--,4,16119,买盘,2017-07-18,2017-07-18 10:25:36
10:25:39,10:25:39,40.25,-0.05,8,32200,卖盘,2017-07-18,2017-07-18 10:25:39
10:25:42,10:25:42,40.3,0.05,20,80600,买盘,2017-07-18,2017-07-18 10:25:42
10:25:48,10:25:48,40.23,-0.07,3,12068,卖盘,2017-07-18,2017-07-18 10:25:48
10:25:51,10:25:51,40.23,--,1,4022,买盘,2017-07-18,2017-07-18 10:25:51
10:25:57,10:25:57,40.2,-0.03,4,16080,卖盘,2017-07-18,2017-07-18 10:25:57
10:26:00,10:26:00,40.2,--,12,48240,中性盘,2017-07-18,2017-07-18 10:26:00
10:26:03,10:26:03,40.2,--,1,4020,买盘,2017-07-18,2017-07-18 10:26:03
10:26:06,10:26:06,40.2,--,11,44220,买盘,2017-07-18,2017-07-18 10:26:06
10:26:09,10:26:09,40.11,-0.09,1,4011,卖盘,2017-07-18,2017-07-18 10:26:09
10:26:12,10:26:12,40.11,--,5,20055,卖盘,2017-07-18,2017-07-18 10:26:12
10:26:15,10:26:15,40.11,--,4,16044,卖盘,2017-07-18,2017-07-18 10:26:15
10:26:18,10:26:18,40.15,0.04,13,52195,买盘,2017-07-18,2017-07-18 10:26:18
10:26:24,10:26:24,40.1,-0.05,59,236590,卖盘,2017-07-18,2017-07-18 10:26:24
10:26:27,10:26:27,40.1,--,1,4010,买盘,2017-07-18,2017-07-18 10:26:27
10:26:30,10:26:30,40.1,--,3,12030,买盘,2017-07-18,2017-07-18 10:26:30
10:26:33,10:26:33,40.1,--,13,52130,买盘,2017-07-18,2017-07-18 10:26:33
10:26:36,10:26:36,40.08,-0.02,4,16032,卖盘,2017-07-18,2017-07-18 10:26:36
10:26:39,10:26:39,40.07,-0.01,36,144252,卖盘,2017-07-18,2017-07-18 10:26:39
10:26:42,10:26:42,40.09,0.02,3,12027,买盘,2017-07-18,2017-07-18 10:26:42
10:26:45,10:26:45,40.07,-0.02,10,40070,卖盘,2017-07-18,2017-07-18 10:26:45
10:26:48,10:26:48,40.07,--,7,28049,卖盘,2017-07-18,2017-07-18 10:26:48
10:26:51,10:26:51,40.08,0.01,4,16032,买盘,2017-07-18,2017-07-18 10:26:51
10:26:54,10:26:54,40.08,--,1,4008,卖盘,2017-07-18,2017-07-18 10:26:54
10:27:03,10:27:03,40.1,0.02,25,100250,买盘,2017-07-18,2017-07-18 10:27:03
10:27:06,10:27:06,40.1,--,1,4010,卖盘,2017-07-18,2017-07-18 10:27:06
10:27:09,10:27:09,40.11,0.01,1,4011,买盘,2017-07-18,2017-07-18 10:27:09
10:27:12,10:27:12,40.11,--,11,44121,买盘,2017-07-18,2017-07-18 10:27:12
10:27:15,10:27:15,40.11,--,10,40110,买盘,2017-07-18,2017-07-18 10:27:15
10:27:18,10:27:18,40.14,0.03,11,44154,卖盘,2017-07-18,2017-07-18 10:27:18
10:27:21,10:27:21,40.15,0.01,10,40150,买盘,2017-07-18,2017-07-18 10:27:21
10:27:27,10:27:27,40.2,0.05,5,20100,买盘,2017-07-18,2017-07-18 10:27:27
10:27:42,10:27:42,40.29,0.09,1,4029,买盘,2017-07-18,2017-07-18 10:27:42
10:27:45,10:27:45,40.29,--,6,24174,买盘,2017-07-18,2017-07-18 10:27:45
10:27:48,10:27:48,40.3,0.01,10,40300,买盘,2017-07-18,2017-07-18 10:27:48
10:27:51,10:27:51,40.3,--,2,8059,买盘,2017-07-18,2017-07-18 10:27:51
10:27:54,10:27:54,40.2,-0.1,40,160800,卖盘,2017-07-18,2017-07-18 10:27:54
10:27:57,10:27:57,40.18,-0.02,5,20090,买盘,2017-07-18,2017-07-18 10:27:57
10:28:00,10:28:00,40.18,--,5,20090,买盘,2017-07-18,2017-07-18 10:28:00
10:28:03,10:28:03,40.18,--,6,24108,买盘,2017-07-18,2017-07-18 10:28:03
10:28:06,10:28:06,40.18,--,11,44198,买盘,2017-07-18,2017-07-18 10:28:06
10:28:09,10:28:09,40.18,--,4,16072,买盘,2017-07-18,2017-07-18 10:28:09
10:28:12,10:28:12,40.18,--,44,176792,买盘,2017-07-18,2017-07-18 10:28:12
10:28:15,10:28:15,40.18,--,4,16072,买盘,2017-07-18,2017-07-18 10:28:15
10:28:18,10:28:18,40.12,-0.06,57,228683,卖盘,2017-07-18,2017-07-18 10:28:18
10:28:21,10:28:21,40.17,0.05,4,16068,中性盘,2017-07-18,2017-07-18 10:28:21
10:28:24,10:28:24,40.13,-0.04,2,8026,卖盘,2017-07-18,2017-07-18 10:28:24
10:28:33,10:28:33,40.17,0.04,5,20085,买盘,2017-07-18,2017-07-18 10:28:33
10:28:36,10:28:36,40.17,--,2,8034,买盘,2017-07-18,2017-07-18 10:28:36
10:28:48,10:28:48,40.16,-0.01,25,100399,中性盘,2017-07-18,2017-07-18 10:28:48
10:28:51,10:28:51,40.17,0.01,19,76323,买盘,2017-07-18,2017-07-18 10:28:51
10:28:54,10:28:54,40.14,-0.03,15,60210,卖盘,2017-07-18,2017-07-18 10:28:54
10:29:00,10:29:00,40.17,0.03,12,48204,中性盘,2017-07-18,2017-07-18 10:29:00
10:29:03,10:29:03,40.17,--,5,20085,买盘,2017-07-18,2017-07-18 10:29:03
10:29:09,10:29:09,40.17,--,2,8034,买盘,2017-07-18,2017-07-18 10:29:09
10:29:12,10:29:12,40.17,--,1,4017,卖盘,2017-07-18,2017-07-18 10:29:12
10:29:15,10:29:15,40.14,-0.03,17,68238,卖盘,2017-07-18,2017-07-18 10:29:15
10:29:18,10:29:18,40.17,0.03,2,8034,买盘,2017-07-18,2017-07-18 10:29:18
10:29:21,10:29:21,40.15,-0.02,15,60225,卖盘,2017-07-18,2017-07-18 10:29:21
10:29:24,10:29:24,40.1,-0.05,98,392980,卖盘,2017-07-18,2017-07-18 10:29:24
10:29:27,10:29:27,40.1,--,2,8020,买盘,2017-07-18,2017-07-18 10:29:27
10:29:33,10:29:33,40.1,--,63,252630,买盘,2017-07-18,2017-07-18 10:29:33
10:29:36,10:29:36,40.1,--,1,4010,买盘,2017-07-18,2017-07-18 10:29:36
10:29:39,10:29:39,40.1,--,4,16040,买盘,2017-07-18,2017-07-18 10:29:39
10:29:42,10:29:42,40.08,-0.02,136,545088,卖盘,2017-07-18,2017-07-18 10:29:42
10:29:45,10:29:45,40.08,--,4,16032,买盘,2017-07-18,2017-07-18 10:29:45
10:29:54,10:29:54,40.08,--,62,248496,买盘,2017-07-18,2017-07-18 10:29:54
10:29:57,10:29:57,40.07,-0.01,35,140245,卖盘,2017-07-18,2017-07-18 10:29:57
10:30:00,10:30:00,40.08,0.01,6,24048,买盘,2017-07-18,2017-07-18 10:30:00
10:30:03,10:30:03,40.08,--,6,24048,买盘,2017-07-18,2017-07-18 10:30:03
10:30:06,10:30:06,40.05,-0.03,26,104129,卖盘,2017-07-18,2017-07-18 10:30:06
10:30:12,10:30:12,40.04,-0.01,1,4004,买盘,2017-07-18,2017-07-18 10:30:12
10:30:15,10:30:15,40.05,0.01,6,24030,买盘,2017-07-18,2017-07-18 10:30:15
10:30:18,10:30:18,40.05,--,3,12015,买盘,2017-07-18,2017-07-18 10:30:18
10:30:21,10:30:21,40.07,0.02,34,136238,买盘,2017-07-18,2017-07-18 10:30:21
10:30:24,10:30:24,40.03,-0.04,26,104078,卖盘,2017-07-18,2017-07-18 10:30:24
10:30:27,10:30:27,40.03,--,4,16012,买盘,2017-07-18,2017-07-18 10:30:27
10:30:30,10:30:30,40.02,-0.01,8,32016,卖盘,2017-07-18,2017-07-18 10:30:30
10:30:33,10:30:33,40.03,0.01,8,32024,买盘,2017-07-18,2017-07-18 10:30:33
10:30:36,10:30:36,40.03,--,5,20015,卖盘,2017-07-18,2017-07-18 10:30:36
10:30:39,10:30:39,40.01,-0.02,115,460115,卖盘,2017-07-18,2017-07-18 10:30:39
10:30:42,10:30:42,40.03,0.02,22,88066,买盘,2017-07-18,2017-07-18 10:30:42
10:30:48,10:30:48,40.06,0.03,10,40060,买盘,2017-07-18,2017-07-18 10:30:48
10:30:51,10:30:51,40.06,--,5,20030,买盘,2017-07-18,2017-07-18 10:30:51
10:30:57,10:30:57,40.04,-0.02,6,24024,中性盘,2017-07-18,2017-07-18 10:30:57
10:31:00,10:31:00,40.04,--,11,44044,中性盘,2017-07-18,2017-07-18 10:31:00
10:31:06,10:31:06,40.03,-0.01,10,40030,卖盘,2017-07-18,2017-07-18 10:31:06
10:31:09,10:31:09,40.06,0.03,2,8012,买盘,2017-07-18,2017-07-18 10:31:09
10:31:12,10:31:12,40.03,-0.03,8,32024,卖盘,2017-07-18,2017-07-18 10:31:12
10:31:15,10:31:15,40.06,0.03,15,60090,买盘,2017-07-18,2017-07-18 10:31:15
10:31:21,10:31:21,40.02,-0.04,35,140070,卖盘,2017-07-18,2017-07-18 10:31:21
10:31:24,10:31:24,40.02,--,1,4002,买盘,2017-07-18,2017-07-18 10:31:24
10:31:27,10:31:27,40.02,--,10,40020,买盘,2017-07-18,2017-07-18 10:31:27
10:31:30,10:31:30,40.02,--,46,184092,买盘,2017-07-18,2017-07-18 10:31:30
10:31:33,10:31:33,40.02,--,4,16008,卖盘,2017-07-18,2017-07-18 10:31:33
10:31:36,10:31:36,40.02,--,31,124062,卖盘,2017-07-18,2017-07-18 10:31:36
10:31:42,10:31:42,40.02,--,11,44022,卖盘,2017-07-18,2017-07-18 10:31:42
10:31:45,10:31:45,40.01,-0.01,1,4001,卖盘,2017-07-18,2017-07-18 10:31:45
10:31:48,10:31:48,40.07,0.06,236,945652,买盘,2017-07-18,2017-07-18 10:31:48
10:31:51,10:31:51,40.01,-0.06,10,40010,卖盘,2017-07-18,2017-07-18 10:31:51
10:31:57,10:31:57,40.01,--,29,116029,买盘,2017-07-18,2017-07-18 10:31:57
10:32:00,10:32:00,40.0,-0.01,20,80000,卖盘,2017-07-18,2017-07-18 10:32:00
10:32:03,10:32:03,40.0,--,22,88000,买盘,2017-07-18,2017-07-18 10:32:03
10:32:06,10:32:06,39.99,-0.01,12,47988,卖盘,2017-07-18,2017-07-18 10:32:06
10:32:09,10:32:09,39.99,--,14,55986,卖盘,2017-07-18,2017-07-18 10:32:09
10:32:12,10:32:12,39.99,--,63,251937,卖盘,2017-07-18,2017-07-18 10:32:12
10:32:18,10:32:18,39.96,-0.03,10,39960,卖盘,2017-07-18,2017-07-18 10:32:18
10:32:21,10:32:21,39.96,--,25,99900,卖盘,2017-07-18,2017-07-18 10:32:21
10:32:24,10:32:24,39.96,--,5,19980,卖盘,2017-07-18,2017-07-18 10:32:24
10:32:27,10:32:27,39.95,-0.01,8,31960,卖盘,2017-07-18,2017-07-18 10:32:27
10:32:30,10:32:30,39.96,0.01,3,11988,买盘,2017-07-18,2017-07-18 10:32:30
10:32:33,10:32:33,39.93,-0.03,34,135762,卖盘,2017-07-18,2017-07-18 10:32:33
10:32:36,10:32:36,39.95,0.02,5,19975,买盘,2017-07-18,2017-07-18 10:32:36
10:32:39,10:32:39,39.95,--,4,15980,买盘,2017-07-18,2017-07-18 10:32:39
10:32:42,10:32:42,39.93,-0.02,4,15972,卖盘,2017-07-18,2017-07-18 10:32:42
10:32:45,10:32:45,39.96,0.03,13,51948,买盘,2017-07-18,2017-07-18 10:32:45
10:32:48,10:32:48,39.91,-0.05,13,51882,卖盘,2017-07-18,2017-07-18 10:32:48
10:32:51,10:32:51,39.91,--,56,223495,买盘,2017-07-18,2017-07-18 10:32:51
10:32:54,10:32:54,39.91,--,12,47891,买盘,2017-07-18,2017-07-18 10:32:54
10:32:57,10:32:57,39.9,-0.01,81,323190,卖盘,2017-07-18,2017-07-18 10:32:57
10:33:00,10:33:00,39.86,-0.04,3,11958,卖盘,2017-07-18,2017-07-18 10:33:00
10:33:03,10:33:03,39.85,-0.01,9,35865,卖盘,2017-07-18,2017-07-18 10:33:03
10:33:06,10:33:06,39.85,--,10,39850,卖盘,2017-07-18,2017-07-18 10:33:06
10:33:09,10:33:09,39.9,0.05,5,19950,买盘,2017-07-18,2017-07-18 10:33:09
10:33:12,10:33:12,39.85,-0.05,13,51805,卖盘,2017-07-18,2017-07-18 10:33:12
10:33:15,10:33:15,39.9,0.05,9,35910,买盘,2017-07-18,2017-07-18 10:33:15
10:33:18,10:33:18,39.85,-0.05,54,215190,卖盘,2017-07-18,2017-07-18 10:33:18
10:33:21,10:33:21,39.85,--,37,147445,买盘,2017-07-18,2017-07-18 10:33:21
10:33:24,10:33:24,39.8,-0.05,239,951219,卖盘,2017-07-18,2017-07-18 10:33:24
10:33:27,10:33:27,39.85,0.05,8,31880,卖盘,2017-07-18,2017-07-18 10:33:27
10:33:30,10:33:30,39.82,-0.03,21,83622,中性盘,2017-07-18,2017-07-18 10:33:30
10:33:33,10:33:33,39.82,--,7,27874,买盘,2017-07-18,2017-07-18 10:33:33
10:33:36,10:33:36,39.81,-0.01,10,39810,卖盘,2017-07-18,2017-07-18 10:33:36
10:33:39,10:33:39,39.82,0.01,46,183172,买盘,2017-07-18,2017-07-18 10:33:39
10:33:42,10:33:42,39.81,-0.01,25,99525,中性盘,2017-07-18,2017-07-18 10:33:42
10:33:45,10:33:45,39.8,-0.01,84,338220,卖盘,2017-07-18,2017-07-18 10:33:45
10:33:48,10:33:48,39.8,--,3,11940,卖盘,2017-07-18,2017-07-18 10:33:48
10:33:51,10:33:51,39.8,--,60,238879,卖盘,2017-07-18,2017-07-18 10:33:51
10:33:54,10:33:54,39.8,--,7,27859,买盘,2017-07-18,2017-07-18 10:33:54
10:33:57,10:33:57,39.78,-0.02,3,11934,卖盘,2017-07-18,2017-07-18 10:33:57
10:34:00,10:34:00,39.78,--,18,71604,卖盘,2017-07-18,2017-07-18 10:34:00
10:34:03,10:34:03,39.8,0.02,50,199000,买盘,2017-07-18,2017-07-18 10:34:03
10:34:06,10:34:06,39.78,-0.02,32,127296,卖盘,2017-07-18,2017-07-18 10:34:06
10:34:09,10:34:09,39.78,--,56,222768,买盘,2017-07-18,2017-07-18 10:34:09
10:34:12,10:34:12,39.8,0.02,30,119399,买盘,2017-07-18,2017-07-18 10:34:12
10:34:15,10:34:15,39.78,-0.02,10,39780,卖盘,2017-07-18,2017-07-18 10:34:15
10:34:18,10:34:18,39.8,0.02,11,43780,买盘,2017-07-18,2017-07-18 10:34:18
10:34:21,10:34:21,39.79,-0.01,7,27853,卖盘,2017-07-18,2017-07-18 10:34:21
10:34:24,10:34:24,39.79,--,11,47668,卖盘,2017-07-18,2017-07-18 10:34:24
10:34:27,10:34:27,39.78,-0.01,56,222847,卖盘,2017-07-18,2017-07-18 10:34:27
10:34:30,10:34:30,39.79,0.01,39,155181,买盘,2017-07-18,2017-07-18 10:34:30
10:34:33,10:34:33,39.78,-0.01,20,79560,卖盘,2017-07-18,2017-07-18 10:34:33
10:34:36,10:34:36,39.78,--,11,43758,买盘,2017-07-18,2017-07-18 10:34:36
10:34:39,10:34:39,39.79,0.01,23,91517,买盘,2017-07-18,2017-07-18 10:34:39
10:34:42,10:34:42,39.79,--,6,23874,买盘,2017-07-18,2017-07-18 10:34:42
10:34:45,10:34:45,39.79,--,11,43769,买盘,2017-07-18,2017-07-18 10:34:45
10:34:48,10:34:48,39.79,--,57,230702,买盘,2017-07-18,2017-07-18 10:34:48
10:34:51,10:34:51,39.79,--,18,71622,卖盘,2017-07-18,2017-07-18 10:34:51
10:34:54,10:34:54,39.8,0.01,1,3979,买盘,2017-07-18,2017-07-18 10:34:54
10:34:57,10:34:57,39.81,0.01,30,119430,买盘,2017-07-18,2017-07-18 10:34:57
10:35:00,10:35:00,39.8,-0.01,1,3979,卖盘,2017-07-18,2017-07-18 10:35:00
10:35:03,10:35:03,39.81,0.01,6,23886,买盘,2017-07-18,2017-07-18 10:35:03
10:35:06,10:35:06,39.81,--,29,115449,买盘,2017-07-18,2017-07-18 10:35:06
10:35:09,10:35:09,39.87,0.06,6,23922,中性盘,2017-07-18,2017-07-18 10:35:09
10:35:12,10:35:12,39.87,--,22,87714,买盘,2017-07-18,2017-07-18 10:35:12
10:35:15,10:35:15,39.82,-0.05,14,55748,卖盘,2017-07-18,2017-07-18 10:35:15
10:35:18,10:35:18,39.9,0.08,5,19950,买盘,2017-07-18,2017-07-18 10:35:18
10:35:24,10:35:24,39.88,-0.02,10,39880,中性盘,2017-07-18,2017-07-18 10:35:24
10:35:27,10:35:27,39.88,--,20,79760,卖盘,2017-07-18,2017-07-18 10:35:27
10:35:30,10:35:30,39.93,0.05,1,3993,买盘,2017-07-18,2017-07-18 10:35:30
10:35:33,10:35:33,39.96,0.03,42,167832,买盘,2017-07-18,2017-07-18 10:35:33
10:35:39,10:35:39,40.0,0.04,6,24000,买盘,2017-07-18,2017-07-18 10:35:39
10:35:42,10:35:42,40.01,0.01,54,216054,买盘,2017-07-18,2017-07-18 10:35:42
10:35:48,10:35:48,40.06,0.05,5,20030,买盘,2017-07-18,2017-07-18 10:35:48
10:35:51,10:35:51,40.08,0.02,5,20040,买盘,2017-07-18,2017-07-18 10:35:51
10:35:54,10:35:54,40.08,--,129,517032,买盘,2017-07-18,2017-07-18 10:35:54
10:35:57,10:35:57,40.08,--,12,48096,买盘,2017-07-18,2017-07-18 10:35:57
10:36:00,10:36:00,40.08,--,68,272544,买盘,2017-07-18,2017-07-18 10:36:00
10:36:03,10:36:03,40.1,0.02,14,56140,买盘,2017-07-18,2017-07-18 10:36:03
10:36:06,10:36:06,40.1,--,9,36090,买盘,2017-07-18,2017-07-18 10:36:06
10:36:09,10:36:09,40.1,--,12,48120,买盘,2017-07-18,2017-07-18 10:36:09
10:36:12,10:36:12,40.1,--,3,12030,买盘,2017-07-18,2017-07-18 10:36:12
10:36:21,10:36:21,40.12,0.02,1,4011,买盘,2017-07-18,2017-07-18 10:36:21
10:36:24,10:36:24,40.1,-0.02,5,20050,卖盘,2017-07-18,2017-07-18 10:36:24
10:36:27,10:36:27,40.12,0.02,3,12036,买盘,2017-07-18,2017-07-18 10:36:27
10:36:33,10:36:33,40.12,--,5,20060,卖盘,2017-07-18,2017-07-18 10:36:33
10:36:39,10:36:39,40.12,--,7,28084,卖盘,2017-07-18,2017-07-18 10:36:39
10:36:42,10:36:42,40.15,0.03,1,4015,买盘,2017-07-18,2017-07-18 10:36:42
10:36:45,10:36:45,40.15,--,10,40150,卖盘,2017-07-18,2017-07-18 10:36:45
10:36:48,10:36:48,40.15,--,30,120450,卖盘,2017-07-18,2017-07-18 10:36:48
10:36:51,10:36:51,40.15,--,9,36135,卖盘,2017-07-18,2017-07-18 10:36:51
10:37:00,10:37:00,40.18,0.03,7,28126,买盘,2017-07-18,2017-07-18 10:37:00
10:37:03,10:37:03,40.17,-0.01,7,28119,卖盘,2017-07-18,2017-07-18 10:37:03
10:37:06,10:37:06,40.17,--,15,60255,卖盘,2017-07-18,2017-07-18 10:37:06
10:37:09,10:37:09,40.17,--,25,100425,卖盘,2017-07-18,2017-07-18 10:37:09
10:37:12,10:37:12,40.18,0.01,1,4018,买盘,2017-07-18,2017-07-18 10:37:12
10:37:15,10:37:15,40.17,-0.01,3,12051,卖盘,2017-07-18,2017-07-18 10:37:15
10:37:18,10:37:18,40.18,0.01,2,8036,买盘,2017-07-18,2017-07-18 10:37:18
10:37:21,10:37:21,40.17,-0.01,41,164697,卖盘,2017-07-18,2017-07-18 10:37:21
10:37:24,10:37:24,40.18,0.01,2,8036,买盘,2017-07-18,2017-07-18 10:37:24
10:37:27,10:37:27,40.18,--,7,28126,买盘,2017-07-18,2017-07-18 10:37:27
10:37:30,10:37:30,40.18,--,2,8036,买盘,2017-07-18,2017-07-18 10:37:30
10:37:33,10:37:33,40.18,--,4,16072,买盘,2017-07-18,2017-07-18 10:37:33
10:37:36,10:37:36,40.18,--,3,12054,买盘,2017-07-18,2017-07-18 10:37:36
10:37:42,10:37:42,40.17,-0.01,12,48204,卖盘,2017-07-18,2017-07-18 10:37:42
10:37:45,10:37:45,40.18,0.01,109,437962,买盘,2017-07-18,2017-07-18 10:37:45
10:37:48,10:37:48,40.17,-0.01,5,20085,卖盘,2017-07-18,2017-07-18 10:37:48
10:37:51,10:37:51,40.17,--,12,48204,买盘,2017-07-18,2017-07-18 10:37:51
10:37:57,10:37:57,40.17,--,5,20085,买盘,2017-07-18,2017-07-18 10:37:57
10:38:00,10:38:00,40.17,--,4,16068,买盘,2017-07-18,2017-07-18 10:38:00
10:38:03,10:38:03,40.17,--,18,72306,买盘,2017-07-18,2017-07-18 10:38:03
10:38:06,10:38:06,40.16,-0.01,2,8031,中性盘,2017-07-18,2017-07-18 10:38:06
10:38:09,10:38:09,40.17,0.01,8,32136,买盘,2017-07-18,2017-07-18 10:38:09
10:38:12,10:38:12,40.16,-0.01,3,12047,卖盘,2017-07-18,2017-07-18 10:38:12
10:38:21,10:38:21,40.16,--,21,84336,买盘,2017-07-18,2017-07-18 10:38:21
10:38:24,10:38:24,40.15,-0.01,1,4015,卖盘,2017-07-18,2017-07-18 10:38:24
10:38:27,10:38:27,40.15,--,9,36135,卖盘,2017-07-18,2017-07-18 10:38:27
10:38:30,10:38:30,40.16,0.01,14,56223,买盘,2017-07-18,2017-07-18 10:38:30
10:38:33,10:38:33,40.15,-0.01,140,562100,卖盘,2017-07-18,2017-07-18 10:38:33
10:38:36,10:38:36,40.15,--,1,4015,买盘,2017-07-18,2017-07-18 10:38:36
10:38:39,10:38:39,40.15,--,3,12045,买盘,2017-07-18,2017-07-18 10:38:39
10:38:42,10:38:42,40.15,--,1,4015,买盘,2017-07-18,2017-07-18 10:38:42
10:38:45,10:38:45,40.12,-0.03,7,28084,卖盘,2017-07-18,2017-07-18 10:38:45
10:38:48,10:38:48,40.12,--,1,4011,卖盘,2017-07-18,2017-07-18 10:38:48
10:38:57,10:38:57,40.12,--,11,44132,卖盘,2017-07-18,2017-07-18 10:38:57
10:39:00,10:39:00,40.1,-0.02,9,36090,卖盘,2017-07-18,2017-07-18 10:39:00
10:39:03,10:39:03,40.1,--,7,28070,卖盘,2017-07-18,2017-07-18 10:39:03
10:39:06,10:39:06,40.1,--,10,40100,卖盘,2017-07-18,2017-07-18 10:39:06
10:39:09,10:39:09,40.08,-0.02,1,4008,卖盘,2017-07-18,2017-07-18 10:39:09
10:39:12,10:39:12,40.08,--,2,8016,卖盘,2017-07-18,2017-07-18 10:39:12
10:39:18,10:39:18,40.07,-0.01,21,84147,卖盘,2017-07-18,2017-07-18 10:39:18
10:39:21,10:39:21,40.07,--,4,16909,卖盘,2017-07-18,2017-07-18 10:39:21
10:39:24,10:39:24,40.07,--,1,4007,卖盘,2017-07-18,2017-07-18 10:39:24
10:39:27,10:39:27,40.08,0.01,14,59238,买盘,2017-07-18,2017-07-18 10:39:27
10:39:30,10:39:30,40.07,-0.01,2,8014,买盘,2017-07-18,2017-07-18 10:39:30
10:39:33,10:39:33,40.05,-0.02,9,36045,卖盘,2017-07-18,2017-07-18 10:39:33
10:39:36,10:39:36,40.07,0.02,4,16028,买盘,2017-07-18,2017-07-18 10:39:36
10:39:42,10:39:42,40.05,-0.02,4,16019,买盘,2017-07-18,2017-07-18 10:39:42
10:39:45,10:39:45,40.01,-0.04,9,36009,卖盘,2017-07-18,2017-07-18 10:39:45
10:39:51,10:39:51,40.0,-0.01,3,12000,卖盘,2017-07-18,2017-07-18 10:39:51
10:39:54,10:39:54,39.96,-0.04,15,59940,卖盘,2017-07-18,2017-07-18 10:39:54
10:40:00,10:40:00,39.93,-0.03,1,3993,卖盘,2017-07-18,2017-07-18 10:40:00
10:40:03,10:40:03,39.93,--,3,11979,卖盘,2017-07-18,2017-07-18 10:40:03
10:40:06,10:40:06,39.93,--,4,15972,卖盘,2017-07-18,2017-07-18 10:40:06
10:40:09,10:40:09,39.96,0.03,6,23976,买盘,2017-07-18,2017-07-18 10:40:09
10:40:12,10:40:12,39.96,--,1,3996,买盘,2017-07-18,2017-07-18 10:40:12
10:40:15,10:40:15,39.93,-0.03,7,27951,卖盘,2017-07-18,2017-07-18 10:40:15
10:40:18,10:40:18,39.93,--,4,15972,买盘,2017-07-18,2017-07-18 10:40:18
10:40:21,10:40:21,39.93,--,13,51909,买盘,2017-07-18,2017-07-18 10:40:21
10:40:24,10:40:24,39.96,0.03,19,75924,买盘,2017-07-18,2017-07-18 10:40:24
10:40:27,10:40:27,39.91,-0.05,1,3990,中性盘,2017-07-18,2017-07-18 10:40:27
10:40:30,10:40:30,39.93,0.02,1,3993,卖盘,2017-07-18,2017-07-18 10:40:30
10:40:33,10:40:33,39.96,0.03,3,11988,买盘,2017-07-18,2017-07-18 10:40:33
10:40:36,10:40:36,39.96,--,11,43956,卖盘,2017-07-18,2017-07-18 10:40:36
10:40:42,10:40:42,40.0,0.04,15,60000,买盘,2017-07-18,2017-07-18 10:40:42
10:40:45,10:40:45,39.93,-0.07,10,39930,卖盘,2017-07-18,2017-07-18 10:40:45
10:40:48,10:40:48,40.0,0.07,10,40000,买盘,2017-07-18,2017-07-18 10:40:48
10:40:51,10:40:51,40.0,--,39,156000,买盘,2017-07-18,2017-07-18 10:40:51
10:40:57,10:40:57,40.0,--,5,20000,卖盘,2017-07-18,2017-07-18 10:40:57
10:41:00,10:41:00,40.0,--,2,8000,卖盘,2017-07-18,2017-07-18 10:41:00
10:41:03,10:41:03,40.01,0.01,6,24006,买盘,2017-07-18,2017-07-18 10:41:03
10:41:06,10:41:06,40.0,-0.01,2,8000,卖盘,2017-07-18,2017-07-18 10:41:06
10:41:09,10:41:09,40.01,0.01,16,64016,买盘,2017-07-18,2017-07-18 10:41:09
10:41:12,10:41:12,40.01,--,7,28007,卖盘,2017-07-18,2017-07-18 10:41:12
10:41:15,10:41:15,40.05,0.04,34,136170,买盘,2017-07-18,2017-07-18 10:41:15
10:41:18,10:41:18,40.01,-0.04,33,132033,卖盘,2017-07-18,2017-07-18 10:41:18
10:41:27,10:41:27,40.07,0.06,11,44077,买盘,2017-07-18,2017-07-18 10:41:27
10:41:30,10:41:30,40.1,0.03,2,8020,买盘,2017-07-18,2017-07-18 10:41:30
10:41:36,10:41:36,40.09,-0.01,1,4009,中性盘,2017-07-18,2017-07-18 10:41:36
10:41:39,10:41:39,40.1,0.01,2,8020,买盘,2017-07-18,2017-07-18 10:41:39
10:41:42,10:41:42,40.1,--,1,4010,买盘,2017-07-18,2017-07-18 10:41:42
10:41:45,10:41:45,40.1,--,1,4010,买盘,2017-07-18,2017-07-18 10:41:45
10:41:48,10:41:48,40.1,--,33,132330,买盘,2017-07-18,2017-07-18 10:41:48
10:41:51,10:41:51,40.1,--,1,4010,买盘,2017-07-18,2017-07-18 10:41:51
10:41:54,10:41:54,40.07,-0.03,3,12021,卖盘,2017-07-18,2017-07-18 10:41:54
10:41:57,10:41:57,40.1,0.03,3,12030,买盘,2017-07-18,2017-07-18 10:41:57
10:42:00,10:42:00,40.1,--,27,108270,买盘,2017-07-18,2017-07-18 10:42:00
10:42:03,10:42:03,40.1,--,2,8020,买盘,2017-07-18,2017-07-18 10:42:03
10:42:06,10:42:06,40.1,--,31,124310,买盘,2017-07-18,2017-07-18 10:42:06
10:42:12,10:42:12,40.07,-0.03,10,40070,卖盘,2017-07-18,2017-07-18 10:42:12
10:42:18,10:42:18,40.1,0.03,1,4010,买盘,2017-07-18,2017-07-18 10:42:18
10:42:27,10:42:27,40.08,-0.02,1,4008,卖盘,2017-07-18,2017-07-18 10:42:27
10:42:30,10:42:30,40.1,0.02,4,16040,买盘,2017-07-18,2017-07-18 10:42:30
10:42:36,10:42:36,40.1,--,3,12030,买盘,2017-07-18,2017-07-18 10:42:36
10:42:39,10:42:39,40.1,--,1,4010,买盘,2017-07-18,2017-07-18 10:42:39
10:42:42,10:42:42,40.1,--,1,4010,买盘,2017-07-18,2017-07-18 10:42:42
10:42:45,10:42:45,40.09,-0.01,4,16036,卖盘,2017-07-18,2017-07-18 10:42:45
10:42:48,10:42:48,40.1,0.01,11,44110,买盘,2017-07-18,2017-07-18 10:42:48
10:42:57,10:42:57,40.08,-0.02,1,4008,卖盘,2017-07-18,2017-07-18 10:42:57
10:43:03,10:43:03,40.08,--,5,20040,卖盘,2017-07-18,2017-07-18 10:43:03
10:43:15,10:43:15,40.09,0.01,4,16036,买盘,2017-07-18,2017-07-18 10:43:15
10:43:21,10:43:21,40.09,--,1,4009,买盘,2017-07-18,2017-07-18 10:43:21
10:43:24,10:43:24,40.09,--,1,4009,卖盘,2017-07-18,2017-07-18 10:43:24
10:43:27,10:43:27,40.1,0.01,5,20050,买盘,2017-07-18,2017-07-18 10:43:27
10:43:36,10:43:36,40.12,0.02,41,164492,买盘,2017-07-18,2017-07-18 10:43:36
10:43:39,10:43:39,40.12,--,11,44132,卖盘,2017-07-18,2017-07-18 10:43:39
10:43:48,10:43:48,40.15,0.03,31,124465,买盘,2017-07-18,2017-07-18 10:43:48
10:44:00,10:44:00,40.2,0.05,2,8040,买盘,2017-07-18,2017-07-18 10:44:00
10:44:03,10:44:03,40.2,--,1,4020,买盘,2017-07-18,2017-07-18 10:44:03
10:44:09,10:44:09,40.2,--,10,40200,买盘,2017-07-18,2017-07-18 10:44:09
10:44:12,10:44:12,40.2,--,13,52260,买盘,2017-07-18,2017-07-18 10:44:12
10:44:21,10:44:21,40.3,0.1,7,28209,买盘,2017-07-18,2017-07-18 10:44:21
10:44:24,10:44:24,40.3,--,2,8059,买盘,2017-07-18,2017-07-18 10:44:24
10:44:30,10:44:30,40.3,--,31,124929,买盘,2017-07-18,2017-07-18 10:44:30
10:44:33,10:44:33,40.3,--,2,8059,买盘,2017-07-18,2017-07-18 10:44:33
10:44:36,10:44:36,40.3,--,29,116869,买盘,2017-07-18,2017-07-18 10:44:36
10:44:45,10:44:45,40.36,0.06,2,8072,买盘,2017-07-18,2017-07-18 10:44:45
10:44:48,10:44:48,40.36,--,1,4036,卖盘,2017-07-18,2017-07-18 10:44:48
10:44:51,10:44:51,40.37,0.01,9,36333,买盘,2017-07-18,2017-07-18 10:44:51
10:44:54,10:44:54,40.37,--,3,12111,买盘,2017-07-18,2017-07-18 10:44:54
10:44:57,10:44:57,40.37,--,13,52481,卖盘,2017-07-18,2017-07-18 10:44:57
10:45:00,10:45:00,40.4,0.03,11,44440,买盘,2017-07-18,2017-07-18 10:45:00
10:45:06,10:45:06,40.4,--,1,4040,买盘,2017-07-18,2017-07-18 10:45:06
10:45:09,10:45:09,40.4,--,6,24240,买盘,2017-07-18,2017-07-18 10:45:09
10:45:24,10:45:24,40.46,0.06,15,60690,买盘,2017-07-18,2017-07-18 10:45:24
10:45:30,10:45:30,40.47,0.01,6,24282,买盘,2017-07-18,2017-07-18 10:45:30
10:45:33,10:45:33,40.47,--,4,16188,买盘,2017-07-18,2017-07-18 10:45:33
10:45:36,10:45:36,40.48,0.01,1,4047,买盘,2017-07-18,2017-07-18 10:45:36
10:45:39,10:45:39,40.48,--,2,8095,买盘,2017-07-18,2017-07-18 10:45:39
10:45:42,10:45:42,40.47,-0.01,22,89034,卖盘,2017-07-18,2017-07-18 10:45:42
10:45:45,10:45:45,40.49,0.02,8,32392,买盘,2017-07-18,2017-07-18 10:45:45
10:45:48,10:45:48,40.49,--,5,20245,买盘,2017-07-18,2017-07-18 10:45:48
10:45:51,10:45:51,40.49,--,23,93127,买盘,2017-07-18,2017-07-18 10:45:51
10:45:54,10:45:54,40.49,--,16,64784,买盘,2017-07-18,2017-07-18 10:45:54
10:45:57,10:45:57,40.48,-0.01,3,12143,卖盘,2017-07-18,2017-07-18 10:45:57
10:46:00,10:46:00,40.49,0.01,56,226744,买盘,2017-07-18,2017-07-18 10:46:00
10:46:03,10:46:03,40.49,--,2,8098,中性盘,2017-07-18,2017-07-18 10:46:03
10:46:06,10:46:06,40.5,0.01,8,32400,买盘,2017-07-18,2017-07-18 10:46:06
10:46:12,10:46:12,40.48,-0.02,1,4047,卖盘,2017-07-18,2017-07-18 10:46:12
10:46:15,10:46:15,40.49,0.01,4,16196,买盘,2017-07-18,2017-07-18 10:46:15
10:46:18,10:46:18,40.47,-0.02,7,28329,卖盘,2017-07-18,2017-07-18 10:46:18
