idx_time,time,price,change,volume,amount,type,date,date_time
09:25:03,09:25:03,12.88,12.88,492,633696,买盘,2017-07-03,2017-07-03 09:25:03
09:30:00,09:30:00,12.88,--,19,24472,卖盘,2017-07-03,2017-07-03 09:30:00
09:30:03,09:30:03,12.92,0.04,430,555560,买盘,2017-07-03,2017-07-03 09:30:03
09:30:06,09:30:06,12.89,-0.03,77,99253,卖盘,2017-07-03,2017-07-03 09:30:06
09:30:12,09:30:12,12.9,0.01,12,15480,中性盘,2017-07-03,2017-07-03 09:30:12
09:30:15,09:30:15,12.9,--,4,5160,买盘,2017-07-03,2017-07-03 09:30:15
09:30:18,09:30:18,12.9,--,46,59340,买盘,2017-07-03,2017-07-03 09:30:18
09:30:21,09:30:21,12.9,--,39,50310,买盘,2017-07-03,2017-07-03 09:30:21
09:30:24,09:30:24,12.9,--,1,1290,买盘,2017-07-03,2017-07-03 09:30:24
09:30:27,09:30:27,12.9,--,46,59340,卖盘,2017-07-03,2017-07-03 09:30:27
09:30:30,09:30:30,12.9,--,94,121260,卖盘,2017-07-03,2017-07-03 09:30:30
09:30:33,09:30:33,12.89,-0.01,244,314516,卖盘,2017-07-03,2017-07-03 09:30:33
09:30:36,09:30:36,12.91,0.02,145,187195,买盘,2017-07-03,2017-07-03 09:30:36
09:30:39,09:30:39,12.89,-0.02,40,51560,卖盘,2017-07-03,2017-07-03 09:30:39
09:30:42,09:30:42,12.89,--,11,14179,卖盘,2017-07-03,2017-07-03 09:30:42
09:30:45,09:30:45,12.89,--,63,81207,买盘,2017-07-03,2017-07-03 09:30:45
09:30:51,09:30:51,12.9,0.01,9,11610,买盘,2017-07-03,2017-07-03 09:30:51
09:30:54,09:30:54,12.89,-0.01,47,60583,卖盘,2017-07-03,2017-07-03 09:30:54
09:30:57,09:30:57,12.89,--,520,670280,买盘,2017-07-03,2017-07-03 09:30:57
09:31:00,09:31:00,12.85,-0.04,147,188895,卖盘,2017-07-03,2017-07-03 09:31:00
09:31:03,09:31:03,12.87,0.02,80,102960,买盘,2017-07-03,2017-07-03 09:31:03
09:31:06,09:31:06,12.85,-0.02,24,30840,卖盘,2017-07-03,2017-07-03 09:31:06
09:31:09,09:31:09,12.83,-0.02,115,147545,卖盘,2017-07-03,2017-07-03 09:31:09
09:31:12,09:31:12,12.84,0.01,23,29532,买盘,2017-07-03,2017-07-03 09:31:12
09:31:15,09:31:15,12.81,-0.03,60,76860,卖盘,2017-07-03,2017-07-03 09:31:15
09:31:18,09:31:18,12.84,0.03,5,6420,买盘,2017-07-03,2017-07-03 09:31:18
09:31:21,09:31:21,12.82,-0.02,1,1282,卖盘,2017-07-03,2017-07-03 09:31:21
09:31:24,09:31:24,12.82,--,49,62818,卖盘,2017-07-03,2017-07-03 09:31:24
09:31:27,09:31:27,12.82,--,9,11538,买盘,2017-07-03,2017-07-03 09:31:27
09:31:30,09:31:30,12.82,--,119,152558,买盘,2017-07-03,2017-07-03 09:31:30
09:31:33,09:31:33,12.81,-0.01,101,129381,卖盘,2017-07-03,2017-07-03 09:31:33
09:31:36,09:31:36,12.81,--,175,224175,买盘,2017-07-03,2017-07-03 09:31:36
09:31:39,09:31:39,12.82,0.01,163,208966,买盘,2017-07-03,2017-07-03 09:31:39
09:31:42,09:31:42,12.82,--,24,30768,买盘,2017-07-03,2017-07-03 09:31:42
09:31:45,09:31:45,12.82,--,26,33332,买盘,2017-07-03,2017-07-03 09:31:45
09:31:48,09:31:48,12.83,0.01,42,53886,买盘,2017-07-03,2017-07-03 09:31:48
09:31:51,09:31:51,12.83,--,26,33358,买盘,2017-07-03,2017-07-03 09:31:51
09:31:54,09:31:54,12.84,0.01,10,12840,买盘,2017-07-03,2017-07-03 09:31:54
09:31:57,09:31:57,12.84,--,27,34668,买盘,2017-07-03,2017-07-03 09:31:57
09:32:00,09:32:00,12.84,--,4,5136,卖盘,2017-07-03,2017-07-03 09:32:00
09:32:03,09:32:03,12.87,0.03,16,20592,买盘,2017-07-03,2017-07-03 09:32:03
09:32:18,09:32:18,12.87,--,64,82368,卖盘,2017-07-03,2017-07-03 09:32:18
09:32:21,09:32:21,12.87,--,27,34749,买盘,2017-07-03,2017-07-03 09:32:21
09:32:24,09:32:24,12.88,0.01,16,20608,买盘,2017-07-03,2017-07-03 09:32:24
09:32:27,09:32:27,12.87,-0.01,3,3860,买盘,2017-07-03,2017-07-03 09:32:27
09:32:30,09:32:30,12.87,--,32,41184,买盘,2017-07-03,2017-07-03 09:32:30
09:32:33,09:32:33,12.85,-0.02,52,66820,卖盘,2017-07-03,2017-07-03 09:32:33
09:32:39,09:32:39,12.86,0.01,23,29578,中性盘,2017-07-03,2017-07-03 09:32:39
09:32:42,09:32:42,12.87,0.01,22,28314,买盘,2017-07-03,2017-07-03 09:32:42
09:32:45,09:32:45,12.87,--,44,56628,买盘,2017-07-03,2017-07-03 09:32:45
09:32:48,09:32:48,12.86,-0.01,9,11574,中性盘,2017-07-03,2017-07-03 09:32:48
09:32:51,09:32:51,12.86,--,42,54012,买盘,2017-07-03,2017-07-03 09:32:51
09:32:54,09:32:54,12.86,--,25,32150,买盘,2017-07-03,2017-07-03 09:32:54
09:32:57,09:32:57,12.87,0.01,49,63062,买盘,2017-07-03,2017-07-03 09:32:57
09:33:03,09:33:03,12.86,-0.01,27,34722,中性盘,2017-07-03,2017-07-03 09:33:03
09:33:06,09:33:06,12.85,-0.01,53,68105,卖盘,2017-07-03,2017-07-03 09:33:06
09:33:09,09:33:09,12.85,--,32,41120,卖盘,2017-07-03,2017-07-03 09:33:09
09:33:12,09:33:12,12.85,--,1,1285,卖盘,2017-07-03,2017-07-03 09:33:12
09:33:15,09:33:15,12.85,--,74,95090,卖盘,2017-07-03,2017-07-03 09:33:15
09:33:18,09:33:18,12.85,--,46,59110,卖盘,2017-07-03,2017-07-03 09:33:18
09:33:21,09:33:21,12.85,--,20,25700,卖盘,2017-07-03,2017-07-03 09:33:21
09:33:27,09:33:27,12.85,--,78,100230,买盘,2017-07-03,2017-07-03 09:33:27
09:33:30,09:33:30,12.86,0.01,39,50154,买盘,2017-07-03,2017-07-03 09:33:30
09:33:36,09:33:36,12.85,-0.01,4,5140,卖盘,2017-07-03,2017-07-03 09:33:36
09:33:39,09:33:39,12.85,--,3,3855,买盘,2017-07-03,2017-07-03 09:33:39
09:33:42,09:33:42,12.84,-0.01,64,82176,卖盘,2017-07-03,2017-07-03 09:33:42
09:33:48,09:33:48,12.84,--,123,157932,买盘,2017-07-03,2017-07-03 09:33:48
09:33:57,09:33:57,12.81,-0.03,65,83265,卖盘,2017-07-03,2017-07-03 09:33:57
09:34:00,09:34:00,12.85,0.04,85,109225,买盘,2017-07-03,2017-07-03 09:34:00
09:34:03,09:34:03,12.81,-0.04,92,117852,买盘,2017-07-03,2017-07-03 09:34:03
09:34:09,09:34:09,12.84,0.03,20,25680,买盘,2017-07-03,2017-07-03 09:34:09
09:34:12,09:34:12,12.81,-0.03,52,66612,卖盘,2017-07-03,2017-07-03 09:34:12
09:34:15,09:34:15,12.81,--,25,32025,买盘,2017-07-03,2017-07-03 09:34:15
09:34:18,09:34:18,12.81,--,41,52521,买盘,2017-07-03,2017-07-03 09:34:18
09:34:21,09:34:21,12.81,--,17,21777,买盘,2017-07-03,2017-07-03 09:34:21
09:34:24,09:34:24,12.81,--,21,26901,买盘,2017-07-03,2017-07-03 09:34:24
09:34:27,09:34:27,12.8,-0.01,71,90880,卖盘,2017-07-03,2017-07-03 09:34:27
09:34:30,09:34:30,12.81,0.01,21,26901,卖盘,2017-07-03,2017-07-03 09:34:30
09:34:33,09:34:33,12.81,--,8,10248,卖盘,2017-07-03,2017-07-03 09:34:33
09:34:36,09:34:36,12.81,--,17,21777,卖盘,2017-07-03,2017-07-03 09:34:36
09:34:39,09:34:39,12.81,--,50,64050,卖盘,2017-07-03,2017-07-03 09:34:39
09:34:45,09:34:45,12.81,--,4,5124,买盘,2017-07-03,2017-07-03 09:34:45
09:34:48,09:34:48,12.81,--,4,5124,买盘,2017-07-03,2017-07-03 09:34:48
09:34:51,09:34:51,12.81,--,31,39711,买盘,2017-07-03,2017-07-03 09:34:51
09:34:54,09:34:54,12.8,-0.01,4,5120,卖盘,2017-07-03,2017-07-03 09:34:54
09:34:57,09:34:57,12.81,0.01,59,75579,买盘,2017-07-03,2017-07-03 09:34:57
09:35:00,09:35:00,12.8,-0.01,12,15360,买盘,2017-07-03,2017-07-03 09:35:00
09:35:03,09:35:03,12.81,0.01,80,102480,买盘,2017-07-03,2017-07-03 09:35:03
09:35:06,09:35:06,12.81,--,195,249795,买盘,2017-07-03,2017-07-03 09:35:06
09:35:09,09:35:09,12.78,-0.03,105,134190,卖盘,2017-07-03,2017-07-03 09:35:09
09:35:12,09:35:12,12.78,--,7,8946,卖盘,2017-07-03,2017-07-03 09:35:12
09:35:18,09:35:18,12.78,--,30,38340,卖盘,2017-07-03,2017-07-03 09:35:18
09:35:21,09:35:21,12.78,--,10,12780,卖盘,2017-07-03,2017-07-03 09:35:21
09:35:24,09:35:24,12.79,0.01,7,8953,卖盘,2017-07-03,2017-07-03 09:35:24
09:35:27,09:35:27,12.81,0.02,65,83265,买盘,2017-07-03,2017-07-03 09:35:27
09:35:30,09:35:30,12.81,--,3,3843,买盘,2017-07-03,2017-07-03 09:35:30
09:35:33,09:35:33,12.81,--,1,1281,买盘,2017-07-03,2017-07-03 09:35:33
09:35:36,09:35:36,12.82,0.01,52,66664,买盘,2017-07-03,2017-07-03 09:35:36
09:35:39,09:35:39,12.79,-0.03,208,266032,卖盘,2017-07-03,2017-07-03 09:35:39
09:35:42,09:35:42,12.79,--,64,81856,买盘,2017-07-03,2017-07-03 09:35:42
09:35:45,09:35:45,12.79,--,117,149643,买盘,2017-07-03,2017-07-03 09:35:45
09:35:48,09:35:48,12.8,0.01,130,166400,买盘,2017-07-03,2017-07-03 09:35:48
09:35:51,09:35:51,12.79,-0.01,3,3836,中性盘,2017-07-03,2017-07-03 09:35:51
09:35:54,09:35:54,12.79,--,236,301844,卖盘,2017-07-03,2017-07-03 09:35:54
09:35:57,09:35:57,12.79,--,35,44765,卖盘,2017-07-03,2017-07-03 09:35:57
09:36:00,09:36:00,12.79,--,23,29416,卖盘,2017-07-03,2017-07-03 09:36:00
09:36:06,09:36:06,12.8,0.01,8,10240,卖盘,2017-07-03,2017-07-03 09:36:06
09:36:09,09:36:09,12.8,--,46,58880,卖盘,2017-07-03,2017-07-03 09:36:09
09:36:12,09:36:12,12.81,0.01,25,32025,买盘,2017-07-03,2017-07-03 09:36:12
09:36:15,09:36:15,12.81,--,3,3843,买盘,2017-07-03,2017-07-03 09:36:15
09:36:18,09:36:18,12.81,--,19,24339,买盘,2017-07-03,2017-07-03 09:36:18
09:36:21,09:36:21,12.81,--,71,90951,买盘,2017-07-03,2017-07-03 09:36:21
09:36:24,09:36:24,12.81,--,1,1281,中性盘,2017-07-03,2017-07-03 09:36:24
09:36:27,09:36:27,12.81,--,21,26901,买盘,2017-07-03,2017-07-03 09:36:27
09:36:30,09:36:30,12.79,-0.02,58,74182,卖盘,2017-07-03,2017-07-03 09:36:30
09:36:33,09:36:33,12.83,0.04,29,37207,买盘,2017-07-03,2017-07-03 09:36:33
09:36:36,09:36:36,12.81,-0.02,105,134505,卖盘,2017-07-03,2017-07-03 09:36:36
09:36:48,09:36:48,12.81,--,13,16653,卖盘,2017-07-03,2017-07-03 09:36:48
09:36:51,09:36:51,12.82,0.01,15,19230,买盘,2017-07-03,2017-07-03 09:36:51
09:36:57,09:36:57,12.82,--,10,12820,卖盘,2017-07-03,2017-07-03 09:36:57
09:37:00,09:37:00,12.82,--,10,12820,卖盘,2017-07-03,2017-07-03 09:37:00
09:37:03,09:37:03,12.84,0.02,92,118128,买盘,2017-07-03,2017-07-03 09:37:03
09:37:06,09:37:06,12.81,-0.03,52,66612,卖盘,2017-07-03,2017-07-03 09:37:06
09:37:12,09:37:12,12.83,0.02,15,19245,中性盘,2017-07-03,2017-07-03 09:37:12
09:37:15,09:37:15,12.84,0.01,38,48792,买盘,2017-07-03,2017-07-03 09:37:15
09:37:18,09:37:18,12.84,--,28,35952,买盘,2017-07-03,2017-07-03 09:37:18
09:37:21,09:37:21,12.81,-0.03,52,66612,卖盘,2017-07-03,2017-07-03 09:37:21
09:37:24,09:37:24,12.81,--,10,12810,买盘,2017-07-03,2017-07-03 09:37:24
09:37:30,09:37:30,12.81,--,22,28182,买盘,2017-07-03,2017-07-03 09:37:30
09:37:33,09:37:33,12.8,-0.01,17,21760,卖盘,2017-07-03,2017-07-03 09:37:33
09:37:39,09:37:39,12.8,--,146,186880,卖盘,2017-07-03,2017-07-03 09:37:39
09:37:42,09:37:42,12.8,--,20,25600,买盘,2017-07-03,2017-07-03 09:37:42
09:37:45,09:37:45,12.82,0.02,30,38460,买盘,2017-07-03,2017-07-03 09:37:45
09:37:48,09:37:48,12.8,-0.02,94,120320,卖盘,2017-07-03,2017-07-03 09:37:48
09:37:51,09:37:51,12.8,--,19,24320,买盘,2017-07-03,2017-07-03 09:37:51
09:37:54,09:37:54,12.79,-0.01,2,2558,卖盘,2017-07-03,2017-07-03 09:37:54
09:37:57,09:37:57,12.79,--,21,26859,卖盘,2017-07-03,2017-07-03 09:37:57
09:38:00,09:38:00,12.79,--,89,113830,卖盘,2017-07-03,2017-07-03 09:38:00
09:38:03,09:38:03,12.79,--,80,102320,卖盘,2017-07-03,2017-07-03 09:38:03
09:38:06,09:38:06,12.78,-0.01,52,66456,卖盘,2017-07-03,2017-07-03 09:38:06
09:38:09,09:38:09,12.78,--,25,31950,卖盘,2017-07-03,2017-07-03 09:38:09
09:38:15,09:38:15,12.77,-0.01,66,84282,卖盘,2017-07-03,2017-07-03 09:38:15
09:38:18,09:38:18,12.75,-0.02,241,307275,卖盘,2017-07-03,2017-07-03 09:38:18
09:38:21,09:38:21,12.78,0.03,76,97128,买盘,2017-07-03,2017-07-03 09:38:21
09:38:24,09:38:24,12.76,-0.02,25,31900,卖盘,2017-07-03,2017-07-03 09:38:24
09:38:30,09:38:30,12.75,-0.01,50,63750,卖盘,2017-07-03,2017-07-03 09:38:30
09:38:33,09:38:33,12.75,--,26,33150,卖盘,2017-07-03,2017-07-03 09:38:33
09:38:36,09:38:36,12.75,--,39,49725,卖盘,2017-07-03,2017-07-03 09:38:36
09:38:39,09:38:39,12.76,0.01,74,94424,买盘,2017-07-03,2017-07-03 09:38:39
09:38:42,09:38:42,12.75,-0.01,102,130050,卖盘,2017-07-03,2017-07-03 09:38:42
09:38:48,09:38:48,12.76,0.01,6,7656,中性盘,2017-07-03,2017-07-03 09:38:48
09:38:51,09:38:51,12.75,-0.01,206,262650,卖盘,2017-07-03,2017-07-03 09:38:51
09:38:54,09:38:54,12.75,--,12,15300,买盘,2017-07-03,2017-07-03 09:38:54
09:38:57,09:38:57,12.74,-0.01,45,57330,卖盘,2017-07-03,2017-07-03 09:38:57
09:39:00,09:39:00,12.75,0.01,225,286875,买盘,2017-07-03,2017-07-03 09:39:00
09:39:03,09:39:03,12.74,-0.01,50,63700,卖盘,2017-07-03,2017-07-03 09:39:03
09:39:06,09:39:06,12.74,--,73,93002,卖盘,2017-07-03,2017-07-03 09:39:06
09:39:09,09:39:09,12.74,--,131,166894,买盘,2017-07-03,2017-07-03 09:39:09
09:39:12,09:39:12,12.75,0.01,8,10200,买盘,2017-07-03,2017-07-03 09:39:12
09:39:18,09:39:18,12.75,--,24,30600,买盘,2017-07-03,2017-07-03 09:39:18
09:39:21,09:39:21,12.74,-0.01,58,73892,卖盘,2017-07-03,2017-07-03 09:39:21
09:39:24,09:39:24,12.74,--,790,1006460,卖盘,2017-07-03,2017-07-03 09:39:24
09:39:27,09:39:27,12.75,0.01,210,267750,买盘,2017-07-03,2017-07-03 09:39:27
09:39:30,09:39:30,12.74,-0.01,14,17836,中性盘,2017-07-03,2017-07-03 09:39:30
09:39:33,09:39:33,12.75,0.01,132,168300,买盘,2017-07-03,2017-07-03 09:39:33
09:39:36,09:39:36,12.74,-0.01,42,53508,卖盘,2017-07-03,2017-07-03 09:39:36
09:39:39,09:39:39,12.74,--,114,145236,卖盘,2017-07-03,2017-07-03 09:39:39
09:39:42,09:39:42,12.75,0.01,87,110925,买盘,2017-07-03,2017-07-03 09:39:42
09:39:45,09:39:45,12.74,-0.01,44,56056,卖盘,2017-07-03,2017-07-03 09:39:45
09:39:48,09:39:48,12.75,0.01,70,89250,买盘,2017-07-03,2017-07-03 09:39:48
09:39:51,09:39:51,12.75,--,44,56100,买盘,2017-07-03,2017-07-03 09:39:51
09:39:57,09:39:57,12.75,--,2,2550,买盘,2017-07-03,2017-07-03 09:39:57
09:40:00,09:40:00,12.74,-0.01,47,59878,卖盘,2017-07-03,2017-07-03 09:40:00
09:40:03,09:40:03,12.75,0.01,19,24225,买盘,2017-07-03,2017-07-03 09:40:03
09:40:06,09:40:06,12.75,--,16,20400,买盘,2017-07-03,2017-07-03 09:40:06
09:40:09,09:40:09,12.75,--,53,67575,买盘,2017-07-03,2017-07-03 09:40:09
09:40:12,09:40:12,12.75,--,54,68850,买盘,2017-07-03,2017-07-03 09:40:12
09:40:15,09:40:15,12.74,-0.01,25,31850,卖盘,2017-07-03,2017-07-03 09:40:15
09:40:21,09:40:21,12.75,0.01,380,484500,买盘,2017-07-03,2017-07-03 09:40:21
09:40:24,09:40:24,12.75,--,143,182325,买盘,2017-07-03,2017-07-03 09:40:24
09:40:27,09:40:27,12.75,--,72,91800,买盘,2017-07-03,2017-07-03 09:40:27
09:40:33,09:40:33,12.76,0.01,49,62524,买盘,2017-07-03,2017-07-03 09:40:33
09:40:39,09:40:39,12.76,--,2,2552,买盘,2017-07-03,2017-07-03 09:40:39
09:40:42,09:40:42,12.75,-0.01,12,15300,卖盘,2017-07-03,2017-07-03 09:40:42
09:40:45,09:40:45,12.75,--,81,103275,卖盘,2017-07-03,2017-07-03 09:40:45
09:40:48,09:40:48,12.74,-0.01,23,29302,卖盘,2017-07-03,2017-07-03 09:40:48
09:40:51,09:40:51,12.75,0.01,17,21675,买盘,2017-07-03,2017-07-03 09:40:51
09:40:57,09:40:57,12.74,-0.01,20,25480,卖盘,2017-07-03,2017-07-03 09:40:57
09:41:00,09:41:00,12.75,0.01,85,108375,买盘,2017-07-03,2017-07-03 09:41:00
09:41:03,09:41:03,12.74,-0.01,68,86632,卖盘,2017-07-03,2017-07-03 09:41:03
09:41:06,09:41:06,12.74,--,15,19110,卖盘,2017-07-03,2017-07-03 09:41:06
09:41:09,09:41:09,12.75,0.01,13,16575,买盘,2017-07-03,2017-07-03 09:41:09
09:41:12,09:41:12,12.74,-0.01,43,54782,卖盘,2017-07-03,2017-07-03 09:41:12
09:41:15,09:41:15,12.74,--,98,124852,卖盘,2017-07-03,2017-07-03 09:41:15
09:41:21,09:41:21,12.75,0.01,17,21675,买盘,2017-07-03,2017-07-03 09:41:21
09:41:24,09:41:24,12.74,-0.01,2,2548,卖盘,2017-07-03,2017-07-03 09:41:24
09:41:27,09:41:27,12.75,0.01,20,25500,买盘,2017-07-03,2017-07-03 09:41:27
09:41:30,09:41:30,12.75,--,5,6375,买盘,2017-07-03,2017-07-03 09:41:30
09:41:33,09:41:33,12.73,-0.02,40,50920,卖盘,2017-07-03,2017-07-03 09:41:33
09:41:36,09:41:36,12.74,0.01,3,3822,买盘,2017-07-03,2017-07-03 09:41:36
09:41:39,09:41:39,12.74,--,26,33124,卖盘,2017-07-03,2017-07-03 09:41:39
09:41:42,09:41:42,12.74,--,2,2548,买盘,2017-07-03,2017-07-03 09:41:42
09:41:45,09:41:45,12.73,-0.01,45,57285,卖盘,2017-07-03,2017-07-03 09:41:45
09:41:48,09:41:48,12.73,--,46,58558,卖盘,2017-07-03,2017-07-03 09:41:48
09:41:51,09:41:51,12.73,--,58,73834,卖盘,2017-07-03,2017-07-03 09:41:51
09:41:54,09:41:54,12.74,0.01,42,53508,卖盘,2017-07-03,2017-07-03 09:41:54
09:41:57,09:41:57,12.73,-0.01,43,54739,卖盘,2017-07-03,2017-07-03 09:41:57
09:42:00,09:42:00,12.73,--,29,36917,卖盘,2017-07-03,2017-07-03 09:42:00
09:42:03,09:42:03,12.75,0.02,20,25500,买盘,2017-07-03,2017-07-03 09:42:03
09:42:06,09:42:06,12.74,-0.01,6,7644,中性盘,2017-07-03,2017-07-03 09:42:06
09:42:09,09:42:09,12.74,--,36,45864,卖盘,2017-07-03,2017-07-03 09:42:09
09:42:12,09:42:12,12.76,0.02,71,90596,买盘,2017-07-03,2017-07-03 09:42:12
09:42:18,09:42:18,12.75,-0.01,13,16575,中性盘,2017-07-03,2017-07-03 09:42:18
09:42:21,09:42:21,12.75,--,23,29325,卖盘,2017-07-03,2017-07-03 09:42:21
09:42:24,09:42:24,12.76,0.01,143,182468,买盘,2017-07-03,2017-07-03 09:42:24
09:42:30,09:42:30,12.78,0.02,3,3834,买盘,2017-07-03,2017-07-03 09:42:30
09:42:33,09:42:33,12.76,-0.02,32,40832,卖盘,2017-07-03,2017-07-03 09:42:33
09:42:36,09:42:36,12.78,0.02,15,19170,卖盘,2017-07-03,2017-07-03 09:42:36
09:42:39,09:42:39,12.78,--,1,1278,卖盘,2017-07-03,2017-07-03 09:42:39
09:42:42,09:42:42,12.8,0.02,12,15360,买盘,2017-07-03,2017-07-03 09:42:42
09:42:45,09:42:45,12.78,-0.02,1,1278,卖盘,2017-07-03,2017-07-03 09:42:45
09:42:48,09:42:48,12.8,0.02,2,2560,买盘,2017-07-03,2017-07-03 09:42:48
09:42:54,09:42:54,12.78,-0.02,6,7668,卖盘,2017-07-03,2017-07-03 09:42:54
09:42:57,09:42:57,12.79,0.01,12,15347,买盘,2017-07-03,2017-07-03 09:42:57
09:43:00,09:43:00,12.8,0.01,13,16640,买盘,2017-07-03,2017-07-03 09:43:00
09:43:03,09:43:03,12.78,-0.02,10,12780,卖盘,2017-07-03,2017-07-03 09:43:03
09:43:15,09:43:15,12.79,0.01,13,16627,卖盘,2017-07-03,2017-07-03 09:43:15
09:43:18,09:43:18,12.79,--,1,1279,卖盘,2017-07-03,2017-07-03 09:43:18
09:43:21,09:43:21,12.79,--,13,16627,卖盘,2017-07-03,2017-07-03 09:43:21
09:43:27,09:43:27,12.79,--,72,92088,卖盘,2017-07-03,2017-07-03 09:43:27
09:43:36,09:43:36,12.79,--,11,14068,买盘,2017-07-03,2017-07-03 09:43:36
09:43:39,09:43:39,12.78,-0.01,44,56232,卖盘,2017-07-03,2017-07-03 09:43:39
09:43:42,09:43:42,12.78,--,10,12780,买盘,2017-07-03,2017-07-03 09:43:42
09:43:45,09:43:45,12.78,--,2,2556,买盘,2017-07-03,2017-07-03 09:43:45
09:43:48,09:43:48,12.77,-0.01,40,51080,卖盘,2017-07-03,2017-07-03 09:43:48
09:43:51,09:43:51,12.78,0.01,6,7668,买盘,2017-07-03,2017-07-03 09:43:51
09:43:54,09:43:54,12.78,--,5,6390,买盘,2017-07-03,2017-07-03 09:43:54
09:43:57,09:43:57,12.76,-0.02,3,3828,卖盘,2017-07-03,2017-07-03 09:43:57
09:44:00,09:44:00,12.76,--,9,11484,卖盘,2017-07-03,2017-07-03 09:44:00
09:44:03,09:44:03,12.76,--,15,19140,卖盘,2017-07-03,2017-07-03 09:44:03
09:44:09,09:44:09,12.76,--,15,19140,卖盘,2017-07-03,2017-07-03 09:44:09
09:44:12,09:44:12,12.77,0.01,1,1277,中性盘,2017-07-03,2017-07-03 09:44:12
09:44:15,09:44:15,12.76,-0.01,37,47212,卖盘,2017-07-03,2017-07-03 09:44:15
09:44:18,09:44:18,12.77,0.01,2,2554,中性盘,2017-07-03,2017-07-03 09:44:18
09:44:21,09:44:21,12.78,0.01,4,5112,买盘,2017-07-03,2017-07-03 09:44:21
09:44:27,09:44:27,12.78,--,17,21726,买盘,2017-07-03,2017-07-03 09:44:27
09:44:30,09:44:30,12.78,--,96,122688,买盘,2017-07-03,2017-07-03 09:44:30
09:44:33,09:44:33,12.79,0.01,76,97204,买盘,2017-07-03,2017-07-03 09:44:33
09:44:36,09:44:36,12.78,-0.01,34,43452,中性盘,2017-07-03,2017-07-03 09:44:36
09:44:39,09:44:39,12.77,-0.01,11,14047,卖盘,2017-07-03,2017-07-03 09:44:39
09:44:42,09:44:42,12.79,0.02,12,15347,买盘,2017-07-03,2017-07-03 09:44:42
09:44:48,09:44:48,12.78,-0.01,30,38340,卖盘,2017-07-03,2017-07-03 09:44:48
09:44:54,09:44:54,12.8,0.02,49,62720,买盘,2017-07-03,2017-07-03 09:44:54
09:44:57,09:44:57,12.78,-0.02,5,6390,卖盘,2017-07-03,2017-07-03 09:44:57
09:45:00,09:45:00,12.8,0.02,6,7680,买盘,2017-07-03,2017-07-03 09:45:00
09:45:03,09:45:03,12.79,-0.01,15,19185,卖盘,2017-07-03,2017-07-03 09:45:03
09:45:12,09:45:12,12.79,--,13,16627,买盘,2017-07-03,2017-07-03 09:45:12
09:45:15,09:45:15,12.79,--,41,52439,买盘,2017-07-03,2017-07-03 09:45:15
09:45:24,09:45:24,12.8,0.01,40,51200,买盘,2017-07-03,2017-07-03 09:45:24
09:45:27,09:45:27,12.8,--,1,1280,买盘,2017-07-03,2017-07-03 09:45:27
09:45:30,09:45:30,12.8,--,2,2560,买盘,2017-07-03,2017-07-03 09:45:30
09:45:33,09:45:33,12.8,--,7,8960,买盘,2017-07-03,2017-07-03 09:45:33
09:45:36,09:45:36,12.79,-0.01,5,6395,卖盘,2017-07-03,2017-07-03 09:45:36
09:45:42,09:45:42,12.8,0.01,21,26880,买盘,2017-07-03,2017-07-03 09:45:42
09:45:45,09:45:45,12.8,--,11,14080,买盘,2017-07-03,2017-07-03 09:45:45
09:45:48,09:45:48,12.8,--,11,14080,买盘,2017-07-03,2017-07-03 09:45:48
09:45:54,09:45:54,12.8,--,10,12800,买盘,2017-07-03,2017-07-03 09:45:54
09:45:57,09:45:57,12.8,--,12,15360,买盘,2017-07-03,2017-07-03 09:45:57
09:46:00,09:46:00,12.8,--,30,38400,买盘,2017-07-03,2017-07-03 09:46:00
09:46:03,09:46:03,12.79,-0.01,13,16627,卖盘,2017-07-03,2017-07-03 09:46:03
09:46:12,09:46:12,12.79,--,38,48602,卖盘,2017-07-03,2017-07-03 09:46:12
09:46:15,09:46:15,12.79,--,83,106157,卖盘,2017-07-03,2017-07-03 09:46:15
09:46:18,09:46:18,12.79,--,8,10232,卖盘,2017-07-03,2017-07-03 09:46:18
09:46:21,09:46:21,12.79,--,45,57554,卖盘,2017-07-03,2017-07-03 09:46:21
09:46:24,09:46:24,12.79,--,6,7673,卖盘,2017-07-03,2017-07-03 09:46:24
09:46:27,09:46:27,12.79,--,3,3836,买盘,2017-07-03,2017-07-03 09:46:27
09:46:30,09:46:30,12.79,--,6,7673,买盘,2017-07-03,2017-07-03 09:46:30
09:46:39,09:46:39,12.79,--,8,10232,买盘,2017-07-03,2017-07-03 09:46:39
09:46:42,09:46:42,12.79,--,1,1279,买盘,2017-07-03,2017-07-03 09:46:42
09:46:45,09:46:45,12.78,-0.01,42,53676,卖盘,2017-07-03,2017-07-03 09:46:45
09:46:54,09:46:54,12.78,--,25,31950,买盘,2017-07-03,2017-07-03 09:46:54
09:46:57,09:46:57,12.78,--,17,21726,买盘,2017-07-03,2017-07-03 09:46:57
09:47:00,09:47:00,12.77,-0.01,30,38310,卖盘,2017-07-03,2017-07-03 09:47:00
09:47:06,09:47:06,12.78,0.01,27,34506,买盘,2017-07-03,2017-07-03 09:47:06
09:47:09,09:47:09,12.77,-0.01,74,94498,买盘,2017-07-03,2017-07-03 09:47:09
09:47:12,09:47:12,12.77,--,14,17878,买盘,2017-07-03,2017-07-03 09:47:12
09:47:15,09:47:15,12.77,--,22,28094,买盘,2017-07-03,2017-07-03 09:47:15
09:47:18,09:47:18,12.77,--,39,49803,买盘,2017-07-03,2017-07-03 09:47:18
09:47:21,09:47:21,12.77,--,13,16601,买盘,2017-07-03,2017-07-03 09:47:21
09:47:24,09:47:24,12.76,-0.01,11,14036,卖盘,2017-07-03,2017-07-03 09:47:24
09:47:27,09:47:27,12.77,0.01,14,17878,买盘,2017-07-03,2017-07-03 09:47:27
09:47:30,09:47:30,12.77,--,4,5108,卖盘,2017-07-03,2017-07-03 09:47:30
09:47:33,09:47:33,12.77,--,5,6385,卖盘,2017-07-03,2017-07-03 09:47:33
09:47:36,09:47:36,12.77,--,42,53634,卖盘,2017-07-03,2017-07-03 09:47:36
09:47:42,09:47:42,12.77,--,16,20432,卖盘,2017-07-03,2017-07-03 09:47:42
09:47:45,09:47:45,12.77,--,31,39587,卖盘,2017-07-03,2017-07-03 09:47:45
09:47:51,09:47:51,12.77,--,34,43418,卖盘,2017-07-03,2017-07-03 09:47:51
09:47:54,09:47:54,12.78,0.01,17,21726,买盘,2017-07-03,2017-07-03 09:47:54
09:47:57,09:47:57,12.77,-0.01,1,1277,卖盘,2017-07-03,2017-07-03 09:47:57
09:48:00,09:48:00,12.78,0.01,1,1278,买盘,2017-07-03,2017-07-03 09:48:00
09:48:03,09:48:03,12.79,0.01,5,6395,买盘,2017-07-03,2017-07-03 09:48:03
09:48:06,09:48:06,12.78,-0.01,8,10224,中性盘,2017-07-03,2017-07-03 09:48:06
09:48:09,09:48:09,12.79,0.01,24,30695,买盘,2017-07-03,2017-07-03 09:48:09
09:48:12,09:48:12,12.78,-0.01,2,2556,卖盘,2017-07-03,2017-07-03 09:48:12
09:48:15,09:48:15,12.79,0.01,17,21743,买盘,2017-07-03,2017-07-03 09:48:15
09:48:27,09:48:27,12.8,0.01,3,3840,买盘,2017-07-03,2017-07-03 09:48:27
09:48:30,09:48:30,12.79,-0.01,20,25580,卖盘,2017-07-03,2017-07-03 09:48:30
09:48:33,09:48:33,12.79,--,23,29416,卖盘,2017-07-03,2017-07-03 09:48:33
09:48:36,09:48:36,12.8,0.01,3,3840,买盘,2017-07-03,2017-07-03 09:48:36
09:48:39,09:48:39,12.8,--,5,6400,买盘,2017-07-03,2017-07-03 09:48:39
09:48:42,09:48:42,12.8,--,4,5120,买盘,2017-07-03,2017-07-03 09:48:42
09:48:48,09:48:48,12.8,--,14,17920,买盘,2017-07-03,2017-07-03 09:48:48
09:48:51,09:48:51,12.8,--,45,57600,买盘,2017-07-03,2017-07-03 09:48:51
09:48:54,09:48:54,12.8,--,10,12800,买盘,2017-07-03,2017-07-03 09:48:54
09:49:00,09:49:00,12.8,--,17,21760,买盘,2017-07-03,2017-07-03 09:49:00
09:49:03,09:49:03,12.8,--,4,5120,买盘,2017-07-03,2017-07-03 09:49:03
09:49:06,09:49:06,12.8,--,1,1280,买盘,2017-07-03,2017-07-03 09:49:06
09:49:12,09:49:12,12.8,--,16,20480,买盘,2017-07-03,2017-07-03 09:49:12
09:49:15,09:49:15,12.8,--,47,60160,买盘,2017-07-03,2017-07-03 09:49:15
09:49:18,09:49:18,12.8,--,5,6400,卖盘,2017-07-03,2017-07-03 09:49:18
09:49:24,09:49:24,12.8,--,12,15360,卖盘,2017-07-03,2017-07-03 09:49:24
09:49:27,09:49:27,12.82,0.02,22,28204,买盘,2017-07-03,2017-07-03 09:49:27
09:49:39,09:49:39,12.8,-0.02,3,3840,卖盘,2017-07-03,2017-07-03 09:49:39
09:49:45,09:49:45,12.82,0.02,16,20512,买盘,2017-07-03,2017-07-03 09:49:45
09:49:51,09:49:51,12.82,--,1,1282,买盘,2017-07-03,2017-07-03 09:49:51
09:49:54,09:49:54,12.82,--,1,1282,买盘,2017-07-03,2017-07-03 09:49:54
09:49:57,09:49:57,12.82,--,1,1282,卖盘,2017-07-03,2017-07-03 09:49:57
09:50:09,09:50:09,12.82,--,3,3846,卖盘,2017-07-03,2017-07-03 09:50:09
09:50:12,09:50:12,12.83,0.01,2,2566,买盘,2017-07-03,2017-07-03 09:50:12
09:50:15,09:50:15,12.83,--,1,1283,买盘,2017-07-03,2017-07-03 09:50:15
09:50:18,09:50:18,12.82,-0.01,171,219222,卖盘,2017-07-03,2017-07-03 09:50:18
09:50:21,09:50:21,12.82,--,27,34614,买盘,2017-07-03,2017-07-03 09:50:21
09:50:24,09:50:24,12.82,--,18,23076,买盘,2017-07-03,2017-07-03 09:50:24
09:50:27,09:50:27,12.82,--,1,1282,买盘,2017-07-03,2017-07-03 09:50:27
09:50:30,09:50:30,12.81,-0.01,15,19215,卖盘,2017-07-03,2017-07-03 09:50:30
09:50:36,09:50:36,12.8,-0.01,1,1280,卖盘,2017-07-03,2017-07-03 09:50:36
09:50:39,09:50:39,12.81,0.01,30,38430,买盘,2017-07-03,2017-07-03 09:50:39
09:50:42,09:50:42,12.81,--,5,6405,买盘,2017-07-03,2017-07-03 09:50:42
09:50:48,09:50:48,12.8,-0.01,4,5120,卖盘,2017-07-03,2017-07-03 09:50:48
09:50:54,09:50:54,12.81,0.01,1,1281,买盘,2017-07-03,2017-07-03 09:50:54
09:50:57,09:50:57,12.81,--,121,155001,买盘,2017-07-03,2017-07-03 09:50:57
09:51:00,09:51:00,12.81,--,9,11529,买盘,2017-07-03,2017-07-03 09:51:00
09:51:03,09:51:03,12.8,-0.01,49,62720,卖盘,2017-07-03,2017-07-03 09:51:03
09:51:06,09:51:06,12.8,--,35,44800,卖盘,2017-07-03,2017-07-03 09:51:06
09:51:09,09:51:09,12.81,0.01,56,71736,买盘,2017-07-03,2017-07-03 09:51:09
09:51:12,09:51:12,12.81,--,20,25620,卖盘,2017-07-03,2017-07-03 09:51:12
09:51:15,09:51:15,12.81,--,9,11529,卖盘,2017-07-03,2017-07-03 09:51:15
09:51:24,09:51:24,12.81,--,30,38430,卖盘,2017-07-03,2017-07-03 09:51:24
09:51:30,09:51:30,12.8,-0.01,50,64000,卖盘,2017-07-03,2017-07-03 09:51:30
09:51:33,09:51:33,12.8,--,6,7680,卖盘,2017-07-03,2017-07-03 09:51:33
09:51:36,09:51:36,12.82,0.02,20,25640,买盘,2017-07-03,2017-07-03 09:51:36
09:51:42,09:51:42,12.81,-0.01,24,30744,中性盘,2017-07-03,2017-07-03 09:51:42
09:51:45,09:51:45,12.8,-0.01,15,19200,卖盘,2017-07-03,2017-07-03 09:51:45
09:51:48,09:51:48,12.8,--,8,10240,卖盘,2017-07-03,2017-07-03 09:51:48
09:51:51,09:51:51,12.8,--,5,6400,卖盘,2017-07-03,2017-07-03 09:51:51
09:51:54,09:51:54,12.81,0.01,31,39711,买盘,2017-07-03,2017-07-03 09:51:54
09:51:57,09:51:57,12.8,-0.01,2,2560,卖盘,2017-07-03,2017-07-03 09:51:57
09:52:06,09:52:06,12.81,0.01,55,70455,卖盘,2017-07-03,2017-07-03 09:52:06
09:52:09,09:52:09,12.82,0.01,317,406394,买盘,2017-07-03,2017-07-03 09:52:09
09:52:12,09:52:12,12.81,-0.01,22,28182,卖盘,2017-07-03,2017-07-03 09:52:12
09:52:15,09:52:15,12.81,--,2,2562,卖盘,2017-07-03,2017-07-03 09:52:15
09:52:21,09:52:21,12.81,--,2,2562,卖盘,2017-07-03,2017-07-03 09:52:21
09:52:24,09:52:24,12.82,0.01,1,1282,买盘,2017-07-03,2017-07-03 09:52:24
09:52:27,09:52:27,12.82,--,29,37178,卖盘,2017-07-03,2017-07-03 09:52:27
09:52:33,09:52:33,12.83,0.01,49,62867,买盘,2017-07-03,2017-07-03 09:52:33
09:52:36,09:52:36,12.82,-0.01,52,66664,卖盘,2017-07-03,2017-07-03 09:52:36
09:52:42,09:52:42,12.83,0.01,15,19245,中性盘,2017-07-03,2017-07-03 09:52:42
09:52:45,09:52:45,12.82,-0.01,139,178198,卖盘,2017-07-03,2017-07-03 09:52:45
09:52:48,09:52:48,12.82,--,36,46152,买盘,2017-07-03,2017-07-03 09:52:48
09:52:54,09:52:54,12.82,--,34,43588,买盘,2017-07-03,2017-07-03 09:52:54
09:52:57,09:52:57,12.82,--,85,108970,买盘,2017-07-03,2017-07-03 09:52:57
09:53:00,09:53:00,12.82,--,24,30768,买盘,2017-07-03,2017-07-03 09:53:00
09:53:06,09:53:06,12.82,--,21,26922,买盘,2017-07-03,2017-07-03 09:53:06
09:53:09,09:53:09,12.81,-0.01,88,112728,卖盘,2017-07-03,2017-07-03 09:53:09
09:53:12,09:53:12,12.82,0.01,109,139738,买盘,2017-07-03,2017-07-03 09:53:12
09:53:15,09:53:15,12.82,--,30,38460,买盘,2017-07-03,2017-07-03 09:53:15
09:53:21,09:53:21,12.83,0.01,26,33358,买盘,2017-07-03,2017-07-03 09:53:21
09:53:24,09:53:24,12.83,--,22,28226,买盘,2017-07-03,2017-07-03 09:53:24
09:53:27,09:53:27,12.83,--,24,30792,买盘,2017-07-03,2017-07-03 09:53:27
09:53:33,09:53:33,12.84,0.01,18,23112,买盘,2017-07-03,2017-07-03 09:53:33
09:53:36,09:53:36,12.83,-0.01,213,273279,卖盘,2017-07-03,2017-07-03 09:53:36
09:53:42,09:53:42,12.85,0.02,46,59110,买盘,2017-07-03,2017-07-03 09:53:42
09:53:45,09:53:45,12.86,0.01,203,261058,买盘,2017-07-03,2017-07-03 09:53:45
09:53:48,09:53:48,12.84,-0.02,1,1284,中性盘,2017-07-03,2017-07-03 09:53:48
09:53:51,09:53:51,12.85,0.01,3,3855,卖盘,2017-07-03,2017-07-03 09:53:51
09:53:54,09:53:54,12.85,--,36,46260,卖盘,2017-07-03,2017-07-03 09:53:54
09:53:57,09:53:57,12.87,0.02,208,267696,买盘,2017-07-03,2017-07-03 09:53:57
09:54:00,09:54:00,12.85,-0.02,7,8995,卖盘,2017-07-03,2017-07-03 09:54:00
09:54:03,09:54:03,12.85,--,37,47545,卖盘,2017-07-03,2017-07-03 09:54:03
09:54:06,09:54:06,12.85,--,42,53970,卖盘,2017-07-03,2017-07-03 09:54:06
09:54:09,09:54:09,12.86,0.01,9,11574,买盘,2017-07-03,2017-07-03 09:54:09
09:54:12,09:54:12,12.85,-0.01,197,253145,卖盘,2017-07-03,2017-07-03 09:54:12
09:54:15,09:54:15,12.87,0.02,120,154440,买盘,2017-07-03,2017-07-03 09:54:15
09:54:21,09:54:21,12.85,-0.02,11,14135,中性盘,2017-07-03,2017-07-03 09:54:21
09:54:24,09:54:24,12.85,--,31,39835,卖盘,2017-07-03,2017-07-03 09:54:24
09:54:27,09:54:27,12.85,--,130,167050,买盘,2017-07-03,2017-07-03 09:54:27
09:54:30,09:54:30,12.86,0.01,38,48868,买盘,2017-07-03,2017-07-03 09:54:30
09:54:36,09:54:36,12.86,--,4,5144,买盘,2017-07-03,2017-07-03 09:54:36
09:54:39,09:54:39,12.87,0.01,89,114543,买盘,2017-07-03,2017-07-03 09:54:39
09:54:42,09:54:42,12.86,-0.01,9,11574,卖盘,2017-07-03,2017-07-03 09:54:42
09:54:45,09:54:45,12.86,--,30,38580,卖盘,2017-07-03,2017-07-03 09:54:45
09:54:48,09:54:48,12.86,--,10,12860,卖盘,2017-07-03,2017-07-03 09:54:48
09:54:51,09:54:51,12.87,0.01,71,91377,买盘,2017-07-03,2017-07-03 09:54:51
09:54:54,09:54:54,12.86,-0.01,10,12860,卖盘,2017-07-03,2017-07-03 09:54:54
09:54:57,09:54:57,12.87,0.01,9,11583,买盘,2017-07-03,2017-07-03 09:54:57
09:55:00,09:55:00,12.87,--,54,69498,买盘,2017-07-03,2017-07-03 09:55:00
09:55:03,09:55:03,12.87,--,231,297297,买盘,2017-07-03,2017-07-03 09:55:03
09:55:06,09:55:06,12.87,--,28,36036,卖盘,2017-07-03,2017-07-03 09:55:06
09:55:09,09:55:09,12.88,0.01,5,6440,买盘,2017-07-03,2017-07-03 09:55:09
09:55:12,09:55:12,12.88,--,44,56672,买盘,2017-07-03,2017-07-03 09:55:12
09:55:18,09:55:18,12.87,-0.01,60,77220,卖盘,2017-07-03,2017-07-03 09:55:18
09:55:21,09:55:21,12.87,--,2,2574,卖盘,2017-07-03,2017-07-03 09:55:21
09:55:24,09:55:24,12.88,0.01,153,197064,买盘,2017-07-03,2017-07-03 09:55:24
09:55:27,09:55:27,12.88,--,57,73416,卖盘,2017-07-03,2017-07-03 09:55:27
09:55:30,09:55:30,12.89,0.01,49,63161,买盘,2017-07-03,2017-07-03 09:55:30
09:55:33,09:55:33,12.88,-0.01,3,3864,中性盘,2017-07-03,2017-07-03 09:55:33
09:55:36,09:55:36,12.88,--,34,43792,卖盘,2017-07-03,2017-07-03 09:55:36
09:55:39,09:55:39,12.87,-0.01,68,87516,卖盘,2017-07-03,2017-07-03 09:55:39
09:55:42,09:55:42,12.89,0.02,153,197681,买盘,2017-07-03,2017-07-03 09:55:42
09:55:45,09:55:45,12.89,--,101,130189,买盘,2017-07-03,2017-07-03 09:55:45
09:55:48,09:55:48,12.89,--,90,116010,买盘,2017-07-03,2017-07-03 09:55:48
09:55:51,09:55:51,12.89,--,141,181749,买盘,2017-07-03,2017-07-03 09:55:51
09:55:54,09:55:54,12.9,0.01,45,58050,买盘,2017-07-03,2017-07-03 09:55:54
09:55:57,09:55:57,12.89,-0.01,88,113432,买盘,2017-07-03,2017-07-03 09:55:57
09:56:06,09:56:06,12.9,0.01,15,19350,买盘,2017-07-03,2017-07-03 09:56:06
09:56:09,09:56:09,12.9,--,53,68370,买盘,2017-07-03,2017-07-03 09:56:09
09:56:12,09:56:12,12.9,--,117,150930,买盘,2017-07-03,2017-07-03 09:56:12
09:56:15,09:56:15,12.85,-0.05,548,704180,卖盘,2017-07-03,2017-07-03 09:56:15
09:56:18,09:56:18,12.9,0.05,157,202530,买盘,2017-07-03,2017-07-03 09:56:18
09:56:21,09:56:21,12.89,-0.01,31,39959,卖盘,2017-07-03,2017-07-03 09:56:21
09:56:24,09:56:24,12.89,--,5,6445,买盘,2017-07-03,2017-07-03 09:56:24
09:56:27,09:56:27,12.89,--,43,55427,买盘,2017-07-03,2017-07-03 09:56:27
09:56:30,09:56:30,12.88,-0.01,15,19320,卖盘,2017-07-03,2017-07-03 09:56:30
09:56:33,09:56:33,12.88,--,17,21896,买盘,2017-07-03,2017-07-03 09:56:33
09:56:36,09:56:36,12.88,--,29,37352,买盘,2017-07-03,2017-07-03 09:56:36
09:56:39,09:56:39,12.88,--,6,7728,买盘,2017-07-03,2017-07-03 09:56:39
09:56:42,09:56:42,12.88,--,35,45080,买盘,2017-07-03,2017-07-03 09:56:42
09:56:48,09:56:48,12.86,-0.02,7,9002,中性盘,2017-07-03,2017-07-03 09:56:48
09:56:51,09:56:51,12.86,--,1,1286,买盘,2017-07-03,2017-07-03 09:56:51
09:56:54,09:56:54,12.87,0.01,11,14157,买盘,2017-07-03,2017-07-03 09:56:54
09:56:57,09:56:57,12.87,--,50,64349,买盘,2017-07-03,2017-07-03 09:56:57
09:57:00,09:57:00,12.87,--,5,6435,卖盘,2017-07-03,2017-07-03 09:57:00
09:57:03,09:57:03,12.87,--,5,6435,买盘,2017-07-03,2017-07-03 09:57:03
09:57:06,09:57:06,12.86,-0.01,1,1286,卖盘,2017-07-03,2017-07-03 09:57:06
09:57:09,09:57:09,12.87,0.01,12,15443,买盘,2017-07-03,2017-07-03 09:57:09
09:57:12,09:57:12,12.86,-0.01,62,79732,卖盘,2017-07-03,2017-07-03 09:57:12
09:57:18,09:57:18,12.86,--,22,28292,卖盘,2017-07-03,2017-07-03 09:57:18
09:57:21,09:57:21,12.86,--,14,18004,卖盘,2017-07-03,2017-07-03 09:57:21
09:57:24,09:57:24,12.86,--,5,6430,卖盘,2017-07-03,2017-07-03 09:57:24
09:57:30,09:57:30,12.86,--,22,28292,卖盘,2017-07-03,2017-07-03 09:57:30
09:57:33,09:57:33,12.87,0.01,55,70785,买盘,2017-07-03,2017-07-03 09:57:33
09:57:36,09:57:36,12.87,--,41,52767,买盘,2017-07-03,2017-07-03 09:57:36
09:57:42,09:57:42,12.86,-0.01,30,38580,卖盘,2017-07-03,2017-07-03 09:57:42
09:57:45,09:57:45,12.87,0.01,26,33462,买盘,2017-07-03,2017-07-03 09:57:45
09:57:48,09:57:48,12.87,--,22,28314,卖盘,2017-07-03,2017-07-03 09:57:48
09:57:51,09:57:51,12.87,--,30,38610,买盘,2017-07-03,2017-07-03 09:57:51
09:57:57,09:57:57,12.87,--,2,2574,买盘,2017-07-03,2017-07-03 09:57:57
09:58:00,09:58:00,12.87,--,4,5148,买盘,2017-07-03,2017-07-03 09:58:00
09:58:03,09:58:03,12.87,--,12,15443,买盘,2017-07-03,2017-07-03 09:58:03
09:58:06,09:58:06,12.86,-0.01,28,36008,卖盘,2017-07-03,2017-07-03 09:58:06
09:58:12,09:58:12,12.87,0.01,31,39897,中性盘,2017-07-03,2017-07-03 09:58:12
09:58:15,09:58:15,12.87,--,25,32174,卖盘,2017-07-03,2017-07-03 09:58:15
09:58:18,09:58:18,12.87,--,9,11583,卖盘,2017-07-03,2017-07-03 09:58:18
09:58:24,09:58:24,12.87,--,2,2574,买盘,2017-07-03,2017-07-03 09:58:24
09:58:27,09:58:27,12.9,0.03,536,691440,买盘,2017-07-03,2017-07-03 09:58:27
09:58:33,09:58:33,12.9,--,14,18060,卖盘,2017-07-03,2017-07-03 09:58:33
09:58:36,09:58:36,12.9,--,37,47730,卖盘,2017-07-03,2017-07-03 09:58:36
09:58:39,09:58:39,12.88,-0.02,4,5152,卖盘,2017-07-03,2017-07-03 09:58:39
09:58:42,09:58:42,12.9,0.02,1,1290,买盘,2017-07-03,2017-07-03 09:58:42
09:58:45,09:58:45,12.9,--,36,46440,买盘,2017-07-03,2017-07-03 09:58:45
09:58:48,09:58:48,12.9,--,22,28380,买盘,2017-07-03,2017-07-03 09:58:48
09:58:51,09:58:51,12.9,--,48,61920,买盘,2017-07-03,2017-07-03 09:58:51
09:58:54,09:58:54,12.9,--,9,11610,买盘,2017-07-03,2017-07-03 09:58:54
09:58:57,09:58:57,12.9,--,35,45150,买盘,2017-07-03,2017-07-03 09:58:57
09:59:00,09:59:00,12.9,--,34,43860,买盘,2017-07-03,2017-07-03 09:59:00
09:59:03,09:59:03,12.9,--,2,2580,买盘,2017-07-03,2017-07-03 09:59:03
09:59:06,09:59:06,12.9,--,5,6450,买盘,2017-07-03,2017-07-03 09:59:06
09:59:12,09:59:12,12.9,--,29,37410,买盘,2017-07-03,2017-07-03 09:59:12
09:59:15,09:59:15,12.89,-0.01,64,82496,卖盘,2017-07-03,2017-07-03 09:59:15
09:59:18,09:59:18,12.89,--,11,14179,买盘,2017-07-03,2017-07-03 09:59:18
09:59:21,09:59:21,12.89,--,8,10312,买盘,2017-07-03,2017-07-03 09:59:21
09:59:24,09:59:24,12.88,-0.01,5,6440,卖盘,2017-07-03,2017-07-03 09:59:24
09:59:30,09:59:30,12.88,--,57,73416,卖盘,2017-07-03,2017-07-03 09:59:30
09:59:33,09:59:33,12.88,--,25,32200,买盘,2017-07-03,2017-07-03 09:59:33
09:59:36,09:59:36,12.88,--,50,64400,卖盘,2017-07-03,2017-07-03 09:59:36
09:59:42,09:59:42,12.88,--,33,42504,买盘,2017-07-03,2017-07-03 09:59:42
09:59:45,09:59:45,12.88,--,42,54096,买盘,2017-07-03,2017-07-03 09:59:45
09:59:48,09:59:48,12.87,-0.01,16,20592,卖盘,2017-07-03,2017-07-03 09:59:48
09:59:51,09:59:51,12.88,0.01,18,23184,买盘,2017-07-03,2017-07-03 09:59:51
09:59:54,09:59:54,12.88,--,70,90160,买盘,2017-07-03,2017-07-03 09:59:54
09:59:57,09:59:57,12.88,--,19,24472,买盘,2017-07-03,2017-07-03 09:59:57
10:00:00,10:00:00,12.88,--,10,12880,买盘,2017-07-03,2017-07-03 10:00:00
10:00:03,10:00:03,12.88,--,28,36064,卖盘,2017-07-03,2017-07-03 10:00:03
10:00:09,10:00:09,12.9,0.02,53,68370,买盘,2017-07-03,2017-07-03 10:00:09
10:00:12,10:00:12,12.89,-0.01,15,19335,中性盘,2017-07-03,2017-07-03 10:00:12
10:00:18,10:00:18,12.89,--,20,25780,买盘,2017-07-03,2017-07-03 10:00:18
10:00:21,10:00:21,12.89,--,30,38670,买盘,2017-07-03,2017-07-03 10:00:21
10:00:24,10:00:24,12.9,0.01,18,23220,买盘,2017-07-03,2017-07-03 10:00:24
10:00:27,10:00:27,12.89,-0.01,9,11601,买盘,2017-07-03,2017-07-03 10:00:27
10:00:30,10:00:30,12.88,-0.01,1,1288,卖盘,2017-07-03,2017-07-03 10:00:30
10:00:33,10:00:33,12.89,0.01,14,18046,买盘,2017-07-03,2017-07-03 10:00:33
10:00:36,10:00:36,12.89,--,11,14179,买盘,2017-07-03,2017-07-03 10:00:36
10:00:39,10:00:39,12.88,-0.01,145,186760,卖盘,2017-07-03,2017-07-03 10:00:39
10:00:42,10:00:42,12.89,0.01,114,146946,买盘,2017-07-03,2017-07-03 10:00:42
10:00:45,10:00:45,12.88,-0.01,55,70840,卖盘,2017-07-03,2017-07-03 10:00:45
10:00:48,10:00:48,12.88,--,80,103040,卖盘,2017-07-03,2017-07-03 10:00:48
10:00:51,10:00:51,12.88,--,10,12880,买盘,2017-07-03,2017-07-03 10:00:51
10:00:54,10:00:54,12.87,-0.01,17,21879,卖盘,2017-07-03,2017-07-03 10:00:54
10:00:57,10:00:57,12.88,0.01,41,52808,买盘,2017-07-03,2017-07-03 10:00:57
10:01:00,10:01:00,12.87,-0.01,10,12870,卖盘,2017-07-03,2017-07-03 10:01:00
10:01:03,10:01:03,12.88,0.01,13,16744,买盘,2017-07-03,2017-07-03 10:01:03
10:01:06,10:01:06,12.87,-0.01,202,259973,卖盘,2017-07-03,2017-07-03 10:01:06
10:01:09,10:01:09,12.87,--,23,29601,买盘,2017-07-03,2017-07-03 10:01:09
10:01:12,10:01:12,12.87,--,20,25740,买盘,2017-07-03,2017-07-03 10:01:12
10:01:18,10:01:18,12.86,-0.01,6,7716,卖盘,2017-07-03,2017-07-03 10:01:18
10:01:21,10:01:21,12.87,0.01,15,19305,买盘,2017-07-03,2017-07-03 10:01:21
10:01:24,10:01:24,12.86,-0.01,7,9002,卖盘,2017-07-03,2017-07-03 10:01:24
10:01:27,10:01:27,12.86,--,88,113168,卖盘,2017-07-03,2017-07-03 10:01:27
10:01:33,10:01:33,12.86,--,29,37294,买盘,2017-07-03,2017-07-03 10:01:33
10:01:39,10:01:39,12.86,--,26,33436,买盘,2017-07-03,2017-07-03 10:01:39
10:01:42,10:01:42,12.85,-0.01,21,26985,卖盘,2017-07-03,2017-07-03 10:01:42
10:01:48,10:01:48,12.86,0.01,1,1286,买盘,2017-07-03,2017-07-03 10:01:48
10:01:51,10:01:51,12.85,-0.01,19,24415,卖盘,2017-07-03,2017-07-03 10:01:51
10:01:54,10:01:54,12.85,--,1,1285,卖盘,2017-07-03,2017-07-03 10:01:54
10:01:57,10:01:57,12.85,--,2,2570,卖盘,2017-07-03,2017-07-03 10:01:57
10:02:00,10:02:00,12.85,--,44,56540,卖盘,2017-07-03,2017-07-03 10:02:00
10:02:03,10:02:03,12.85,--,18,23130,卖盘,2017-07-03,2017-07-03 10:02:03
10:02:06,10:02:06,12.85,--,5,6425,卖盘,2017-07-03,2017-07-03 10:02:06
10:02:09,10:02:09,12.85,--,26,33410,卖盘,2017-07-03,2017-07-03 10:02:09
10:02:12,10:02:12,12.85,--,7,8995,卖盘,2017-07-03,2017-07-03 10:02:12
10:02:15,10:02:15,12.85,--,2,2570,卖盘,2017-07-03,2017-07-03 10:02:15
10:02:18,10:02:18,12.85,--,23,29555,卖盘,2017-07-03,2017-07-03 10:02:18
10:02:24,10:02:24,12.85,--,64,83062,卖盘,2017-07-03,2017-07-03 10:02:24
10:02:27,10:02:27,12.85,--,3,3855,买盘,2017-07-03,2017-07-03 10:02:27
10:02:30,10:02:30,12.84,-0.01,45,57780,卖盘,2017-07-03,2017-07-03 10:02:30
10:02:33,10:02:33,12.85,0.01,140,179900,买盘,2017-07-03,2017-07-03 10:02:33
10:02:39,10:02:39,12.84,-0.01,1,1284,卖盘,2017-07-03,2017-07-03 10:02:39
10:02:42,10:02:42,12.85,0.01,5,6425,买盘,2017-07-03,2017-07-03 10:02:42
10:02:48,10:02:48,12.85,--,37,47545,买盘,2017-07-03,2017-07-03 10:02:48
10:02:54,10:02:54,12.85,--,34,44152,买盘,2017-07-03,2017-07-03 10:02:54
10:02:57,10:02:57,12.85,--,4,5140,卖盘,2017-07-03,2017-07-03 10:02:57
10:03:00,10:03:00,12.85,--,31,39835,卖盘,2017-07-03,2017-07-03 10:03:00
10:03:03,10:03:03,12.86,0.01,12,15432,买盘,2017-07-03,2017-07-03 10:03:03
10:03:06,10:03:06,12.86,--,1,1286,卖盘,2017-07-03,2017-07-03 10:03:06
10:03:12,10:03:12,12.85,-0.01,13,17527,卖盘,2017-07-03,2017-07-03 10:03:12
10:03:15,10:03:15,12.86,0.01,17,21862,买盘,2017-07-03,2017-07-03 10:03:15
10:03:24,10:03:24,12.85,-0.01,20,25700,中性盘,2017-07-03,2017-07-03 10:03:24
10:03:27,10:03:27,12.85,--,1,1285,买盘,2017-07-03,2017-07-03 10:03:27
10:03:30,10:03:30,12.85,--,3,3855,买盘,2017-07-03,2017-07-03 10:03:30
10:03:33,10:03:33,12.85,--,40,51400,买盘,2017-07-03,2017-07-03 10:03:33
10:03:36,10:03:36,12.85,--,6,7710,买盘,2017-07-03,2017-07-03 10:03:36
10:03:39,10:03:39,12.85,--,3,3855,卖盘,2017-07-03,2017-07-03 10:03:39
10:03:45,10:03:45,12.85,--,12,15420,卖盘,2017-07-03,2017-07-03 10:03:45
10:03:54,10:03:54,12.86,0.01,2,2572,买盘,2017-07-03,2017-07-03 10:03:54
10:03:57,10:03:57,12.86,--,8,10288,买盘,2017-07-03,2017-07-03 10:03:57
10:04:00,10:04:00,12.85,-0.01,114,146490,卖盘,2017-07-03,2017-07-03 10:04:00
10:04:09,10:04:09,12.85,--,5,6425,买盘,2017-07-03,2017-07-03 10:04:09
10:04:21,10:04:21,12.84,-0.01,29,37236,卖盘,2017-07-03,2017-07-03 10:04:21
10:04:24,10:04:24,12.85,0.01,13,16705,买盘,2017-07-03,2017-07-03 10:04:24
10:04:30,10:04:30,12.84,-0.01,10,12840,卖盘,2017-07-03,2017-07-03 10:04:30
10:04:36,10:04:36,12.85,0.01,2,2570,买盘,2017-07-03,2017-07-03 10:04:36
10:04:39,10:04:39,12.85,--,20,25700,买盘,2017-07-03,2017-07-03 10:04:39
10:04:42,10:04:42,12.84,-0.01,9,11556,卖盘,2017-07-03,2017-07-03 10:04:42
10:04:45,10:04:45,12.84,--,57,73188,卖盘,2017-07-03,2017-07-03 10:04:45
10:04:48,10:04:48,12.83,-0.01,41,52603,卖盘,2017-07-03,2017-07-03 10:04:48
10:04:51,10:04:51,12.85,0.02,24,30840,买盘,2017-07-03,2017-07-03 10:04:51
10:04:57,10:04:57,12.85,--,207,265995,买盘,2017-07-03,2017-07-03 10:04:57
10:05:00,10:05:00,12.85,--,5,6425,买盘,2017-07-03,2017-07-03 10:05:00
10:05:06,10:05:06,12.84,-0.01,22,28248,中性盘,2017-07-03,2017-07-03 10:05:06
10:05:09,10:05:09,12.86,0.02,13,16718,买盘,2017-07-03,2017-07-03 10:05:09
10:05:12,10:05:12,12.84,-0.02,17,21828,卖盘,2017-07-03,2017-07-03 10:05:12
10:05:15,10:05:15,12.84,--,18,23112,卖盘,2017-07-03,2017-07-03 10:05:15
10:05:18,10:05:18,12.86,0.02,3,3858,买盘,2017-07-03,2017-07-03 10:05:18
10:05:24,10:05:24,12.85,-0.01,98,125930,卖盘,2017-07-03,2017-07-03 10:05:24
10:05:27,10:05:27,12.86,0.01,101,130348,买盘,2017-07-03,2017-07-03 10:05:27
10:05:30,10:05:30,12.86,--,10,12860,卖盘,2017-07-03,2017-07-03 10:05:30
10:05:33,10:05:33,12.86,--,46,59156,卖盘,2017-07-03,2017-07-03 10:05:33
10:05:36,10:05:36,12.87,0.01,10,12870,买盘,2017-07-03,2017-07-03 10:05:36
10:05:42,10:05:42,12.87,--,106,136422,买盘,2017-07-03,2017-07-03 10:05:42
10:05:48,10:05:48,12.86,-0.01,40,51440,卖盘,2017-07-03,2017-07-03 10:05:48
10:05:51,10:05:51,12.87,0.01,25,32174,中性盘,2017-07-03,2017-07-03 10:05:51
10:05:57,10:05:57,12.87,--,34,43758,中性盘,2017-07-03,2017-07-03 10:05:57
10:06:03,10:06:03,12.87,--,66,84942,买盘,2017-07-03,2017-07-03 10:06:03
10:06:06,10:06:06,12.87,--,22,28314,买盘,2017-07-03,2017-07-03 10:06:06
10:06:09,10:06:09,12.86,-0.01,13,16718,卖盘,2017-07-03,2017-07-03 10:06:09
10:06:15,10:06:15,12.86,--,23,29578,卖盘,2017-07-03,2017-07-03 10:06:15
10:06:18,10:06:18,12.86,--,12,15432,卖盘,2017-07-03,2017-07-03 10:06:18
10:06:21,10:06:21,12.87,0.01,33,42471,买盘,2017-07-03,2017-07-03 10:06:21
10:06:24,10:06:24,12.86,-0.01,30,38580,卖盘,2017-07-03,2017-07-03 10:06:24
10:06:30,10:06:30,12.87,0.01,412,530244,买盘,2017-07-03,2017-07-03 10:06:30
10:06:33,10:06:33,12.86,-0.01,38,48868,中性盘,2017-07-03,2017-07-03 10:06:33
10:06:36,10:06:36,12.86,--,18,23148,买盘,2017-07-03,2017-07-03 10:06:36
10:06:42,10:06:42,12.85,-0.01,10,12850,卖盘,2017-07-03,2017-07-03 10:06:42
10:06:48,10:06:48,12.85,--,5,6425,卖盘,2017-07-03,2017-07-03 10:06:48
10:06:51,10:06:51,12.85,--,51,65535,卖盘,2017-07-03,2017-07-03 10:06:51
10:06:54,10:06:54,12.86,0.01,27,34722,买盘,2017-07-03,2017-07-03 10:06:54
10:06:57,10:06:57,12.86,--,1,1286,买盘,2017-07-03,2017-07-03 10:06:57
10:07:00,10:07:00,12.85,-0.01,2,2570,卖盘,2017-07-03,2017-07-03 10:07:00
10:07:03,10:07:03,12.86,0.01,7,9002,买盘,2017-07-03,2017-07-03 10:07:03
10:07:06,10:07:06,12.86,--,11,14146,买盘,2017-07-03,2017-07-03 10:07:06
10:07:09,10:07:09,12.86,--,110,141460,买盘,2017-07-03,2017-07-03 10:07:09
10:07:15,10:07:15,12.85,-0.01,11,14135,卖盘,2017-07-03,2017-07-03 10:07:15
10:07:24,10:07:24,12.85,--,14,18812,卖盘,2017-07-03,2017-07-03 10:07:24
10:07:33,10:07:33,12.85,--,7,8995,买盘,2017-07-03,2017-07-03 10:07:33
10:07:39,10:07:39,12.85,--,2,2570,买盘,2017-07-03,2017-07-03 10:07:39
10:07:45,10:07:45,12.84,-0.01,110,141240,卖盘,2017-07-03,2017-07-03 10:07:45
10:07:51,10:07:51,12.83,-0.01,67,85961,卖盘,2017-07-03,2017-07-03 10:07:51
10:07:57,10:07:57,12.83,--,15,19245,卖盘,2017-07-03,2017-07-03 10:07:57
10:08:00,10:08:00,12.83,--,16,20528,卖盘,2017-07-03,2017-07-03 10:08:00
10:08:12,10:08:12,12.84,0.01,8,10272,买盘,2017-07-03,2017-07-03 10:08:12
10:08:15,10:08:15,12.84,--,12,15408,买盘,2017-07-03,2017-07-03 10:08:15
10:08:18,10:08:18,12.83,-0.01,15,19245,卖盘,2017-07-03,2017-07-03 10:08:18
10:08:21,10:08:21,12.83,--,1,1283,卖盘,2017-07-03,2017-07-03 10:08:21
10:08:24,10:08:24,12.83,--,108,138564,卖盘,2017-07-03,2017-07-03 10:08:24
10:08:33,10:08:33,12.83,--,1,1283,买盘,2017-07-03,2017-07-03 10:08:33
10:08:39,10:08:39,12.83,--,71,91093,买盘,2017-07-03,2017-07-03 10:08:39
10:08:42,10:08:42,12.82,-0.01,6,7692,卖盘,2017-07-03,2017-07-03 10:08:42
10:08:48,10:08:48,12.82,--,15,19230,卖盘,2017-07-03,2017-07-03 10:08:48
10:08:51,10:08:51,12.82,--,36,46152,卖盘,2017-07-03,2017-07-03 10:08:51
10:08:54,10:08:54,12.82,--,5,6410,买盘,2017-07-03,2017-07-03 10:08:54
10:08:57,10:08:57,12.81,-0.01,14,17934,卖盘,2017-07-03,2017-07-03 10:08:57
10:09:03,10:09:03,12.82,0.01,3,3846,买盘,2017-07-03,2017-07-03 10:09:03
10:09:06,10:09:06,12.81,-0.01,40,51240,卖盘,2017-07-03,2017-07-03 10:09:06
10:09:12,10:09:12,12.83,0.02,10,12830,买盘,2017-07-03,2017-07-03 10:09:12
10:09:15,10:09:15,12.82,-0.01,10,12820,卖盘,2017-07-03,2017-07-03 10:09:15
10:09:18,10:09:18,12.82,--,1,1282,卖盘,2017-07-03,2017-07-03 10:09:18
10:09:24,10:09:24,12.82,--,3,3846,卖盘,2017-07-03,2017-07-03 10:09:24
10:09:27,10:09:27,12.82,--,15,19230,买盘,2017-07-03,2017-07-03 10:09:27
10:09:30,10:09:30,12.83,0.01,66,85139,买盘,2017-07-03,2017-07-03 10:09:30
10:09:36,10:09:36,12.83,--,1,1283,卖盘,2017-07-03,2017-07-03 10:09:36
10:09:51,10:09:51,12.83,--,30,39311,卖盘,2017-07-03,2017-07-03 10:09:51
10:09:54,10:09:54,12.84,0.01,9,11556,买盘,2017-07-03,2017-07-03 10:09:54
10:10:00,10:10:00,12.83,-0.01,5,6415,卖盘,2017-07-03,2017-07-03 10:10:00
10:10:03,10:10:03,12.84,0.01,2,2568,买盘,2017-07-03,2017-07-03 10:10:03
10:10:06,10:10:06,12.84,--,60,77040,买盘,2017-07-03,2017-07-03 10:10:06
10:10:09,10:10:09,12.83,-0.01,68,87244,卖盘,2017-07-03,2017-07-03 10:10:09
10:10:15,10:10:15,12.83,--,77,98791,买盘,2017-07-03,2017-07-03 10:10:15
10:10:18,10:10:18,12.84,0.01,46,59064,买盘,2017-07-03,2017-07-03 10:10:18
10:10:21,10:10:21,12.84,--,16,20544,买盘,2017-07-03,2017-07-03 10:10:21
10:10:24,10:10:24,12.83,-0.01,80,102640,卖盘,2017-07-03,2017-07-03 10:10:24
10:10:27,10:10:27,12.83,--,49,62867,卖盘,2017-07-03,2017-07-03 10:10:27
10:10:30,10:10:30,12.82,-0.01,9,11538,卖盘,2017-07-03,2017-07-03 10:10:30
10:10:33,10:10:33,12.83,0.01,14,17962,买盘,2017-07-03,2017-07-03 10:10:33
10:10:36,10:10:36,12.83,--,16,20528,卖盘,2017-07-03,2017-07-03 10:10:36
10:10:39,10:10:39,12.83,--,2,2566,买盘,2017-07-03,2017-07-03 10:10:39
10:10:42,10:10:42,12.82,-0.01,2,2564,卖盘,2017-07-03,2017-07-03 10:10:42
10:10:45,10:10:45,12.83,0.01,10,12830,买盘,2017-07-03,2017-07-03 10:10:45
10:10:48,10:10:48,12.83,--,48,61584,买盘,2017-07-03,2017-07-03 10:10:48
10:10:51,10:10:51,12.83,--,103,132149,买盘,2017-07-03,2017-07-03 10:10:51
10:10:54,10:10:54,12.83,--,10,12830,买盘,2017-07-03,2017-07-03 10:10:54
10:10:57,10:10:57,12.82,-0.01,97,124354,卖盘,2017-07-03,2017-07-03 10:10:57
10:11:00,10:11:00,12.83,0.01,3,3849,买盘,2017-07-03,2017-07-03 10:11:00
10:11:09,10:11:09,12.83,--,5,6415,买盘,2017-07-03,2017-07-03 10:11:09
10:11:12,10:11:12,12.82,-0.01,23,29486,卖盘,2017-07-03,2017-07-03 10:11:12
10:11:15,10:11:15,12.82,--,10,12820,卖盘,2017-07-03,2017-07-03 10:11:15
10:11:18,10:11:18,12.82,--,5,6410,卖盘,2017-07-03,2017-07-03 10:11:18
10:11:27,10:11:27,12.82,--,6,7692,买盘,2017-07-03,2017-07-03 10:11:27
10:11:30,10:11:30,12.81,-0.01,8,10248,卖盘,2017-07-03,2017-07-03 10:11:30
10:11:33,10:11:33,12.83,0.02,50,64150,买盘,2017-07-03,2017-07-03 10:11:33
10:11:36,10:11:36,12.81,-0.02,104,133224,卖盘,2017-07-03,2017-07-03 10:11:36
10:11:42,10:11:42,12.8,-0.01,5,6400,卖盘,2017-07-03,2017-07-03 10:11:42
10:11:45,10:11:45,12.81,0.01,3,3843,买盘,2017-07-03,2017-07-03 10:11:45
10:11:51,10:11:51,12.82,0.01,25,32050,买盘,2017-07-03,2017-07-03 10:11:51
10:11:54,10:11:54,12.81,-0.01,5,6405,卖盘,2017-07-03,2017-07-03 10:11:54
10:11:57,10:11:57,12.81,--,44,56364,卖盘,2017-07-03,2017-07-03 10:11:57
10:12:00,10:12:00,12.81,--,6,7686,买盘,2017-07-03,2017-07-03 10:12:00
10:12:03,10:12:03,12.81,--,1,1281,卖盘,2017-07-03,2017-07-03 10:12:03
10:12:06,10:12:06,12.82,0.01,5,6410,买盘,2017-07-03,2017-07-03 10:12:06
10:12:12,10:12:12,12.81,-0.01,40,51240,卖盘,2017-07-03,2017-07-03 10:12:12
10:12:18,10:12:18,12.81,--,5,6405,卖盘,2017-07-03,2017-07-03 10:12:18
10:12:21,10:12:21,12.81,--,2,2562,卖盘,2017-07-03,2017-07-03 10:12:21
10:12:24,10:12:24,12.82,0.01,1,1282,买盘,2017-07-03,2017-07-03 10:12:24
10:12:27,10:12:27,12.81,-0.01,20,25620,卖盘,2017-07-03,2017-07-03 10:12:27
10:12:30,10:12:30,12.82,0.01,9,11538,买盘,2017-07-03,2017-07-03 10:12:30
10:12:33,10:12:33,12.81,-0.01,13,16653,卖盘,2017-07-03,2017-07-03 10:12:33
10:12:36,10:12:36,12.82,0.01,73,93586,买盘,2017-07-03,2017-07-03 10:12:36
10:12:39,10:12:39,12.83,0.01,9,11547,买盘,2017-07-03,2017-07-03 10:12:39
10:12:42,10:12:42,12.81,-0.02,23,29463,卖盘,2017-07-03,2017-07-03 10:12:42
10:12:45,10:12:45,12.81,--,47,60207,卖盘,2017-07-03,2017-07-03 10:12:45
10:12:48,10:12:48,12.81,--,32,40992,买盘,2017-07-03,2017-07-03 10:12:48
10:12:51,10:12:51,12.81,--,3,3843,卖盘,2017-07-03,2017-07-03 10:12:51
10:12:57,10:12:57,12.81,--,25,32025,买盘,2017-07-03,2017-07-03 10:12:57
10:13:00,10:13:00,12.82,0.01,17,21794,买盘,2017-07-03,2017-07-03 10:13:00
10:13:06,10:13:06,12.82,--,3,3846,卖盘,2017-07-03,2017-07-03 10:13:06
10:13:15,10:13:15,12.82,--,31,39742,卖盘,2017-07-03,2017-07-03 10:13:15
10:13:18,10:13:18,12.82,--,1,1282,卖盘,2017-07-03,2017-07-03 10:13:18
10:13:21,10:13:21,12.82,--,10,12820,卖盘,2017-07-03,2017-07-03 10:13:21
10:13:24,10:13:24,12.83,0.01,10,12830,买盘,2017-07-03,2017-07-03 10:13:24
10:13:27,10:13:27,12.8,-0.03,220,281600,卖盘,2017-07-03,2017-07-03 10:13:27
10:13:42,10:13:42,12.81,0.01,24,30744,中性盘,2017-07-03,2017-07-03 10:13:42
10:13:48,10:13:48,12.81,--,8,10248,买盘,2017-07-03,2017-07-03 10:13:48
10:13:51,10:13:51,12.8,-0.01,5,6860,卖盘,2017-07-03,2017-07-03 10:13:51
10:13:54,10:13:54,12.81,0.01,15,19215,买盘,2017-07-03,2017-07-03 10:13:54
10:14:00,10:14:00,12.81,--,26,33306,买盘,2017-07-03,2017-07-03 10:14:00
10:14:03,10:14:03,12.8,-0.01,25,32000,卖盘,2017-07-03,2017-07-03 10:14:03
10:14:09,10:14:09,12.8,--,23,29440,卖盘,2017-07-03,2017-07-03 10:14:09
10:14:12,10:14:12,12.8,--,37,47360,卖盘,2017-07-03,2017-07-03 10:14:12
10:14:15,10:14:15,12.8,--,30,38400,卖盘,2017-07-03,2017-07-03 10:14:15
10:14:18,10:14:18,12.8,--,7,8960,卖盘,2017-07-03,2017-07-03 10:14:18
10:14:21,10:14:21,12.8,--,1,1280,卖盘,2017-07-03,2017-07-03 10:14:21
10:14:24,10:14:24,12.8,--,1,1280,卖盘,2017-07-03,2017-07-03 10:14:24
10:14:30,10:14:30,12.8,--,25,32000,卖盘,2017-07-03,2017-07-03 10:14:30
10:14:36,10:14:36,12.8,--,10,12800,卖盘,2017-07-03,2017-07-03 10:14:36
10:14:39,10:14:39,12.8,--,1,1280,卖盘,2017-07-03,2017-07-03 10:14:39
10:14:42,10:14:42,12.8,--,111,142080,卖盘,2017-07-03,2017-07-03 10:14:42
10:14:45,10:14:45,12.8,--,9,11520,卖盘,2017-07-03,2017-07-03 10:14:45
10:14:48,10:14:48,12.81,0.01,8,10248,买盘,2017-07-03,2017-07-03 10:14:48
10:14:51,10:14:51,12.79,-0.02,346,443352,卖盘,2017-07-03,2017-07-03 10:14:51
10:14:54,10:14:54,12.8,0.01,1,1280,买盘,2017-07-03,2017-07-03 10:14:54
10:15:03,10:15:03,12.79,-0.01,1,1279,卖盘,2017-07-03,2017-07-03 10:15:03
10:15:09,10:15:09,12.79,--,12,15347,卖盘,2017-07-03,2017-07-03 10:15:09
10:15:12,10:15:12,12.79,--,78,99762,卖盘,2017-07-03,2017-07-03 10:15:12
10:15:15,10:15:15,12.79,--,7,8953,买盘,2017-07-03,2017-07-03 10:15:15
10:15:30,10:15:30,12.78,-0.01,9,11502,卖盘,2017-07-03,2017-07-03 10:15:30
10:15:33,10:15:33,12.78,--,55,70750,卖盘,2017-07-03,2017-07-03 10:15:33
10:15:36,10:15:36,12.78,--,4,5112,卖盘,2017-07-03,2017-07-03 10:15:36
10:15:42,10:15:42,12.78,--,6,7668,卖盘,2017-07-03,2017-07-03 10:15:42
10:15:45,10:15:45,12.79,0.01,215,275803,买盘,2017-07-03,2017-07-03 10:15:45
10:15:54,10:15:54,12.77,-0.02,23,29371,卖盘,2017-07-03,2017-07-03 10:15:54
10:16:00,10:16:00,12.78,0.01,11,14058,买盘,2017-07-03,2017-07-03 10:16:00
10:16:03,10:16:03,12.79,0.01,16,20464,买盘,2017-07-03,2017-07-03 10:16:03
10:16:09,10:16:09,12.78,-0.01,1,1278,卖盘,2017-07-03,2017-07-03 10:16:09
10:16:12,10:16:12,12.78,--,8,10224,卖盘,2017-07-03,2017-07-03 10:16:12
10:16:15,10:16:15,12.79,0.01,20,25580,买盘,2017-07-03,2017-07-03 10:16:15
10:16:18,10:16:18,12.78,-0.01,57,72846,卖盘,2017-07-03,2017-07-03 10:16:18
10:16:21,10:16:21,12.78,--,2,2556,买盘,2017-07-03,2017-07-03 10:16:21
10:16:24,10:16:24,12.79,0.01,285,364975,买盘,2017-07-03,2017-07-03 10:16:24
10:16:27,10:16:27,12.79,--,89,113830,卖盘,2017-07-03,2017-07-03 10:16:27
10:16:33,10:16:33,12.8,0.01,82,104960,买盘,2017-07-03,2017-07-03 10:16:33
10:16:36,10:16:36,12.79,-0.01,7,8953,中性盘,2017-07-03,2017-07-03 10:16:36
10:16:45,10:16:45,12.8,0.01,17,21760,买盘,2017-07-03,2017-07-03 10:16:45
10:16:54,10:16:54,12.79,-0.01,1,1279,卖盘,2017-07-03,2017-07-03 10:16:54
10:16:57,10:16:57,12.8,0.01,31,39680,买盘,2017-07-03,2017-07-03 10:16:57
10:17:00,10:17:00,12.8,--,2,2560,买盘,2017-07-03,2017-07-03 10:17:00
10:17:03,10:17:03,12.79,-0.01,12,15347,卖盘,2017-07-03,2017-07-03 10:17:03
10:17:06,10:17:06,12.79,--,1,1279,卖盘,2017-07-03,2017-07-03 10:17:06
10:17:09,10:17:09,12.8,0.01,28,35840,买盘,2017-07-03,2017-07-03 10:17:09
10:17:12,10:17:12,12.79,-0.01,112,143248,卖盘,2017-07-03,2017-07-03 10:17:12
10:17:15,10:17:15,12.79,--,5,6395,买盘,2017-07-03,2017-07-03 10:17:15
10:17:18,10:17:18,12.78,-0.01,22,28116,卖盘,2017-07-03,2017-07-03 10:17:18
10:17:21,10:17:21,12.78,--,34,43452,卖盘,2017-07-03,2017-07-03 10:17:21
10:17:24,10:17:24,12.8,0.02,117,149760,买盘,2017-07-03,2017-07-03 10:17:24
10:17:27,10:17:27,12.78,-0.02,1,1278,卖盘,2017-07-03,2017-07-03 10:17:27
10:17:33,10:17:33,12.79,0.01,26,33254,中性盘,2017-07-03,2017-07-03 10:17:33
10:17:36,10:17:36,12.79,--,1,1279,卖盘,2017-07-03,2017-07-03 10:17:36
10:17:42,10:17:42,12.8,0.01,64,81920,买盘,2017-07-03,2017-07-03 10:17:42
10:17:45,10:17:45,12.8,--,12,15360,卖盘,2017-07-03,2017-07-03 10:17:45
10:17:57,10:17:57,12.8,--,5,6400,卖盘,2017-07-03,2017-07-03 10:17:57
10:18:12,10:18:12,12.82,0.02,41,52562,买盘,2017-07-03,2017-07-03 10:18:12
10:18:15,10:18:15,12.82,--,42,53844,买盘,2017-07-03,2017-07-03 10:18:15
10:18:33,10:18:33,12.81,-0.01,2,2562,中性盘,2017-07-03,2017-07-03 10:18:33
10:18:36,10:18:36,12.82,0.01,6,7692,买盘,2017-07-03,2017-07-03 10:18:36
10:18:51,10:18:51,12.81,-0.01,20,25620,卖盘,2017-07-03,2017-07-03 10:18:51
10:18:54,10:18:54,12.81,--,2,2562,卖盘,2017-07-03,2017-07-03 10:18:54
10:18:57,10:18:57,12.81,--,6,7686,买盘,2017-07-03,2017-07-03 10:18:57
10:19:03,10:19:03,12.81,--,13,16653,卖盘,2017-07-03,2017-07-03 10:19:03
10:19:12,10:19:12,12.81,--,30,38430,卖盘,2017-07-03,2017-07-03 10:19:12
10:19:15,10:19:15,12.81,--,10,12810,买盘,2017-07-03,2017-07-03 10:19:15
10:19:18,10:19:18,12.81,--,3,3843,卖盘,2017-07-03,2017-07-03 10:19:18
10:19:21,10:19:21,12.82,0.01,30,38460,买盘,2017-07-03,2017-07-03 10:19:21
10:19:27,10:19:27,12.83,0.01,1,1283,买盘,2017-07-03,2017-07-03 10:19:27
10:19:33,10:19:33,12.82,-0.01,12,15384,卖盘,2017-07-03,2017-07-03 10:19:33
10:19:45,10:19:45,12.83,0.01,6,7698,买盘,2017-07-03,2017-07-03 10:19:45
10:19:51,10:19:51,12.83,--,5,6415,买盘,2017-07-03,2017-07-03 10:19:51
10:19:54,10:19:54,12.82,-0.01,29,37178,卖盘,2017-07-03,2017-07-03 10:19:54
10:19:57,10:19:57,12.83,0.01,50,64150,买盘,2017-07-03,2017-07-03 10:19:57
10:20:00,10:20:00,12.83,--,43,55169,买盘,2017-07-03,2017-07-03 10:20:00
10:20:09,10:20:09,12.83,--,10,12830,卖盘,2017-07-03,2017-07-03 10:20:09
10:20:12,10:20:12,12.84,0.01,14,17976,买盘,2017-07-03,2017-07-03 10:20:12
10:20:15,10:20:15,12.84,--,20,25680,买盘,2017-07-03,2017-07-03 10:20:15
10:20:18,10:20:18,12.83,-0.01,2,2566,卖盘,2017-07-03,2017-07-03 10:20:18
10:20:21,10:20:21,12.84,0.01,7,8988,买盘,2017-07-03,2017-07-03 10:20:21
10:20:27,10:20:27,12.84,--,30,38520,买盘,2017-07-03,2017-07-03 10:20:27
10:20:30,10:20:30,12.84,--,10,12840,买盘,2017-07-03,2017-07-03 10:20:30
10:20:39,10:20:39,12.84,--,33,42372,卖盘,2017-07-03,2017-07-03 10:20:39
10:20:45,10:20:45,12.85,0.01,72,92520,买盘,2017-07-03,2017-07-03 10:20:45
10:20:54,10:20:54,12.85,--,56,71960,买盘,2017-07-03,2017-07-03 10:20:54
10:21:00,10:21:00,12.85,--,75,96375,买盘,2017-07-03,2017-07-03 10:21:00
10:21:09,10:21:09,12.86,0.01,1,1286,买盘,2017-07-03,2017-07-03 10:21:09
10:21:12,10:21:12,12.85,-0.01,3,3855,卖盘,2017-07-03,2017-07-03 10:21:12
10:21:15,10:21:15,12.86,0.01,33,42438,买盘,2017-07-03,2017-07-03 10:21:15
10:21:18,10:21:18,12.86,--,5,6430,买盘,2017-07-03,2017-07-03 10:21:18
10:21:24,10:21:24,12.86,--,5,6430,买盘,2017-07-03,2017-07-03 10:21:24
10:21:27,10:21:27,12.85,-0.01,3,3855,卖盘,2017-07-03,2017-07-03 10:21:27
10:21:36,10:21:36,12.85,--,20,25700,卖盘,2017-07-03,2017-07-03 10:21:36
10:21:42,10:21:42,12.85,--,25,32125,卖盘,2017-07-03,2017-07-03 10:21:42
10:21:45,10:21:45,12.85,--,8,10280,卖盘,2017-07-03,2017-07-03 10:21:45
10:21:48,10:21:48,12.86,0.01,31,39866,买盘,2017-07-03,2017-07-03 10:21:48
10:21:51,10:21:51,12.85,-0.01,29,37265,卖盘,2017-07-03,2017-07-03 10:21:51
10:21:57,10:21:57,12.86,0.01,32,41152,中性盘,2017-07-03,2017-07-03 10:21:57
10:22:00,10:22:00,12.87,0.01,6,7721,买盘,2017-07-03,2017-07-03 10:22:00
10:22:06,10:22:06,12.86,-0.01,17,21862,卖盘,2017-07-03,2017-07-03 10:22:06
10:22:09,10:22:09,12.86,--,11,14146,卖盘,2017-07-03,2017-07-03 10:22:09
10:22:12,10:22:12,12.86,--,7,9002,买盘,2017-07-03,2017-07-03 10:22:12
10:22:18,10:22:18,12.86,--,3,3858,卖盘,2017-07-03,2017-07-03 10:22:18
10:22:24,10:22:24,12.87,0.01,58,74646,买盘,2017-07-03,2017-07-03 10:22:24
10:22:27,10:22:27,12.87,--,4,5148,买盘,2017-07-03,2017-07-03 10:22:27
10:22:30,10:22:30,12.86,-0.01,73,93878,卖盘,2017-07-03,2017-07-03 10:22:30
10:22:33,10:22:33,12.85,-0.01,14,17990,卖盘,2017-07-03,2017-07-03 10:22:33
10:22:36,10:22:36,12.86,0.01,14,18004,买盘,2017-07-03,2017-07-03 10:22:36
10:22:39,10:22:39,12.86,--,16,20576,买盘,2017-07-03,2017-07-03 10:22:39
10:22:48,10:22:48,12.85,-0.01,12,15420,卖盘,2017-07-03,2017-07-03 10:22:48
10:22:51,10:22:51,12.86,0.01,1,1286,买盘,2017-07-03,2017-07-03 10:22:51
10:22:54,10:22:54,12.86,--,1,1286,买盘,2017-07-03,2017-07-03 10:22:54
10:22:57,10:22:57,12.85,-0.01,10,12850,卖盘,2017-07-03,2017-07-03 10:22:57
10:23:00,10:23:00,12.86,0.01,42,54012,买盘,2017-07-03,2017-07-03 10:23:00
10:23:06,10:23:06,12.86,--,20,25720,买盘,2017-07-03,2017-07-03 10:23:06
10:23:09,10:23:09,12.85,-0.01,1,1285,卖盘,2017-07-03,2017-07-03 10:23:09
10:23:12,10:23:12,12.86,0.01,4,5144,买盘,2017-07-03,2017-07-03 10:23:12
10:23:18,10:23:18,12.86,--,53,68158,买盘,2017-07-03,2017-07-03 10:23:18
10:23:21,10:23:21,12.86,--,50,64300,买盘,2017-07-03,2017-07-03 10:23:21
10:23:24,10:23:24,12.86,--,20,25720,买盘,2017-07-03,2017-07-03 10:23:24
10:23:36,10:23:36,12.86,--,1,1286,买盘,2017-07-03,2017-07-03 10:23:36
10:23:39,10:23:39,12.85,-0.01,2,2570,卖盘,2017-07-03,2017-07-03 10:23:39
10:23:42,10:23:42,12.85,--,3,3855,卖盘,2017-07-03,2017-07-03 10:23:42
10:23:45,10:23:45,12.86,0.01,13,16718,买盘,2017-07-03,2017-07-03 10:23:45
10:23:51,10:23:51,12.86,--,1,1286,买盘,2017-07-03,2017-07-03 10:23:51
10:23:54,10:23:54,12.85,-0.01,188,241580,卖盘,2017-07-03,2017-07-03 10:23:54
10:24:00,10:24:00,12.85,--,1,1285,买盘,2017-07-03,2017-07-03 10:24:00
10:24:03,10:24:03,12.85,--,7,8995,买盘,2017-07-03,2017-07-03 10:24:03
10:24:06,10:24:06,12.85,--,7,8995,买盘,2017-07-03,2017-07-03 10:24:06
10:24:09,10:24:09,12.85,--,5,6425,买盘,2017-07-03,2017-07-03 10:24:09
10:24:21,10:24:21,12.84,-0.01,26,33384,卖盘,2017-07-03,2017-07-03 10:24:21
10:24:24,10:24:24,12.84,--,21,26964,卖盘,2017-07-03,2017-07-03 10:24:24
10:24:27,10:24:27,12.84,--,30,38520,卖盘,2017-07-03,2017-07-03 10:24:27
10:24:30,10:24:30,12.84,--,12,15408,卖盘,2017-07-03,2017-07-03 10:24:30
10:24:33,10:24:33,12.85,0.01,10,12850,买盘,2017-07-03,2017-07-03 10:24:33
10:24:36,10:24:36,12.85,--,3,3855,买盘,2017-07-03,2017-07-03 10:24:36
10:24:39,10:24:39,12.84,-0.01,3,3852,卖盘,2017-07-03,2017-07-03 10:24:39
10:24:42,10:24:42,12.85,0.01,69,88665,买盘,2017-07-03,2017-07-03 10:24:42
10:24:45,10:24:45,12.84,-0.01,28,35952,卖盘,2017-07-03,2017-07-03 10:24:45
10:24:48,10:24:48,12.84,--,2,2568,卖盘,2017-07-03,2017-07-03 10:24:48
10:24:51,10:24:51,12.84,--,21,26964,卖盘,2017-07-03,2017-07-03 10:24:51
10:24:54,10:24:54,12.84,--,20,25680,卖盘,2017-07-03,2017-07-03 10:24:54
10:25:06,10:25:06,12.84,--,5,6420,卖盘,2017-07-03,2017-07-03 10:25:06
10:25:15,10:25:15,12.84,--,10,12840,卖盘,2017-07-03,2017-07-03 10:25:15
10:25:21,10:25:21,12.84,--,3,3852,卖盘,2017-07-03,2017-07-03 10:25:21
10:25:24,10:25:24,12.84,--,1,1284,卖盘,2017-07-03,2017-07-03 10:25:24
10:25:30,10:25:30,12.84,--,10,12840,卖盘,2017-07-03,2017-07-03 10:25:30
10:25:36,10:25:36,12.84,--,10,12840,买盘,2017-07-03,2017-07-03 10:25:36
10:25:42,10:25:42,12.82,-0.02,6,7692,卖盘,2017-07-03,2017-07-03 10:25:42
10:25:54,10:25:54,12.84,0.02,1,1284,买盘,2017-07-03,2017-07-03 10:25:54
10:26:09,10:26:09,12.85,0.01,138,177330,买盘,2017-07-03,2017-07-03 10:26:09
10:26:15,10:26:15,12.84,-0.01,3,3852,买盘,2017-07-03,2017-07-03 10:26:15
10:26:21,10:26:21,12.83,-0.01,5,6415,卖盘,2017-07-03,2017-07-03 10:26:21
10:26:24,10:26:24,12.84,0.01,12,15408,买盘,2017-07-03,2017-07-03 10:26:24
10:26:27,10:26:27,12.84,--,15,19260,卖盘,2017-07-03,2017-07-03 10:26:27
10:26:42,10:26:42,12.85,0.01,20,25700,买盘,2017-07-03,2017-07-03 10:26:42
10:26:45,10:26:45,12.84,-0.01,30,38520,卖盘,2017-07-03,2017-07-03 10:26:45
10:26:48,10:26:48,12.84,--,6,7704,买盘,2017-07-03,2017-07-03 10:26:48
10:27:09,10:27:09,12.84,--,8,10272,买盘,2017-07-03,2017-07-03 10:27:09
10:27:12,10:27:12,12.84,--,12,15408,买盘,2017-07-03,2017-07-03 10:27:12
10:27:15,10:27:15,12.84,--,23,29532,买盘,2017-07-03,2017-07-03 10:27:15
10:27:21,10:27:21,12.83,-0.01,2,2566,卖盘,2017-07-03,2017-07-03 10:27:21
10:27:24,10:27:24,12.84,0.01,7,8988,买盘,2017-07-03,2017-07-03 10:27:24
10:27:27,10:27:27,12.84,--,20,25680,买盘,2017-07-03,2017-07-03 10:27:27
10:27:36,10:27:36,12.84,--,4,5136,买盘,2017-07-03,2017-07-03 10:27:36
10:27:42,10:27:42,12.84,--,15,19260,买盘,2017-07-03,2017-07-03 10:27:42
10:27:45,10:27:45,12.84,--,4,5136,买盘,2017-07-03,2017-07-03 10:27:45
10:27:48,10:27:48,12.83,-0.01,14,17962,卖盘,2017-07-03,2017-07-03 10:27:48
10:27:51,10:27:51,12.83,--,3,3849,买盘,2017-07-03,2017-07-03 10:27:51
10:27:54,10:27:54,12.83,--,15,19245,买盘,2017-07-03,2017-07-03 10:27:54
10:27:57,10:27:57,12.83,--,6,7698,买盘,2017-07-03,2017-07-03 10:27:57
10:28:06,10:28:06,12.82,-0.01,3,3846,卖盘,2017-07-03,2017-07-03 10:28:06
10:28:12,10:28:12,12.82,--,17,21794,卖盘,2017-07-03,2017-07-03 10:28:12
10:28:24,10:28:24,12.82,--,8,10256,卖盘,2017-07-03,2017-07-03 10:28:24
10:28:39,10:28:39,12.83,0.01,14,17962,买盘,2017-07-03,2017-07-03 10:28:39
10:28:48,10:28:48,12.82,-0.01,10,12820,卖盘,2017-07-03,2017-07-03 10:28:48
10:28:54,10:28:54,12.82,--,2,2564,卖盘,2017-07-03,2017-07-03 10:28:54
10:28:57,10:28:57,12.83,0.01,17,21811,买盘,2017-07-03,2017-07-03 10:28:57
10:29:06,10:29:06,12.82,-0.01,6,7692,卖盘,2017-07-03,2017-07-03 10:29:06
10:29:09,10:29:09,12.83,0.01,4,5132,买盘,2017-07-03,2017-07-03 10:29:09
10:29:24,10:29:24,12.82,-0.01,128,164096,卖盘,2017-07-03,2017-07-03 10:29:24
10:29:33,10:29:33,12.83,0.01,10,12830,卖盘,2017-07-03,2017-07-03 10:29:33
10:29:39,10:29:39,12.83,--,38,48754,卖盘,2017-07-03,2017-07-03 10:29:39
10:29:42,10:29:42,12.83,--,6,7698,卖盘,2017-07-03,2017-07-03 10:29:42
10:29:45,10:29:45,12.83,--,3,3849,卖盘,2017-07-03,2017-07-03 10:29:45
10:29:51,10:29:51,12.83,--,22,28226,卖盘,2017-07-03,2017-07-03 10:29:51
10:29:57,10:29:57,12.83,--,10,12830,买盘,2017-07-03,2017-07-03 10:29:57
10:30:06,10:30:06,12.83,--,6,7698,买盘,2017-07-03,2017-07-03 10:30:06
10:30:12,10:30:12,12.83,--,2,2566,买盘,2017-07-03,2017-07-03 10:30:12
10:30:18,10:30:18,12.83,--,1,1283,买盘,2017-07-03,2017-07-03 10:30:18
10:30:24,10:30:24,12.83,--,11,14113,买盘,2017-07-03,2017-07-03 10:30:24
10:30:27,10:30:27,12.82,-0.01,14,17948,卖盘,2017-07-03,2017-07-03 10:30:27
10:30:33,10:30:33,12.83,0.01,3,3849,买盘,2017-07-03,2017-07-03 10:30:33
10:30:36,10:30:36,12.82,-0.01,10,12820,卖盘,2017-07-03,2017-07-03 10:30:36
10:30:48,10:30:48,12.82,--,38,48716,卖盘,2017-07-03,2017-07-03 10:30:48
10:30:51,10:30:51,12.82,--,5,6410,卖盘,2017-07-03,2017-07-03 10:30:51
10:31:00,10:31:00,12.82,--,7,8974,卖盘,2017-07-03,2017-07-03 10:31:00
10:31:06,10:31:06,12.83,0.01,10,12830,买盘,2017-07-03,2017-07-03 10:31:06
10:31:09,10:31:09,12.82,-0.01,26,33332,卖盘,2017-07-03,2017-07-03 10:31:09
10:31:12,10:31:12,12.83,0.01,20,25660,买盘,2017-07-03,2017-07-03 10:31:12
10:31:15,10:31:15,12.82,-0.01,10,12820,卖盘,2017-07-03,2017-07-03 10:31:15
10:31:18,10:31:18,12.82,--,5,6410,卖盘,2017-07-03,2017-07-03 10:31:18
10:31:21,10:31:21,12.82,--,39,49998,卖盘,2017-07-03,2017-07-03 10:31:21
10:31:30,10:31:30,12.82,--,70,89740,买盘,2017-07-03,2017-07-03 10:31:30
10:31:33,10:31:33,12.82,--,1,1282,买盘,2017-07-03,2017-07-03 10:31:33
10:31:39,10:31:39,12.82,--,60,76920,买盘,2017-07-03,2017-07-03 10:31:39
10:31:42,10:31:42,12.82,--,18,23076,买盘,2017-07-03,2017-07-03 10:31:42
10:31:54,10:31:54,12.81,-0.01,2,2562,卖盘,2017-07-03,2017-07-03 10:31:54
10:31:57,10:31:57,12.81,--,7,8967,卖盘,2017-07-03,2017-07-03 10:31:57
10:32:00,10:32:00,12.82,0.01,7,8974,买盘,2017-07-03,2017-07-03 10:32:00
10:32:03,10:32:03,12.82,--,5,6410,买盘,2017-07-03,2017-07-03 10:32:03
10:32:06,10:32:06,12.82,--,8,10256,买盘,2017-07-03,2017-07-03 10:32:06
10:32:12,10:32:12,12.81,-0.01,141,180621,卖盘,2017-07-03,2017-07-03 10:32:12
10:32:18,10:32:18,12.81,--,18,23058,买盘,2017-07-03,2017-07-03 10:32:18
10:32:21,10:32:21,12.81,--,6,7686,买盘,2017-07-03,2017-07-03 10:32:21
10:32:27,10:32:27,12.81,--,63,80703,买盘,2017-07-03,2017-07-03 10:32:27
10:32:39,10:32:39,12.81,--,5,6405,卖盘,2017-07-03,2017-07-03 10:32:39
10:32:45,10:32:45,12.82,0.01,17,21794,买盘,2017-07-03,2017-07-03 10:32:45
10:32:51,10:32:51,12.82,--,52,66664,买盘,2017-07-03,2017-07-03 10:32:51
10:32:57,10:32:57,12.82,--,4,5128,买盘,2017-07-03,2017-07-03 10:32:57
10:33:00,10:33:00,12.82,--,3,3846,卖盘,2017-07-03,2017-07-03 10:33:00
10:33:09,10:33:09,12.82,--,1,1282,卖盘,2017-07-03,2017-07-03 10:33:09
10:33:12,10:33:12,12.82,--,4,5128,卖盘,2017-07-03,2017-07-03 10:33:12
10:33:21,10:33:21,12.83,0.01,158,202714,买盘,2017-07-03,2017-07-03 10:33:21
10:33:24,10:33:24,12.83,--,13,16679,买盘,2017-07-03,2017-07-03 10:33:24
10:33:27,10:33:27,12.83,--,10,12830,买盘,2017-07-03,2017-07-03 10:33:27
10:33:30,10:33:30,12.83,--,21,26943,买盘,2017-07-03,2017-07-03 10:33:30
10:33:36,10:33:36,12.84,0.01,7,8988,买盘,2017-07-03,2017-07-03 10:33:36
10:33:45,10:33:45,12.84,--,7,8988,买盘,2017-07-03,2017-07-03 10:33:45
10:33:51,10:33:51,12.84,--,13,16692,买盘,2017-07-03,2017-07-03 10:33:51
10:33:54,10:33:54,12.84,--,10,12840,买盘,2017-07-03,2017-07-03 10:33:54
10:34:00,10:34:00,12.84,--,4,5136,买盘,2017-07-03,2017-07-03 10:34:00
10:34:06,10:34:06,12.83,-0.01,10,12830,卖盘,2017-07-03,2017-07-03 10:34:06
10:34:12,10:34:12,12.84,0.01,2,2568,买盘,2017-07-03,2017-07-03 10:34:12
10:34:18,10:34:18,12.84,--,20,25680,买盘,2017-07-03,2017-07-03 10:34:18
10:34:27,10:34:27,12.84,--,64,82176,买盘,2017-07-03,2017-07-03 10:34:27
10:34:30,10:34:30,12.84,--,25,32100,卖盘,2017-07-03,2017-07-03 10:34:30
10:34:33,10:34:33,12.84,--,20,25680,卖盘,2017-07-03,2017-07-03 10:34:33
10:34:36,10:34:36,12.85,0.01,31,39835,买盘,2017-07-03,2017-07-03 10:34:36
10:34:45,10:34:45,12.84,-0.01,2,2568,买盘,2017-07-03,2017-07-03 10:34:45
10:34:48,10:34:48,12.83,-0.01,1,1283,卖盘,2017-07-03,2017-07-03 10:34:48
10:35:00,10:35:00,12.84,0.01,4,5136,买盘,2017-07-03,2017-07-03 10:35:00
10:35:03,10:35:03,12.83,-0.01,4,5132,卖盘,2017-07-03,2017-07-03 10:35:03
10:35:24,10:35:24,12.83,--,8,10264,卖盘,2017-07-03,2017-07-03 10:35:24
10:35:30,10:35:30,12.84,0.01,2,2568,买盘,2017-07-03,2017-07-03 10:35:30
10:35:33,10:35:33,12.84,--,8,10272,中性盘,2017-07-03,2017-07-03 10:35:33
10:35:36,10:35:36,12.84,--,8,10272,卖盘,2017-07-03,2017-07-03 10:35:36
10:35:39,10:35:39,12.84,--,7,8988,卖盘,2017-07-03,2017-07-03 10:35:39
10:35:45,10:35:45,12.84,--,50,64200,卖盘,2017-07-03,2017-07-03 10:35:45
10:35:48,10:35:48,12.84,--,5,6420,卖盘,2017-07-03,2017-07-03 10:35:48
10:35:54,10:35:54,12.85,0.01,10,12850,买盘,2017-07-03,2017-07-03 10:35:54
10:35:57,10:35:57,12.85,--,3,3855,买盘,2017-07-03,2017-07-03 10:35:57
10:36:00,10:36:00,12.84,-0.01,1,1284,卖盘,2017-07-03,2017-07-03 10:36:00
10:36:09,10:36:09,12.84,--,1,1284,卖盘,2017-07-03,2017-07-03 10:36:09
10:36:12,10:36:12,12.85,0.01,15,19275,买盘,2017-07-03,2017-07-03 10:36:12
10:36:18,10:36:18,12.85,--,53,68105,买盘,2017-07-03,2017-07-03 10:36:18
10:36:24,10:36:24,12.85,--,6,7710,买盘,2017-07-03,2017-07-03 10:36:24
10:36:30,10:36:30,12.85,--,1,1285,卖盘,2017-07-03,2017-07-03 10:36:30
10:36:33,10:36:33,12.85,--,1,1285,卖盘,2017-07-03,2017-07-03 10:36:33
10:36:45,10:36:45,12.85,--,4,5140,卖盘,2017-07-03,2017-07-03 10:36:45
10:36:48,10:36:48,12.85,--,3,3855,卖盘,2017-07-03,2017-07-03 10:36:48
10:36:51,10:36:51,12.86,0.01,86,110596,买盘,2017-07-03,2017-07-03 10:36:51
10:36:57,10:36:57,12.86,--,5,6430,买盘,2017-07-03,2017-07-03 10:36:57
10:37:06,10:37:06,12.86,--,10,12860,买盘,2017-07-03,2017-07-03 10:37:06
10:37:09,10:37:09,12.86,--,10,12860,买盘,2017-07-03,2017-07-03 10:37:09
10:37:12,10:37:12,12.86,--,13,16718,买盘,2017-07-03,2017-07-03 10:37:12
10:37:15,10:37:15,12.86,--,11,14146,买盘,2017-07-03,2017-07-03 10:37:15
10:37:21,10:37:21,12.85,-0.01,40,51400,卖盘,2017-07-03,2017-07-03 10:37:21
10:37:24,10:37:24,12.86,0.01,10,12860,买盘,2017-07-03,2017-07-03 10:37:24
10:37:30,10:37:30,12.85,-0.01,43,55255,卖盘,2017-07-03,2017-07-03 10:37:30
10:37:33,10:37:33,12.85,--,12,15420,买盘,2017-07-03,2017-07-03 10:37:33
10:37:36,10:37:36,12.85,--,15,19275,买盘,2017-07-03,2017-07-03 10:37:36
10:37:39,10:37:39,12.85,--,6,7710,卖盘,2017-07-03,2017-07-03 10:37:39
10:37:42,10:37:42,12.85,--,23,29555,买盘,2017-07-03,2017-07-03 10:37:42
10:37:54,10:37:54,12.85,--,5,6425,卖盘,2017-07-03,2017-07-03 10:37:54
10:38:00,10:38:00,12.85,--,15,19275,卖盘,2017-07-03,2017-07-03 10:38:00
10:38:03,10:38:03,12.85,--,10,12850,卖盘,2017-07-03,2017-07-03 10:38:03
10:38:12,10:38:12,12.85,--,20,25700,卖盘,2017-07-03,2017-07-03 10:38:12
10:38:15,10:38:15,12.85,--,2,2570,卖盘,2017-07-03,2017-07-03 10:38:15
10:38:18,10:38:18,12.85,--,33,42405,卖盘,2017-07-03,2017-07-03 10:38:18
10:38:24,10:38:24,12.85,--,17,21845,卖盘,2017-07-03,2017-07-03 10:38:24
10:38:30,10:38:30,12.85,--,1,1285,中性盘,2017-07-03,2017-07-03 10:38:30
10:38:39,10:38:39,12.85,--,95,122075,买盘,2017-07-03,2017-07-03 10:38:39
10:38:42,10:38:42,12.85,--,20,25700,买盘,2017-07-03,2017-07-03 10:38:42
10:38:45,10:38:45,12.85,--,15,19275,买盘,2017-07-03,2017-07-03 10:38:45
10:38:48,10:38:48,12.84,-0.01,246,315864,卖盘,2017-07-03,2017-07-03 10:38:48
10:38:57,10:38:57,12.84,--,72,92448,卖盘,2017-07-03,2017-07-03 10:38:57
10:39:03,10:39:03,12.85,0.01,10,12850,中性盘,2017-07-03,2017-07-03 10:39:03
10:39:21,10:39:21,12.85,--,20,25700,买盘,2017-07-03,2017-07-03 10:39:21
10:39:24,10:39:24,12.85,--,149,191465,卖盘,2017-07-03,2017-07-03 10:39:24
10:39:27,10:39:27,12.85,--,19,24415,买盘,2017-07-03,2017-07-03 10:39:27
10:39:33,10:39:33,12.84,-0.01,151,193884,卖盘,2017-07-03,2017-07-03 10:39:33
10:39:36,10:39:36,12.85,0.01,26,33410,买盘,2017-07-03,2017-07-03 10:39:36
10:39:42,10:39:42,12.86,0.01,22,28292,买盘,2017-07-03,2017-07-03 10:39:42
10:39:51,10:39:51,12.86,--,55,70730,买盘,2017-07-03,2017-07-03 10:39:51
10:39:54,10:39:54,12.85,-0.01,1,1285,卖盘,2017-07-03,2017-07-03 10:39:54
10:39:57,10:39:57,12.86,0.01,4,5144,买盘,2017-07-03,2017-07-03 10:39:57
10:40:00,10:40:00,12.86,--,1,1286,买盘,2017-07-03,2017-07-03 10:40:00
10:40:03,10:40:03,12.86,--,8,10288,买盘,2017-07-03,2017-07-03 10:40:03
10:40:18,10:40:18,12.85,-0.01,4,5140,卖盘,2017-07-03,2017-07-03 10:40:18
10:40:21,10:40:21,12.86,0.01,48,61728,买盘,2017-07-03,2017-07-03 10:40:21
10:40:30,10:40:30,12.86,--,142,182612,买盘,2017-07-03,2017-07-03 10:40:30
10:40:39,10:40:39,12.87,0.01,8,10296,买盘,2017-07-03,2017-07-03 10:40:39
10:40:42,10:40:42,12.87,--,1,1287,买盘,2017-07-03,2017-07-03 10:40:42
10:40:45,10:40:45,12.87,--,102,131274,买盘,2017-07-03,2017-07-03 10:40:45
10:40:48,10:40:48,12.87,--,5,6435,买盘,2017-07-03,2017-07-03 10:40:48
10:40:51,10:40:51,12.9,0.03,2024,2610960,买盘,2017-07-03,2017-07-03 10:40:51
10:40:57,10:40:57,12.9,--,100,129000,买盘,2017-07-03,2017-07-03 10:40:57
10:41:00,10:41:00,12.9,--,30,38700,买盘,2017-07-03,2017-07-03 10:41:00
10:41:03,10:41:03,12.9,--,20,25800,买盘,2017-07-03,2017-07-03 10:41:03
10:41:06,10:41:06,12.9,--,98,126420,买盘,2017-07-03,2017-07-03 10:41:06
10:41:09,10:41:09,12.9,--,787,1015230,买盘,2017-07-03,2017-07-03 10:41:09
10:41:12,10:41:12,12.9,--,51,65790,卖盘,2017-07-03,2017-07-03 10:41:12
10:41:15,10:41:15,12.91,0.01,97,125227,卖盘,2017-07-03,2017-07-03 10:41:15
10:41:18,10:41:18,12.94,0.03,159,205746,买盘,2017-07-03,2017-07-03 10:41:18
10:41:21,10:41:21,12.96,0.02,230,298080,买盘,2017-07-03,2017-07-03 10:41:21
10:41:24,10:41:24,12.95,-0.01,89,115255,卖盘,2017-07-03,2017-07-03 10:41:24
10:41:27,10:41:27,12.98,0.03,165,214170,买盘,2017-07-03,2017-07-03 10:41:27
10:41:30,10:41:30,12.99,0.01,155,201345,买盘,2017-07-03,2017-07-03 10:41:30
10:41:33,10:41:33,12.99,--,316,410484,买盘,2017-07-03,2017-07-03 10:41:33
10:41:36,10:41:36,12.98,-0.01,697,904706,卖盘,2017-07-03,2017-07-03 10:41:36
10:41:39,10:41:39,13.03,0.05,116,151148,买盘,2017-07-03,2017-07-03 10:41:39
10:41:42,10:41:42,13.03,--,112,145936,卖盘,2017-07-03,2017-07-03 10:41:42
10:41:45,10:41:45,13.04,0.01,136,177344,买盘,2017-07-03,2017-07-03 10:41:45
10:41:48,10:41:48,13.08,0.04,712,931296,买盘,2017-07-03,2017-07-03 10:41:48
10:41:51,10:41:51,13.05,-0.03,115,150075,中性盘,2017-07-03,2017-07-03 10:41:51
10:41:54,10:41:54,13.05,--,305,398025,卖盘,2017-07-03,2017-07-03 10:41:54
10:41:57,10:41:57,13.08,0.03,270,353160,买盘,2017-07-03,2017-07-03 10:41:57
10:42:00,10:42:00,13.08,--,387,506196,买盘,2017-07-03,2017-07-03 10:42:00
10:42:03,10:42:03,13.05,-0.03,331,431955,卖盘,2017-07-03,2017-07-03 10:42:03
10:42:06,10:42:06,13.05,--,299,390195,买盘,2017-07-03,2017-07-03 10:42:06
10:42:09,10:42:09,13.05,--,282,368010,买盘,2017-07-03,2017-07-03 10:42:09
10:42:12,10:42:12,13.05,--,223,291015,买盘,2017-07-03,2017-07-03 10:42:12
10:42:15,10:42:15,13.03,-0.02,380,495140,卖盘,2017-07-03,2017-07-03 10:42:15
10:42:18,10:42:18,13.01,-0.02,225,292725,卖盘,2017-07-03,2017-07-03 10:42:18
10:42:21,10:42:21,13.01,--,221,287521,卖盘,2017-07-03,2017-07-03 10:42:21
10:42:24,10:42:24,13.01,--,301,391601,卖盘,2017-07-03,2017-07-03 10:42:24
10:42:27,10:42:27,13.0,-0.01,104,135200,卖盘,2017-07-03,2017-07-03 10:42:27
10:42:30,10:42:30,13.0,--,212,275600,买盘,2017-07-03,2017-07-03 10:42:30
10:42:33,10:42:33,13.01,0.01,251,326551,买盘,2017-07-03,2017-07-03 10:42:33
10:42:36,10:42:36,13.0,-0.01,204,265200,卖盘,2017-07-03,2017-07-03 10:42:36
10:42:39,10:42:39,13.02,0.02,166,216132,买盘,2017-07-03,2017-07-03 10:42:39
10:42:42,10:42:42,13.03,0.01,59,76877,买盘,2017-07-03,2017-07-03 10:42:42
10:42:45,10:42:45,13.02,-0.01,140,182280,卖盘,2017-07-03,2017-07-03 10:42:45
10:42:48,10:42:48,13.04,0.02,431,562024,买盘,2017-07-03,2017-07-03 10:42:48
10:42:51,10:42:51,13.04,--,343,447271,卖盘,2017-07-03,2017-07-03 10:42:51
10:42:54,10:42:54,13.08,0.04,268,350544,买盘,2017-07-03,2017-07-03 10:42:54
10:42:57,10:42:57,13.08,--,322,421176,买盘,2017-07-03,2017-07-03 10:42:57
10:43:00,10:43:00,13.08,--,775,1013700,买盘,2017-07-03,2017-07-03 10:43:00
10:43:03,10:43:03,13.07,-0.01,331,432617,中性盘,2017-07-03,2017-07-03 10:43:03
10:43:06,10:43:06,13.09,0.02,438,573342,买盘,2017-07-03,2017-07-03 10:43:06
10:43:09,10:43:09,13.1,0.01,383,502385,买盘,2017-07-03,2017-07-03 10:43:09
10:43:12,10:43:12,13.07,-0.03,217,284272,卖盘,2017-07-03,2017-07-03 10:43:12
10:43:15,10:43:15,13.09,0.02,230,301070,买盘,2017-07-03,2017-07-03 10:43:15
10:43:18,10:43:18,13.09,--,223,291907,买盘,2017-07-03,2017-07-03 10:43:18
10:43:21,10:43:21,13.08,-0.01,480,627840,买盘,2017-07-03,2017-07-03 10:43:21
10:43:24,10:43:24,13.07,-0.01,198,258786,卖盘,2017-07-03,2017-07-03 10:43:24
10:43:27,10:43:27,13.05,-0.02,195,254475,卖盘,2017-07-03,2017-07-03 10:43:27
10:43:30,10:43:30,13.05,--,310,404550,卖盘,2017-07-03,2017-07-03 10:43:30
10:43:33,10:43:33,13.03,-0.02,36,46908,卖盘,2017-07-03,2017-07-03 10:43:33
10:43:36,10:43:36,13.03,--,86,112058,卖盘,2017-07-03,2017-07-03 10:43:36
10:43:39,10:43:39,13.03,--,82,106846,卖盘,2017-07-03,2017-07-03 10:43:39
10:43:42,10:43:42,13.03,--,85,110755,买盘,2017-07-03,2017-07-03 10:43:42
10:43:45,10:43:45,13.05,0.02,137,178785,买盘,2017-07-03,2017-07-03 10:43:45
10:43:48,10:43:48,13.04,-0.01,67,87368,买盘,2017-07-03,2017-07-03 10:43:48
10:43:51,10:43:51,13.04,--,82,106928,买盘,2017-07-03,2017-07-03 10:43:51
10:43:54,10:43:54,13.04,--,241,314264,买盘,2017-07-03,2017-07-03 10:43:54
10:43:57,10:43:57,13.03,-0.01,233,303599,卖盘,2017-07-03,2017-07-03 10:43:57
10:44:00,10:44:00,13.04,0.01,113,147352,买盘,2017-07-03,2017-07-03 10:44:00
10:44:03,10:44:03,13.04,--,85,110840,买盘,2017-07-03,2017-07-03 10:44:03
10:44:06,10:44:06,13.04,--,179,233415,买盘,2017-07-03,2017-07-03 10:44:06
10:44:09,10:44:09,13.05,0.01,150,195750,买盘,2017-07-03,2017-07-03 10:44:09
10:44:12,10:44:12,13.04,-0.01,249,324696,卖盘,2017-07-03,2017-07-03 10:44:12
10:44:15,10:44:15,13.05,0.01,80,104400,中性盘,2017-07-03,2017-07-03 10:44:15
10:44:18,10:44:18,13.05,--,182,237510,卖盘,2017-07-03,2017-07-03 10:44:18
10:44:21,10:44:21,13.06,0.01,102,133212,买盘,2017-07-03,2017-07-03 10:44:21
10:44:24,10:44:24,13.06,--,283,369598,买盘,2017-07-03,2017-07-03 10:44:24
10:44:27,10:44:27,13.07,0.01,228,297996,买盘,2017-07-03,2017-07-03 10:44:27
10:44:30,10:44:30,13.06,-0.01,300,391800,中性盘,2017-07-03,2017-07-03 10:44:30
10:44:33,10:44:33,13.07,0.01,46,60122,买盘,2017-07-03,2017-07-03 10:44:33
10:44:36,10:44:36,13.06,-0.01,58,75748,卖盘,2017-07-03,2017-07-03 10:44:36
10:44:39,10:44:39,13.08,0.02,99,129492,买盘,2017-07-03,2017-07-03 10:44:39
10:44:42,10:44:42,13.07,-0.01,244,318908,卖盘,2017-07-03,2017-07-03 10:44:42
10:44:45,10:44:45,13.08,0.01,182,238056,买盘,2017-07-03,2017-07-03 10:44:45
10:44:48,10:44:48,13.07,-0.01,146,190822,卖盘,2017-07-03,2017-07-03 10:44:48
10:44:51,10:44:51,13.07,--,287,375109,卖盘,2017-07-03,2017-07-03 10:44:51
10:44:54,10:44:54,13.09,0.02,447,585123,买盘,2017-07-03,2017-07-03 10:44:54
10:44:57,10:44:57,13.09,--,325,425425,买盘,2017-07-03,2017-07-03 10:44:57
10:45:00,10:45:00,13.08,-0.01,246,321768,卖盘,2017-07-03,2017-07-03 10:45:00
10:45:03,10:45:03,13.08,--,407,532356,买盘,2017-07-03,2017-07-03 10:45:03
10:45:06,10:45:06,13.08,--,150,196200,卖盘,2017-07-03,2017-07-03 10:45:06
10:45:09,10:45:09,13.05,-0.03,420,548100,卖盘,2017-07-03,2017-07-03 10:45:09
10:45:12,10:45:12,13.05,--,174,227070,买盘,2017-07-03,2017-07-03 10:45:12
10:45:15,10:45:15,13.03,-0.02,208,271024,卖盘,2017-07-03,2017-07-03 10:45:15
10:45:18,10:45:18,13.04,0.01,177,230807,中性盘,2017-07-03,2017-07-03 10:45:18
10:45:21,10:45:21,13.04,--,53,69112,买盘,2017-07-03,2017-07-03 10:45:21
10:45:24,10:45:24,13.02,-0.02,226,294252,卖盘,2017-07-03,2017-07-03 10:45:24
10:45:27,10:45:27,13.03,0.01,541,704923,买盘,2017-07-03,2017-07-03 10:45:27
10:45:30,10:45:30,12.99,-0.04,358,465042,卖盘,2017-07-03,2017-07-03 10:45:30
10:45:33,10:45:33,12.96,-0.03,185,239760,卖盘,2017-07-03,2017-07-03 10:45:33
10:45:36,10:45:36,13.0,0.04,95,123500,买盘,2017-07-03,2017-07-03 10:45:36
10:45:39,10:45:39,13.0,--,50,65000,买盘,2017-07-03,2017-07-03 10:45:39
10:45:42,10:45:42,13.01,0.01,194,252394,买盘,2017-07-03,2017-07-03 10:45:42
10:45:45,10:45:45,13.0,-0.01,58,75400,卖盘,2017-07-03,2017-07-03 10:45:45
10:45:48,10:45:48,12.99,-0.01,281,365019,卖盘,2017-07-03,2017-07-03 10:45:48
10:45:51,10:45:51,13.0,0.01,25,32500,买盘,2017-07-03,2017-07-03 10:45:51
10:45:54,10:45:54,13.0,--,47,61100,买盘,2017-07-03,2017-07-03 10:45:54
10:45:57,10:45:57,13.01,0.01,176,228976,买盘,2017-07-03,2017-07-03 10:45:57
10:46:00,10:46:00,13.0,-0.01,67,87100,中性盘,2017-07-03,2017-07-03 10:46:00
10:46:03,10:46:03,13.01,0.01,82,106682,买盘,2017-07-03,2017-07-03 10:46:03
10:46:06,10:46:06,13.0,-0.01,66,85800,卖盘,2017-07-03,2017-07-03 10:46:06
10:46:09,10:46:09,13.0,--,112,145600,卖盘,2017-07-03,2017-07-03 10:46:09
10:46:12,10:46:12,13.0,--,142,184600,买盘,2017-07-03,2017-07-03 10:46:12
10:46:15,10:46:15,13.0,--,53,68900,买盘,2017-07-03,2017-07-03 10:46:15
10:46:18,10:46:18,13.0,--,112,145600,买盘,2017-07-03,2017-07-03 10:46:18
10:46:21,10:46:21,13.0,--,55,71500,买盘,2017-07-03,2017-07-03 10:46:21
10:46:24,10:46:24,12.99,-0.01,411,533889,卖盘,2017-07-03,2017-07-03 10:46:24
10:46:30,10:46:30,13.02,0.03,71,92442,买盘,2017-07-03,2017-07-03 10:46:30
10:46:33,10:46:33,13.0,-0.02,71,92300,卖盘,2017-07-03,2017-07-03 10:46:33
10:46:36,10:46:36,13.01,0.01,44,57244,买盘,2017-07-03,2017-07-03 10:46:36
10:46:39,10:46:39,13.01,--,3,3903,买盘,2017-07-03,2017-07-03 10:46:39
10:46:42,10:46:42,13.01,--,5,6505,卖盘,2017-07-03,2017-07-03 10:46:42
10:46:45,10:46:45,13.02,0.01,12,15624,买盘,2017-07-03,2017-07-03 10:46:45
10:46:48,10:46:48,13.02,--,16,20832,买盘,2017-07-03,2017-07-03 10:46:48
10:46:51,10:46:51,13.02,--,115,149730,卖盘,2017-07-03,2017-07-03 10:46:51
10:46:54,10:46:54,13.03,0.01,154,200662,买盘,2017-07-03,2017-07-03 10:46:54
10:46:57,10:46:57,13.03,--,9,11727,卖盘,2017-07-03,2017-07-03 10:46:57
10:47:00,10:47:00,13.04,0.01,124,161696,买盘,2017-07-03,2017-07-03 10:47:00
10:47:03,10:47:03,13.04,--,18,23472,买盘,2017-07-03,2017-07-03 10:47:03
10:47:06,10:47:06,13.04,--,136,177344,买盘,2017-07-03,2017-07-03 10:47:06
10:47:09,10:47:09,13.04,--,56,73024,买盘,2017-07-03,2017-07-03 10:47:09
10:47:12,10:47:12,13.05,0.01,179,233595,买盘,2017-07-03,2017-07-03 10:47:12
10:47:15,10:47:15,13.04,-0.01,32,41728,卖盘,2017-07-03,2017-07-03 10:47:15
10:47:18,10:47:18,13.05,0.01,228,297540,买盘,2017-07-03,2017-07-03 10:47:18
10:47:21,10:47:21,13.04,-0.01,112,146048,卖盘,2017-07-03,2017-07-03 10:47:21
10:47:24,10:47:24,13.05,0.01,81,105705,买盘,2017-07-03,2017-07-03 10:47:24
10:47:27,10:47:27,13.05,--,119,155295,卖盘,2017-07-03,2017-07-03 10:47:27
10:47:30,10:47:30,13.05,--,36,46980,买盘,2017-07-03,2017-07-03 10:47:30
10:47:33,10:47:33,13.04,-0.01,439,572456,卖盘,2017-07-03,2017-07-03 10:47:33
10:47:36,10:47:36,13.01,-0.03,76,98876,卖盘,2017-07-03,2017-07-03 10:47:36
10:47:39,10:47:39,13.03,0.02,88,114664,买盘,2017-07-03,2017-07-03 10:47:39
10:47:42,10:47:42,13.0,-0.03,86,111800,卖盘,2017-07-03,2017-07-03 10:47:42
10:47:45,10:47:45,13.03,0.03,245,319235,买盘,2017-07-03,2017-07-03 10:47:45
10:47:48,10:47:48,13.03,--,150,195450,买盘,2017-07-03,2017-07-03 10:47:48
10:47:51,10:47:51,13.0,-0.03,64,83200,卖盘,2017-07-03,2017-07-03 10:47:51
10:47:54,10:47:54,13.0,--,20,26000,买盘,2017-07-03,2017-07-03 10:47:54
10:47:57,10:47:57,13.0,--,69,89700,买盘,2017-07-03,2017-07-03 10:47:57
10:48:00,10:48:00,13.0,--,104,135200,买盘,2017-07-03,2017-07-03 10:48:00
10:48:03,10:48:03,13.0,--,81,105300,买盘,2017-07-03,2017-07-03 10:48:03
10:48:06,10:48:06,13.0,--,73,94900,买盘,2017-07-03,2017-07-03 10:48:06
10:48:09,10:48:09,13.0,--,145,188500,卖盘,2017-07-03,2017-07-03 10:48:09
10:48:12,10:48:12,13.0,--,19,24700,买盘,2017-07-03,2017-07-03 10:48:12
10:48:15,10:48:15,13.0,--,60,78000,买盘,2017-07-03,2017-07-03 10:48:15
10:48:18,10:48:18,13.0,--,58,75400,买盘,2017-07-03,2017-07-03 10:48:18
10:48:21,10:48:21,12.99,-0.01,90,116910,卖盘,2017-07-03,2017-07-03 10:48:21
10:48:24,10:48:24,13.0,0.01,69,89700,买盘,2017-07-03,2017-07-03 10:48:24
10:48:27,10:48:27,13.0,--,20,26000,买盘,2017-07-03,2017-07-03 10:48:27
10:48:30,10:48:30,13.0,--,15,19500,买盘,2017-07-03,2017-07-03 10:48:30
10:48:33,10:48:33,13.0,--,6,7800,买盘,2017-07-03,2017-07-03 10:48:33
10:48:36,10:48:36,13.0,--,200,260000,买盘,2017-07-03,2017-07-03 10:48:36
10:48:39,10:48:39,13.0,--,221,287300,卖盘,2017-07-03,2017-07-03 10:48:39
10:48:42,10:48:42,13.0,--,53,68900,卖盘,2017-07-03,2017-07-03 10:48:42
10:48:45,10:48:45,13.01,0.01,18,23418,买盘,2017-07-03,2017-07-03 10:48:45
10:48:48,10:48:48,13.0,-0.01,70,91000,卖盘,2017-07-03,2017-07-03 10:48:48
10:48:51,10:48:51,13.0,--,227,295100,卖盘,2017-07-03,2017-07-03 10:48:51
10:48:54,10:48:54,13.0,--,133,172900,卖盘,2017-07-03,2017-07-03 10:48:54
10:48:57,10:48:57,13.0,--,174,226200,卖盘,2017-07-03,2017-07-03 10:48:57
10:49:00,10:49:00,13.0,--,17,22100,买盘,2017-07-03,2017-07-03 10:49:00
10:49:03,10:49:03,13.0,--,93,120900,买盘,2017-07-03,2017-07-03 10:49:03
10:49:06,10:49:06,13.0,--,50,65000,买盘,2017-07-03,2017-07-03 10:49:06
10:49:09,10:49:09,13.0,--,64,83200,买盘,2017-07-03,2017-07-03 10:49:09
10:49:12,10:49:12,13.0,--,10,13000,买盘,2017-07-03,2017-07-03 10:49:12
10:49:15,10:49:15,13.01,0.01,113,147013,买盘,2017-07-03,2017-07-03 10:49:15
10:49:21,10:49:21,13.0,-0.01,10,13000,中性盘,2017-07-03,2017-07-03 10:49:21
10:49:24,10:49:24,13.01,0.01,17,22117,买盘,2017-07-03,2017-07-03 10:49:24
10:49:27,10:49:27,13.01,--,3,3903,买盘,2017-07-03,2017-07-03 10:49:27
10:49:30,10:49:30,13.02,0.01,5,6510,买盘,2017-07-03,2017-07-03 10:49:30
10:49:33,10:49:33,13.02,--,11,14322,买盘,2017-07-03,2017-07-03 10:49:33
10:49:42,10:49:42,13.01,-0.01,2,2602,卖盘,2017-07-03,2017-07-03 10:49:42
10:49:45,10:49:45,13.02,0.01,51,66402,买盘,2017-07-03,2017-07-03 10:49:45
10:49:48,10:49:48,13.02,--,14,18228,买盘,2017-07-03,2017-07-03 10:49:48
10:49:51,10:49:51,13.02,--,77,100254,买盘,2017-07-03,2017-07-03 10:49:51
10:49:54,10:49:54,13.02,--,91,118482,买盘,2017-07-03,2017-07-03 10:49:54
10:49:57,10:49:57,13.03,0.01,54,70362,买盘,2017-07-03,2017-07-03 10:49:57
10:50:00,10:50:00,13.03,--,9,11727,买盘,2017-07-03,2017-07-03 10:50:00
10:50:03,10:50:03,13.04,0.01,43,56071,买盘,2017-07-03,2017-07-03 10:50:03
10:50:06,10:50:06,13.04,--,90,117359,买盘,2017-07-03,2017-07-03 10:50:06
10:50:09,10:50:09,13.03,-0.01,8,10424,卖盘,2017-07-03,2017-07-03 10:50:09
10:50:12,10:50:12,13.04,0.01,4,5216,买盘,2017-07-03,2017-07-03 10:50:12
10:50:15,10:50:15,13.05,0.01,61,79605,买盘,2017-07-03,2017-07-03 10:50:15
10:50:18,10:50:18,13.04,-0.01,32,41728,中性盘,2017-07-03,2017-07-03 10:50:18
10:50:21,10:50:21,13.05,0.01,13,16965,买盘,2017-07-03,2017-07-03 10:50:21
10:50:24,10:50:24,13.04,-0.01,107,139528,卖盘,2017-07-03,2017-07-03 10:50:24
10:50:27,10:50:27,13.04,--,37,48248,卖盘,2017-07-03,2017-07-03 10:50:27
10:50:30,10:50:30,13.03,-0.01,7,9121,卖盘,2017-07-03,2017-07-03 10:50:30
10:50:33,10:50:33,13.04,0.01,9,11736,买盘,2017-07-03,2017-07-03 10:50:33
10:50:36,10:50:36,13.04,--,17,22168,买盘,2017-07-03,2017-07-03 10:50:36
10:50:39,10:50:39,13.03,-0.01,167,217601,卖盘,2017-07-03,2017-07-03 10:50:39
10:50:42,10:50:42,13.03,--,53,69059,买盘,2017-07-03,2017-07-03 10:50:42
10:50:45,10:50:45,13.02,-0.01,5,6510,卖盘,2017-07-03,2017-07-03 10:50:45
10:50:48,10:50:48,13.03,0.01,15,19545,买盘,2017-07-03,2017-07-03 10:50:48
10:50:51,10:50:51,13.02,-0.01,213,277326,卖盘,2017-07-03,2017-07-03 10:50:51
10:50:54,10:50:54,13.02,--,23,29946,买盘,2017-07-03,2017-07-03 10:50:54
10:50:57,10:50:57,13.01,-0.01,213,277113,卖盘,2017-07-03,2017-07-03 10:50:57
10:51:00,10:51:00,13.01,--,6,7806,买盘,2017-07-03,2017-07-03 10:51:00
10:51:06,10:51:06,13.01,--,8,10408,买盘,2017-07-03,2017-07-03 10:51:06
10:51:09,10:51:09,13.02,0.01,20,26040,买盘,2017-07-03,2017-07-03 10:51:09
10:51:15,10:51:15,13.01,-0.01,8,10408,卖盘,2017-07-03,2017-07-03 10:51:15
10:51:18,10:51:18,13.02,0.01,38,49476,买盘,2017-07-03,2017-07-03 10:51:18
10:51:21,10:51:21,13.01,-0.01,11,14311,卖盘,2017-07-03,2017-07-03 10:51:21
10:51:24,10:51:24,13.02,0.01,2,2604,买盘,2017-07-03,2017-07-03 10:51:24
10:51:27,10:51:27,13.02,--,29,37758,买盘,2017-07-03,2017-07-03 10:51:27
10:51:30,10:51:30,13.02,--,38,49476,买盘,2017-07-03,2017-07-03 10:51:30
10:51:33,10:51:33,13.02,--,21,27342,买盘,2017-07-03,2017-07-03 10:51:33
10:51:36,10:51:36,13.02,--,74,96348,买盘,2017-07-03,2017-07-03 10:51:36
10:51:39,10:51:39,13.02,--,20,26040,买盘,2017-07-03,2017-07-03 10:51:39
10:51:42,10:51:42,13.02,--,1,1302,买盘,2017-07-03,2017-07-03 10:51:42
10:51:45,10:51:45,13.02,--,4,5208,买盘,2017-07-03,2017-07-03 10:51:45
10:51:51,10:51:51,13.03,0.01,48,62544,买盘,2017-07-03,2017-07-03 10:51:51
10:51:57,10:51:57,13.03,--,3,3909,买盘,2017-07-03,2017-07-03 10:51:57
10:52:03,10:52:03,13.03,--,35,45605,买盘,2017-07-03,2017-07-03 10:52:03
10:52:06,10:52:06,13.03,--,28,36484,买盘,2017-07-03,2017-07-03 10:52:06
10:52:09,10:52:09,13.03,--,42,54726,买盘,2017-07-03,2017-07-03 10:52:09
10:52:12,10:52:12,13.03,--,5,6515,卖盘,2017-07-03,2017-07-03 10:52:12
10:52:15,10:52:15,13.03,--,53,69059,卖盘,2017-07-03,2017-07-03 10:52:15
10:52:18,10:52:18,13.03,--,2,2606,卖盘,2017-07-03,2017-07-03 10:52:18
10:52:21,10:52:21,13.03,--,66,85998,卖盘,2017-07-03,2017-07-03 10:52:21
10:52:24,10:52:24,13.02,-0.01,15,19530,卖盘,2017-07-03,2017-07-03 10:52:24
10:52:27,10:52:27,13.02,--,11,14322,卖盘,2017-07-03,2017-07-03 10:52:27
10:52:33,10:52:33,13.03,0.01,12,15636,买盘,2017-07-03,2017-07-03 10:52:33
10:52:36,10:52:36,13.03,--,34,44302,买盘,2017-07-03,2017-07-03 10:52:36
10:52:42,10:52:42,13.02,-0.01,10,13020,卖盘,2017-07-03,2017-07-03 10:52:42
10:52:45,10:52:45,13.03,0.01,77,100331,买盘,2017-07-03,2017-07-03 10:52:45
10:52:48,10:52:48,13.03,--,225,293175,买盘,2017-07-03,2017-07-03 10:52:48
10:52:51,10:52:51,13.04,0.01,38,49552,买盘,2017-07-03,2017-07-03 10:52:51
10:52:54,10:52:54,13.02,-0.02,53,69006,卖盘,2017-07-03,2017-07-03 10:52:54
10:52:57,10:52:57,13.03,0.01,4,5212,买盘,2017-07-03,2017-07-03 10:52:57
10:53:03,10:53:03,13.03,--,20,26060,买盘,2017-07-03,2017-07-03 10:53:03
10:53:06,10:53:06,13.03,--,3,3909,卖盘,2017-07-03,2017-07-03 10:53:06
10:53:09,10:53:09,13.03,--,66,85998,卖盘,2017-07-03,2017-07-03 10:53:09
10:53:18,10:53:18,13.03,--,36,46908,买盘,2017-07-03,2017-07-03 10:53:18
10:53:21,10:53:21,13.02,-0.01,62,80724,卖盘,2017-07-03,2017-07-03 10:53:21
10:53:24,10:53:24,13.02,--,108,140616,卖盘,2017-07-03,2017-07-03 10:53:24
10:53:27,10:53:27,13.0,-0.02,280,364000,卖盘,2017-07-03,2017-07-03 10:53:27
10:53:30,10:53:30,13.03,0.03,135,175905,买盘,2017-07-03,2017-07-03 10:53:30
10:53:36,10:53:36,13.01,-0.02,5,6505,卖盘,2017-07-03,2017-07-03 10:53:36
10:53:39,10:53:39,13.02,0.01,2,2604,买盘,2017-07-03,2017-07-03 10:53:39
10:53:42,10:53:42,13.02,--,63,82026,买盘,2017-07-03,2017-07-03 10:53:42
10:53:48,10:53:48,13.01,-0.01,115,149615,卖盘,2017-07-03,2017-07-03 10:53:48
10:53:54,10:53:54,13.01,--,23,29923,买盘,2017-07-03,2017-07-03 10:53:54
10:53:57,10:53:57,13.0,-0.01,210,273000,卖盘,2017-07-03,2017-07-03 10:53:57
10:54:00,10:54:00,13.01,0.01,106,137906,买盘,2017-07-03,2017-07-03 10:54:00
10:54:03,10:54:03,13.0,-0.01,224,291200,卖盘,2017-07-03,2017-07-03 10:54:03
10:54:06,10:54:06,13.0,--,382,496600,卖盘,2017-07-03,2017-07-03 10:54:06
10:54:09,10:54:09,13.0,--,214,278200,卖盘,2017-07-03,2017-07-03 10:54:09
10:54:12,10:54:12,13.01,0.01,194,252394,买盘,2017-07-03,2017-07-03 10:54:12
10:54:15,10:54:15,13.01,--,35,45535,买盘,2017-07-03,2017-07-03 10:54:15
10:54:18,10:54:18,13.0,-0.01,167,217100,卖盘,2017-07-03,2017-07-03 10:54:18
10:54:21,10:54:21,13.0,--,50,65000,卖盘,2017-07-03,2017-07-03 10:54:21
10:54:24,10:54:24,13.01,0.01,20,26020,买盘,2017-07-03,2017-07-03 10:54:24
10:54:27,10:54:27,13.0,-0.01,75,97500,卖盘,2017-07-03,2017-07-03 10:54:27
10:54:30,10:54:30,13.0,--,15,19500,买盘,2017-07-03,2017-07-03 10:54:30
10:54:33,10:54:33,12.99,-0.01,200,259800,卖盘,2017-07-03,2017-07-03 10:54:33
10:54:36,10:54:36,12.99,--,8,10392,卖盘,2017-07-03,2017-07-03 10:54:36
10:54:39,10:54:39,13.0,0.01,9,11700,买盘,2017-07-03,2017-07-03 10:54:39
10:54:45,10:54:45,12.99,-0.01,108,140292,买盘,2017-07-03,2017-07-03 10:54:45
10:54:51,10:54:51,12.98,-0.01,12,15576,卖盘,2017-07-03,2017-07-03 10:54:51
10:54:54,10:54:54,12.99,0.01,13,16887,买盘,2017-07-03,2017-07-03 10:54:54
10:54:57,10:54:57,12.99,--,10,12990,买盘,2017-07-03,2017-07-03 10:54:57
10:55:00,10:55:00,12.99,--,3,3897,买盘,2017-07-03,2017-07-03 10:55:00
10:55:03,10:55:03,12.98,-0.01,134,173932,卖盘,2017-07-03,2017-07-03 10:55:03
10:55:09,10:55:09,12.97,-0.01,32,41504,卖盘,2017-07-03,2017-07-03 10:55:09
10:55:15,10:55:15,12.98,0.01,1,1298,买盘,2017-07-03,2017-07-03 10:55:15
10:55:18,10:55:18,12.98,--,7,9086,买盘,2017-07-03,2017-07-03 10:55:18
10:55:24,10:55:24,12.97,-0.01,50,64850,卖盘,2017-07-03,2017-07-03 10:55:24
10:55:30,10:55:30,12.98,0.01,2,2596,买盘,2017-07-03,2017-07-03 10:55:30
10:55:33,10:55:33,12.97,-0.01,36,46692,卖盘,2017-07-03,2017-07-03 10:55:33
10:55:36,10:55:36,12.97,--,40,51880,卖盘,2017-07-03,2017-07-03 10:55:36
10:55:39,10:55:39,12.98,0.01,2,2596,买盘,2017-07-03,2017-07-03 10:55:39
10:55:42,10:55:42,12.97,-0.01,10,12970,卖盘,2017-07-03,2017-07-03 10:55:42
10:55:45,10:55:45,12.98,0.01,14,18172,买盘,2017-07-03,2017-07-03 10:55:45
10:55:48,10:55:48,12.98,--,34,44132,买盘,2017-07-03,2017-07-03 10:55:48
10:55:51,10:55:51,12.98,--,40,51920,卖盘,2017-07-03,2017-07-03 10:55:51
10:55:54,10:55:54,12.98,--,6,7788,卖盘,2017-07-03,2017-07-03 10:55:54
10:55:57,10:55:57,12.98,--,17,22066,卖盘,2017-07-03,2017-07-03 10:55:57
10:56:00,10:56:00,12.98,--,6,7788,买盘,2017-07-03,2017-07-03 10:56:00
10:56:06,10:56:06,12.99,0.01,5,6495,买盘,2017-07-03,2017-07-03 10:56:06
10:56:09,10:56:09,12.99,--,128,166272,买盘,2017-07-03,2017-07-03 10:56:09
10:56:12,10:56:12,13.0,0.01,46,59800,买盘,2017-07-03,2017-07-03 10:56:12
10:56:15,10:56:15,13.0,--,12,15600,买盘,2017-07-03,2017-07-03 10:56:15
10:56:18,10:56:18,13.0,--,5,6500,买盘,2017-07-03,2017-07-03 10:56:18
10:56:21,10:56:21,13.0,--,13,16900,买盘,2017-07-03,2017-07-03 10:56:21
10:56:24,10:56:24,13.0,--,14,18200,买盘,2017-07-03,2017-07-03 10:56:24
10:56:33,10:56:33,13.0,--,1,1300,卖盘,2017-07-03,2017-07-03 10:56:33
10:56:36,10:56:36,13.0,--,18,23400,卖盘,2017-07-03,2017-07-03 10:56:36
10:56:39,10:56:39,13.01,0.01,52,67652,买盘,2017-07-03,2017-07-03 10:56:39
10:56:45,10:56:45,13.02,0.01,63,82026,买盘,2017-07-03,2017-07-03 10:56:45
10:56:48,10:56:48,13.0,-0.02,37,48100,卖盘,2017-07-03,2017-07-03 10:56:48
10:56:51,10:56:51,13.01,0.01,2,2602,中性盘,2017-07-03,2017-07-03 10:56:51
10:56:54,10:56:54,13.01,--,21,27321,卖盘,2017-07-03,2017-07-03 10:56:54
10:56:57,10:56:57,13.04,0.03,500,652000,买盘,2017-07-03,2017-07-03 10:56:57
10:57:00,10:57:00,13.01,-0.03,209,271909,卖盘,2017-07-03,2017-07-03 10:57:00
10:57:03,10:57:03,13.01,--,100,130100,买盘,2017-07-03,2017-07-03 10:57:03
10:57:09,10:57:09,13.0,-0.01,5,6500,中性盘,2017-07-03,2017-07-03 10:57:09
10:57:12,10:57:12,13.0,--,8,10400,卖盘,2017-07-03,2017-07-03 10:57:12
10:57:15,10:57:15,13.0,--,28,36400,买盘,2017-07-03,2017-07-03 10:57:15
10:57:18,10:57:18,13.0,--,16,20800,卖盘,2017-07-03,2017-07-03 10:57:18
10:57:24,10:57:24,13.0,--,128,166400,卖盘,2017-07-03,2017-07-03 10:57:24
10:57:30,10:57:30,13.0,--,15,19500,买盘,2017-07-03,2017-07-03 10:57:30
10:57:33,10:57:33,13.0,--,5,6500,买盘,2017-07-03,2017-07-03 10:57:33
10:57:36,10:57:36,13.0,--,65,84500,买盘,2017-07-03,2017-07-03 10:57:36
10:57:48,10:57:48,13.0,--,16,20800,买盘,2017-07-03,2017-07-03 10:57:48
10:57:51,10:57:51,13.01,0.01,308,400708,买盘,2017-07-03,2017-07-03 10:57:51
10:57:54,10:57:54,13.01,--,72,93672,买盘,2017-07-03,2017-07-03 10:57:54
10:57:57,10:57:57,13.0,-0.01,14,18200,中性盘,2017-07-03,2017-07-03 10:57:57
10:58:00,10:58:00,12.99,-0.01,7,9093,卖盘,2017-07-03,2017-07-03 10:58:00
10:58:03,10:58:03,13.01,0.02,235,305735,买盘,2017-07-03,2017-07-03 10:58:03
10:58:06,10:58:06,13.02,0.01,30,39060,买盘,2017-07-03,2017-07-03 10:58:06
10:58:18,10:58:18,13.03,0.01,59,76877,买盘,2017-07-03,2017-07-03 10:58:18
10:58:21,10:58:21,13.03,--,48,62544,买盘,2017-07-03,2017-07-03 10:58:21
10:58:27,10:58:27,13.02,-0.01,13,16926,卖盘,2017-07-03,2017-07-03 10:58:27
10:58:30,10:58:30,13.02,--,8,10416,卖盘,2017-07-03,2017-07-03 10:58:30
10:58:33,10:58:33,13.03,0.01,30,39090,买盘,2017-07-03,2017-07-03 10:58:33
10:58:36,10:58:36,13.02,-0.01,3,3906,买盘,2017-07-03,2017-07-03 10:58:36
10:58:39,10:58:39,13.02,--,4,5208,买盘,2017-07-03,2017-07-03 10:58:39
10:58:42,10:58:42,13.02,--,11,14322,买盘,2017-07-03,2017-07-03 10:58:42
10:58:48,10:58:48,13.02,--,14,18228,卖盘,2017-07-03,2017-07-03 10:58:48
10:58:51,10:58:51,13.02,--,12,15624,卖盘,2017-07-03,2017-07-03 10:58:51
10:58:57,10:58:57,13.03,0.01,69,89907,买盘,2017-07-03,2017-07-03 10:58:57
10:59:00,10:59:00,13.02,-0.01,2,2604,买盘,2017-07-03,2017-07-03 10:59:00
10:59:03,10:59:03,13.02,--,3,3906,买盘,2017-07-03,2017-07-03 10:59:03
10:59:06,10:59:06,13.02,--,6,7812,买盘,2017-07-03,2017-07-03 10:59:06
10:59:15,10:59:15,13.02,--,32,41664,买盘,2017-07-03,2017-07-03 10:59:15
10:59:18,10:59:18,13.0,-0.02,143,185900,卖盘,2017-07-03,2017-07-03 10:59:18
10:59:21,10:59:21,12.99,-0.01,92,119508,卖盘,2017-07-03,2017-07-03 10:59:21
10:59:24,10:59:24,13.0,0.01,4,5200,买盘,2017-07-03,2017-07-03 10:59:24
10:59:27,10:59:27,12.99,-0.01,10,12990,卖盘,2017-07-03,2017-07-03 10:59:27
10:59:30,10:59:30,12.98,-0.01,4,5192,卖盘,2017-07-03,2017-07-03 10:59:30
10:59:33,10:59:33,13.0,0.02,22,28600,买盘,2017-07-03,2017-07-03 10:59:33
10:59:39,10:59:39,13.0,--,33,42900,买盘,2017-07-03,2017-07-03 10:59:39
10:59:42,10:59:42,12.98,-0.02,26,33748,卖盘,2017-07-03,2017-07-03 10:59:42
10:59:48,10:59:48,12.99,0.01,1,1299,中性盘,2017-07-03,2017-07-03 10:59:48
10:59:51,10:59:51,12.99,--,66,85734,买盘,2017-07-03,2017-07-03 10:59:51
10:59:54,10:59:54,12.99,--,10,12990,卖盘,2017-07-03,2017-07-03 10:59:54
10:59:57,10:59:57,12.99,--,6,7794,中性盘,2017-07-03,2017-07-03 10:59:57
11:00:00,11:00:00,13.0,0.01,32,41600,买盘,2017-07-03,2017-07-03 11:00:00
11:00:03,11:00:03,12.99,-0.01,3,3897,卖盘,2017-07-03,2017-07-03 11:00:03
11:00:06,11:00:06,12.99,--,23,29877,卖盘,2017-07-03,2017-07-03 11:00:06
11:00:12,11:00:12,13.0,0.01,13,16900,买盘,2017-07-03,2017-07-03 11:00:12
11:00:15,11:00:15,13.0,--,5,6500,买盘,2017-07-03,2017-07-03 11:00:15
11:00:18,11:00:18,12.99,-0.01,6,7794,卖盘,2017-07-03,2017-07-03 11:00:18
11:00:24,11:00:24,12.99,--,5,6495,买盘,2017-07-03,2017-07-03 11:00:24
11:00:27,11:00:27,12.99,--,3,3897,买盘,2017-07-03,2017-07-03 11:00:27
11:00:30,11:00:30,12.99,--,6,7794,买盘,2017-07-03,2017-07-03 11:00:30
11:00:33,11:00:33,13.0,0.01,5,6500,买盘,2017-07-03,2017-07-03 11:00:33
11:00:36,11:00:36,12.99,-0.01,10,12990,卖盘,2017-07-03,2017-07-03 11:00:36
11:00:45,11:00:45,13.0,0.01,5,6500,买盘,2017-07-03,2017-07-03 11:00:45
11:00:51,11:00:51,12.99,-0.01,41,53259,卖盘,2017-07-03,2017-07-03 11:00:51
11:01:00,11:01:00,12.99,--,10,12990,买盘,2017-07-03,2017-07-03 11:01:00
11:01:03,11:01:03,12.99,--,19,24681,买盘,2017-07-03,2017-07-03 11:01:03
11:01:09,11:01:09,12.99,--,28,36372,买盘,2017-07-03,2017-07-03 11:01:09
11:01:12,11:01:12,12.99,--,5,6495,买盘,2017-07-03,2017-07-03 11:01:12
11:01:30,11:01:30,13.0,0.01,49,63700,买盘,2017-07-03,2017-07-03 11:01:30
11:01:33,11:01:33,12.99,-0.01,2,2598,卖盘,2017-07-03,2017-07-03 11:01:33
11:01:45,11:01:45,13.0,0.01,34,44200,买盘,2017-07-03,2017-07-03 11:01:45
11:01:48,11:01:48,13.0,--,2,2600,买盘,2017-07-03,2017-07-03 11:01:48
11:01:51,11:01:51,12.99,-0.01,2,2598,卖盘,2017-07-03,2017-07-03 11:01:51
11:01:54,11:01:54,13.0,0.01,10,13000,买盘,2017-07-03,2017-07-03 11:01:54
11:01:57,11:01:57,13.0,--,4,5200,买盘,2017-07-03,2017-07-03 11:01:57
11:02:06,11:02:06,13.0,--,2,2600,买盘,2017-07-03,2017-07-03 11:02:06
11:02:09,11:02:09,13.0,--,130,169000,买盘,2017-07-03,2017-07-03 11:02:09
11:02:15,11:02:15,12.99,-0.01,64,83136,卖盘,2017-07-03,2017-07-03 11:02:15
11:02:18,11:02:18,12.99,--,23,29877,卖盘,2017-07-03,2017-07-03 11:02:18
11:02:21,11:02:21,13.0,0.01,21,27300,买盘,2017-07-03,2017-07-03 11:02:21
11:02:27,11:02:27,13.0,--,50,65000,买盘,2017-07-03,2017-07-03 11:02:27
11:02:39,11:02:39,13.0,--,41,53300,买盘,2017-07-03,2017-07-03 11:02:39
11:02:42,11:02:42,13.0,--,21,27300,买盘,2017-07-03,2017-07-03 11:02:42
11:02:48,11:02:48,13.0,--,5,6500,卖盘,2017-07-03,2017-07-03 11:02:48
11:02:51,11:02:51,13.0,--,50,65000,卖盘,2017-07-03,2017-07-03 11:02:51
11:02:57,11:02:57,13.0,--,55,71500,卖盘,2017-07-03,2017-07-03 11:02:57
11:03:00,11:03:00,13.0,--,10,13000,卖盘,2017-07-03,2017-07-03 11:03:00
11:03:03,11:03:03,13.0,--,12,15600,卖盘,2017-07-03,2017-07-03 11:03:03
11:03:06,11:03:06,13.0,--,100,130000,卖盘,2017-07-03,2017-07-03 11:03:06
11:03:09,11:03:09,13.0,--,2,2600,买盘,2017-07-03,2017-07-03 11:03:09
11:03:12,11:03:12,13.0,--,18,23400,买盘,2017-07-03,2017-07-03 11:03:12
11:03:15,11:03:15,12.99,-0.01,40,51960,卖盘,2017-07-03,2017-07-03 11:03:15
11:03:18,11:03:18,13.0,0.01,7,9100,买盘,2017-07-03,2017-07-03 11:03:18
11:03:21,11:03:21,13.0,--,4,5200,买盘,2017-07-03,2017-07-03 11:03:21
11:03:27,11:03:27,13.0,--,10,13000,买盘,2017-07-03,2017-07-03 11:03:27
11:03:30,11:03:30,13.0,--,2,2600,买盘,2017-07-03,2017-07-03 11:03:30
11:03:42,11:03:42,13.0,--,8,10400,买盘,2017-07-03,2017-07-03 11:03:42
11:03:45,11:03:45,13.0,--,6,7800,买盘,2017-07-03,2017-07-03 11:03:45
11:03:48,11:03:48,13.0,--,22,28600,买盘,2017-07-03,2017-07-03 11:03:48
11:03:51,11:03:51,13.0,--,17,22100,买盘,2017-07-03,2017-07-03 11:03:51
11:03:54,11:03:54,13.0,--,51,66300,买盘,2017-07-03,2017-07-03 11:03:54
11:04:00,11:04:00,12.99,-0.01,13,16887,卖盘,2017-07-03,2017-07-03 11:04:00
11:04:06,11:04:06,13.0,0.01,9,11700,买盘,2017-07-03,2017-07-03 11:04:06
11:04:12,11:04:12,12.99,-0.01,4,5196,卖盘,2017-07-03,2017-07-03 11:04:12
11:04:15,11:04:15,13.0,0.01,10,13000,买盘,2017-07-03,2017-07-03 11:04:15
11:04:18,11:04:18,12.99,-0.01,6,7794,卖盘,2017-07-03,2017-07-03 11:04:18
11:04:21,11:04:21,12.99,--,82,106518,卖盘,2017-07-03,2017-07-03 11:04:21
11:04:24,11:04:24,13.0,0.01,5,6500,买盘,2017-07-03,2017-07-03 11:04:24
11:04:27,11:04:27,13.0,--,20,26000,买盘,2017-07-03,2017-07-03 11:04:27
11:04:36,11:04:36,13.0,--,44,57200,买盘,2017-07-03,2017-07-03 11:04:36
11:04:42,11:04:42,13.0,--,23,29900,买盘,2017-07-03,2017-07-03 11:04:42
11:05:00,11:05:00,13.0,--,9,11700,买盘,2017-07-03,2017-07-03 11:05:00
11:05:12,11:05:12,13.0,--,38,49400,买盘,2017-07-03,2017-07-03 11:05:12
11:05:15,11:05:15,12.99,-0.01,1,1299,卖盘,2017-07-03,2017-07-03 11:05:15
11:05:21,11:05:21,13.0,0.01,32,41600,买盘,2017-07-03,2017-07-03 11:05:21
11:05:30,11:05:30,12.99,-0.01,12,15588,卖盘,2017-07-03,2017-07-03 11:05:30
11:05:36,11:05:36,12.99,--,154,200046,卖盘,2017-07-03,2017-07-03 11:05:36
11:05:39,11:05:39,12.99,--,1,1299,卖盘,2017-07-03,2017-07-03 11:05:39
11:05:42,11:05:42,12.99,--,10,12990,卖盘,2017-07-03,2017-07-03 11:05:42
11:05:57,11:05:57,12.99,--,7,9093,卖盘,2017-07-03,2017-07-03 11:05:57
11:06:00,11:06:00,12.99,--,10,12990,卖盘,2017-07-03,2017-07-03 11:06:00
11:06:03,11:06:03,12.99,--,2,2598,卖盘,2017-07-03,2017-07-03 11:06:03
11:06:12,11:06:12,13.0,0.01,14,18200,买盘,2017-07-03,2017-07-03 11:06:12
11:06:15,11:06:15,12.99,-0.01,13,16887,卖盘,2017-07-03,2017-07-03 11:06:15
