idx_time,time,price,change,volume,amount,type,date,date_time
09:25:03,09:25:03,10.81,10.81,217,234577,买盘,2017-06-23,2017-06-23 09:25:03
09:30:00,09:30:00,10.81,--,0,0,买盘,2017-06-23,2017-06-23 09:30:00
09:30:03,09:30:03,10.8,-0.01,273,294861,卖盘,2017-06-23,2017-06-23 09:30:03
09:30:06,09:30:06,10.8,--,12,12960,买盘,2017-06-23,2017-06-23 09:30:06
09:30:09,09:30:09,10.8,--,7,7560,买盘,2017-06-23,2017-06-23 09:30:09
09:30:15,09:30:15,10.78,-0.02,147,159522,卖盘,2017-06-23,2017-06-23 09:30:15
09:30:27,09:30:27,10.78,--,10,10780,买盘,2017-06-23,2017-06-23 09:30:27
09:30:36,09:30:36,10.78,--,10,10780,买盘,2017-06-23,2017-06-23 09:30:36
09:30:39,09:30:39,10.78,--,30,32339,买盘,2017-06-23,2017-06-23 09:30:39
09:30:42,09:30:42,10.78,--,4,4312,买盘,2017-06-23,2017-06-23 09:30:42
09:30:45,09:30:45,10.78,--,1,1078,买盘,2017-06-23,2017-06-23 09:30:45
09:30:48,09:30:48,10.77,-0.01,1,1077,卖盘,2017-06-23,2017-06-23 09:30:48
09:30:54,09:30:54,10.77,--,20,21540,卖盘,2017-06-23,2017-06-23 09:30:54
09:30:57,09:30:57,10.78,0.01,15,16169,买盘,2017-06-23,2017-06-23 09:30:57
09:31:00,09:31:00,10.77,-0.01,15,16155,卖盘,2017-06-23,2017-06-23 09:31:00
09:31:06,09:31:06,10.78,0.01,10,10780,买盘,2017-06-23,2017-06-23 09:31:06
09:31:12,09:31:12,10.78,--,48,51744,买盘,2017-06-23,2017-06-23 09:31:12
09:31:15,09:31:15,10.78,--,59,63601,买盘,2017-06-23,2017-06-23 09:31:15
09:31:18,09:31:18,10.78,--,74,79772,买盘,2017-06-23,2017-06-23 09:31:18
09:31:24,09:31:24,10.77,-0.01,1,1077,中性盘,2017-06-23,2017-06-23 09:31:24
09:31:27,09:31:27,10.77,--,8,8616,买盘,2017-06-23,2017-06-23 09:31:27
09:31:30,09:31:30,10.77,--,11,11847,买盘,2017-06-23,2017-06-23 09:31:30
09:31:36,09:31:36,10.77,--,5,5385,中性盘,2017-06-23,2017-06-23 09:31:36
09:31:42,09:31:42,10.76,-0.01,94,101144,卖盘,2017-06-23,2017-06-23 09:31:42
09:31:45,09:31:45,10.77,0.01,5,5385,卖盘,2017-06-23,2017-06-23 09:31:45
09:31:51,09:31:51,10.78,0.01,100,107800,买盘,2017-06-23,2017-06-23 09:31:51
09:32:03,09:32:03,10.78,--,20,21560,买盘,2017-06-23,2017-06-23 09:32:03
09:32:06,09:32:06,10.78,--,10,10780,买盘,2017-06-23,2017-06-23 09:32:06
09:32:09,09:32:09,10.78,--,12,12936,买盘,2017-06-23,2017-06-23 09:32:09
09:32:15,09:32:15,10.78,--,37,39886,买盘,2017-06-23,2017-06-23 09:32:15
09:32:18,09:32:18,10.77,-0.01,1,1077,卖盘,2017-06-23,2017-06-23 09:32:18
09:32:21,09:32:21,10.78,0.01,31,33418,买盘,2017-06-23,2017-06-23 09:32:21
09:32:27,09:32:27,10.78,--,130,140140,买盘,2017-06-23,2017-06-23 09:32:27
09:32:30,09:32:30,10.78,--,13,14014,买盘,2017-06-23,2017-06-23 09:32:30
09:32:33,09:32:33,10.78,--,122,131516,买盘,2017-06-23,2017-06-23 09:32:33
09:32:39,09:32:39,10.77,-0.01,130,140010,卖盘,2017-06-23,2017-06-23 09:32:39
09:32:42,09:32:42,10.78,0.01,7,7546,买盘,2017-06-23,2017-06-23 09:32:42
09:32:45,09:32:45,10.77,-0.01,3,3231,卖盘,2017-06-23,2017-06-23 09:32:45
09:32:51,09:32:51,10.78,0.01,20,21560,买盘,2017-06-23,2017-06-23 09:32:51
09:32:54,09:32:54,10.78,--,5,5411,买盘,2017-06-23,2017-06-23 09:32:54
09:33:00,09:33:00,10.78,--,6,6468,卖盘,2017-06-23,2017-06-23 09:33:00
09:33:03,09:33:03,10.8,0.02,3,3240,买盘,2017-06-23,2017-06-23 09:33:03
09:33:06,09:33:06,10.8,--,3,3240,买盘,2017-06-23,2017-06-23 09:33:06
09:33:12,09:33:12,10.79,-0.01,8,8632,卖盘,2017-06-23,2017-06-23 09:33:12
09:33:15,09:33:15,10.8,0.01,9,9720,买盘,2017-06-23,2017-06-23 09:33:15
09:33:18,09:33:18,10.8,--,9,9720,买盘,2017-06-23,2017-06-23 09:33:18
09:33:21,09:33:21,10.8,--,2,2160,买盘,2017-06-23,2017-06-23 09:33:21
09:33:24,09:33:24,10.8,--,50,54000,买盘,2017-06-23,2017-06-23 09:33:24
09:33:27,09:33:27,10.8,--,12,12960,买盘,2017-06-23,2017-06-23 09:33:27
09:33:33,09:33:33,10.79,-0.01,9,9711,卖盘,2017-06-23,2017-06-23 09:33:33
09:33:36,09:33:36,10.8,0.01,10,10800,买盘,2017-06-23,2017-06-23 09:33:36
09:33:39,09:33:39,10.8,--,28,30240,买盘,2017-06-23,2017-06-23 09:33:39
09:33:42,09:33:42,10.8,--,58,62640,买盘,2017-06-23,2017-06-23 09:33:42
09:33:45,09:33:45,10.8,--,197,212760,买盘,2017-06-23,2017-06-23 09:33:45
09:34:03,09:34:03,10.8,--,10,10800,卖盘,2017-06-23,2017-06-23 09:34:03
09:34:24,09:34:24,10.83,0.03,10,10830,买盘,2017-06-23,2017-06-23 09:34:24
09:34:27,09:34:27,10.81,-0.02,1,1081,卖盘,2017-06-23,2017-06-23 09:34:27
09:34:36,09:34:36,10.81,--,2,2162,卖盘,2017-06-23,2017-06-23 09:34:36
09:34:39,09:34:39,10.83,0.02,66,71478,买盘,2017-06-23,2017-06-23 09:34:39
09:34:45,09:34:45,10.83,--,41,44403,卖盘,2017-06-23,2017-06-23 09:34:45
09:34:51,09:34:51,10.83,--,24,25992,卖盘,2017-06-23,2017-06-23 09:34:51
09:34:54,09:34:54,10.83,--,13,14079,买盘,2017-06-23,2017-06-23 09:34:54
09:34:57,09:34:57,10.83,--,10,10830,买盘,2017-06-23,2017-06-23 09:34:57
09:35:00,09:35:00,10.83,--,50,54150,买盘,2017-06-23,2017-06-23 09:35:00
09:35:03,09:35:03,10.83,--,6,6498,买盘,2017-06-23,2017-06-23 09:35:03
09:35:06,09:35:06,10.81,-0.02,37,39997,卖盘,2017-06-23,2017-06-23 09:35:06
09:35:15,09:35:15,10.81,--,5,5405,卖盘,2017-06-23,2017-06-23 09:35:15
09:35:18,09:35:18,10.83,0.02,11,11913,买盘,2017-06-23,2017-06-23 09:35:18
09:35:30,09:35:30,10.83,--,2,2166,买盘,2017-06-23,2017-06-23 09:35:30
09:35:33,09:35:33,10.81,-0.02,20,21620,卖盘,2017-06-23,2017-06-23 09:35:33
09:35:45,09:35:45,10.85,0.04,60,65100,买盘,2017-06-23,2017-06-23 09:35:45
09:35:48,09:35:48,10.85,--,16,17360,卖盘,2017-06-23,2017-06-23 09:35:48
09:36:00,09:36:00,10.89,0.04,15,16335,买盘,2017-06-23,2017-06-23 09:36:00
09:36:06,09:36:06,10.88,-0.01,2,2176,中性盘,2017-06-23,2017-06-23 09:36:06
09:36:09,09:36:09,10.88,--,8,8704,买盘,2017-06-23,2017-06-23 09:36:09
09:36:12,09:36:12,10.84,-0.04,32,34688,卖盘,2017-06-23,2017-06-23 09:36:12
09:36:15,09:36:15,10.88,0.04,43,46784,买盘,2017-06-23,2017-06-23 09:36:15
09:36:18,09:36:18,10.88,--,2,2176,卖盘,2017-06-23,2017-06-23 09:36:18
09:36:21,09:36:21,10.88,--,10,10880,买盘,2017-06-23,2017-06-23 09:36:21
09:36:24,09:36:24,10.89,0.01,9,9801,买盘,2017-06-23,2017-06-23 09:36:24
09:36:30,09:36:30,10.88,-0.01,2,2176,中性盘,2017-06-23,2017-06-23 09:36:30
09:36:33,09:36:33,10.89,0.01,47,51183,买盘,2017-06-23,2017-06-23 09:36:33
09:36:36,09:36:36,10.89,--,2,2178,卖盘,2017-06-23,2017-06-23 09:36:36
09:36:39,09:36:39,10.9,0.01,58,63220,买盘,2017-06-23,2017-06-23 09:36:39
09:36:42,09:36:42,10.89,-0.01,17,18513,卖盘,2017-06-23,2017-06-23 09:36:42
09:36:45,09:36:45,10.88,-0.01,4,4352,卖盘,2017-06-23,2017-06-23 09:36:45
09:36:48,09:36:48,10.88,--,1,1088,卖盘,2017-06-23,2017-06-23 09:36:48
09:36:51,09:36:51,10.88,--,1,1088,卖盘,2017-06-23,2017-06-23 09:36:51
09:36:54,09:36:54,10.88,--,16,17408,卖盘,2017-06-23,2017-06-23 09:36:54
09:36:57,09:36:57,10.89,0.01,40,43560,买盘,2017-06-23,2017-06-23 09:36:57
09:37:00,09:37:00,10.88,-0.01,10,10880,买盘,2017-06-23,2017-06-23 09:37:00
09:37:06,09:37:06,10.88,--,3,3264,卖盘,2017-06-23,2017-06-23 09:37:06
09:37:09,09:37:09,10.84,-0.04,5,5420,中性盘,2017-06-23,2017-06-23 09:37:09
09:37:18,09:37:18,10.87,0.03,3,3260,中性盘,2017-06-23,2017-06-23 09:37:18
09:37:21,09:37:21,10.84,-0.03,6,6504,卖盘,2017-06-23,2017-06-23 09:37:21
09:37:24,09:37:24,10.87,0.03,20,21740,买盘,2017-06-23,2017-06-23 09:37:24
09:37:27,09:37:27,10.87,--,3,3260,买盘,2017-06-23,2017-06-23 09:37:27
09:37:42,09:37:42,10.84,-0.03,5,5420,卖盘,2017-06-23,2017-06-23 09:37:42
09:37:54,09:37:54,10.86,0.02,49,53214,买盘,2017-06-23,2017-06-23 09:37:54
09:38:00,09:38:00,10.86,--,9,9774,卖盘,2017-06-23,2017-06-23 09:38:00
09:38:09,09:38:09,10.86,--,58,62988,卖盘,2017-06-23,2017-06-23 09:38:09
09:38:12,09:38:12,10.87,0.01,46,50002,买盘,2017-06-23,2017-06-23 09:38:12
09:38:15,09:38:15,10.87,--,20,21740,卖盘,2017-06-23,2017-06-23 09:38:15
09:38:33,09:38:33,10.87,--,2,2174,卖盘,2017-06-23,2017-06-23 09:38:33
09:38:39,09:38:39,10.87,--,3,3260,买盘,2017-06-23,2017-06-23 09:38:39
09:38:48,09:38:48,10.87,--,10,10870,买盘,2017-06-23,2017-06-23 09:38:48
09:38:51,09:38:51,10.86,-0.01,50,54300,卖盘,2017-06-23,2017-06-23 09:38:51
09:38:57,09:38:57,10.87,0.01,20,21740,买盘,2017-06-23,2017-06-23 09:38:57
09:39:03,09:39:03,10.86,-0.01,2,2172,卖盘,2017-06-23,2017-06-23 09:39:03
09:39:06,09:39:06,10.86,--,2,2172,买盘,2017-06-23,2017-06-23 09:39:06
09:39:12,09:39:12,10.85,-0.01,31,33635,卖盘,2017-06-23,2017-06-23 09:39:12
09:39:15,09:39:15,10.85,--,36,39060,卖盘,2017-06-23,2017-06-23 09:39:15
09:39:18,09:39:18,10.85,--,11,11935,买盘,2017-06-23,2017-06-23 09:39:18
09:39:21,09:39:21,10.84,-0.01,12,13008,卖盘,2017-06-23,2017-06-23 09:39:21
09:39:27,09:39:27,10.84,--,8,8672,卖盘,2017-06-23,2017-06-23 09:39:27
09:40:06,09:40:06,10.84,--,4,4336,卖盘,2017-06-23,2017-06-23 09:40:06
09:40:12,09:40:12,10.85,0.01,2,2170,买盘,2017-06-23,2017-06-23 09:40:12
09:40:15,09:40:15,10.85,--,24,26040,买盘,2017-06-23,2017-06-23 09:40:15
09:40:33,09:40:33,10.86,0.01,5,5430,买盘,2017-06-23,2017-06-23 09:40:33
09:40:36,09:40:36,10.86,--,18,19548,买盘,2017-06-23,2017-06-23 09:40:36
09:40:39,09:40:39,10.85,-0.01,3,3255,卖盘,2017-06-23,2017-06-23 09:40:39
09:40:48,09:40:48,10.85,--,13,14105,买盘,2017-06-23,2017-06-23 09:40:48
09:40:54,09:40:54,10.85,--,90,97650,买盘,2017-06-23,2017-06-23 09:40:54
09:40:57,09:40:57,10.85,--,15,16275,买盘,2017-06-23,2017-06-23 09:40:57
09:41:03,09:41:03,10.86,0.01,55,59730,买盘,2017-06-23,2017-06-23 09:41:03
09:41:12,09:41:12,10.86,--,23,24978,卖盘,2017-06-23,2017-06-23 09:41:12
09:41:18,09:41:18,10.86,--,59,64074,卖盘,2017-06-23,2017-06-23 09:41:18
09:41:33,09:41:33,10.86,--,3,3258,卖盘,2017-06-23,2017-06-23 09:41:33
09:41:36,09:41:36,10.87,0.01,9,9783,买盘,2017-06-23,2017-06-23 09:41:36
09:41:39,09:41:39,10.87,--,60,65219,买盘,2017-06-23,2017-06-23 09:41:39
09:41:42,09:41:42,10.87,--,7,7608,买盘,2017-06-23,2017-06-23 09:41:42
09:41:45,09:41:45,10.87,--,4,4348,买盘,2017-06-23,2017-06-23 09:41:45
09:41:48,09:41:48,10.87,--,20,21740,买盘,2017-06-23,2017-06-23 09:41:48
09:41:57,09:41:57,10.87,--,40,43480,买盘,2017-06-23,2017-06-23 09:41:57
09:42:06,09:42:06,10.87,--,25,27174,买盘,2017-06-23,2017-06-23 09:42:06
09:42:09,09:42:09,10.87,--,200,217399,买盘,2017-06-23,2017-06-23 09:42:09
09:42:12,09:42:12,10.87,--,10,10870,买盘,2017-06-23,2017-06-23 09:42:12
09:42:15,09:42:15,10.87,--,5,5435,买盘,2017-06-23,2017-06-23 09:42:15
09:42:21,09:42:21,10.87,--,84,91308,买盘,2017-06-23,2017-06-23 09:42:21
09:42:24,09:42:24,10.87,--,31,33697,买盘,2017-06-23,2017-06-23 09:42:24
09:42:27,09:42:27,10.87,--,8,8696,买盘,2017-06-23,2017-06-23 09:42:27
09:42:36,09:42:36,10.87,--,18,19566,买盘,2017-06-23,2017-06-23 09:42:36
09:42:39,09:42:39,10.87,--,5,5435,买盘,2017-06-23,2017-06-23 09:42:39
09:42:42,09:42:42,10.87,--,15,16304,买盘,2017-06-23,2017-06-23 09:42:42
09:42:48,09:42:48,10.87,--,42,45654,买盘,2017-06-23,2017-06-23 09:42:48
09:42:51,09:42:51,10.87,--,5,5435,买盘,2017-06-23,2017-06-23 09:42:51
09:43:09,09:43:09,10.87,--,10,10870,买盘,2017-06-23,2017-06-23 09:43:09
09:43:15,09:43:15,10.87,--,5,5435,买盘,2017-06-23,2017-06-23 09:43:15
09:43:18,09:43:18,10.87,--,5,5435,买盘,2017-06-23,2017-06-23 09:43:18
09:43:21,09:43:21,10.88,0.01,50,54400,买盘,2017-06-23,2017-06-23 09:43:21
09:43:27,09:43:27,10.86,-0.02,53,57558,卖盘,2017-06-23,2017-06-23 09:43:27
09:43:33,09:43:33,10.86,--,58,62988,买盘,2017-06-23,2017-06-23 09:43:33
09:43:36,09:43:36,10.86,--,5,5430,买盘,2017-06-23,2017-06-23 09:43:36
09:43:54,09:43:54,10.85,-0.01,11,11935,卖盘,2017-06-23,2017-06-23 09:43:54
09:43:57,09:43:57,10.86,0.01,64,69504,买盘,2017-06-23,2017-06-23 09:43:57
09:44:00,09:44:00,10.86,--,10,10860,买盘,2017-06-23,2017-06-23 09:44:00
09:44:15,09:44:15,10.86,--,5,5430,买盘,2017-06-23,2017-06-23 09:44:15
09:44:21,09:44:21,10.86,--,10,10860,买盘,2017-06-23,2017-06-23 09:44:21
09:44:24,09:44:24,10.85,-0.01,10,10850,卖盘,2017-06-23,2017-06-23 09:44:24
09:44:30,09:44:30,10.86,0.01,3,3258,买盘,2017-06-23,2017-06-23 09:44:30
09:44:33,09:44:33,10.85,-0.01,19,20615,卖盘,2017-06-23,2017-06-23 09:44:33
09:44:39,09:44:39,10.86,0.01,5,5430,买盘,2017-06-23,2017-06-23 09:44:39
09:44:42,09:44:42,10.85,-0.01,50,54250,卖盘,2017-06-23,2017-06-23 09:44:42
09:44:54,09:44:54,10.85,--,4,4340,卖盘,2017-06-23,2017-06-23 09:44:54
09:45:12,09:45:12,10.85,--,32,34720,卖盘,2017-06-23,2017-06-23 09:45:12
09:45:15,09:45:15,10.85,--,8,8680,买盘,2017-06-23,2017-06-23 09:45:15
09:45:18,09:45:18,10.85,--,10,10850,买盘,2017-06-23,2017-06-23 09:45:18
09:45:24,09:45:24,10.85,--,43,46655,买盘,2017-06-23,2017-06-23 09:45:24
09:45:30,09:45:30,10.86,0.01,7,7602,买盘,2017-06-23,2017-06-23 09:45:30
09:45:39,09:45:39,10.86,--,20,21720,买盘,2017-06-23,2017-06-23 09:45:39
09:45:42,09:45:42,10.86,--,2,2172,买盘,2017-06-23,2017-06-23 09:45:42
09:45:48,09:45:48,10.85,-0.01,78,84630,卖盘,2017-06-23,2017-06-23 09:45:48
09:45:57,09:45:57,10.86,0.01,19,20634,买盘,2017-06-23,2017-06-23 09:45:57
09:46:00,09:46:00,10.85,-0.01,28,30380,卖盘,2017-06-23,2017-06-23 09:46:00
09:46:06,09:46:06,10.86,0.01,20,21720,买盘,2017-06-23,2017-06-23 09:46:06
09:46:12,09:46:12,10.85,-0.01,40,43400,卖盘,2017-06-23,2017-06-23 09:46:12
09:46:15,09:46:15,10.86,0.01,2,2172,买盘,2017-06-23,2017-06-23 09:46:15
09:46:21,09:46:21,10.85,-0.01,20,21700,卖盘,2017-06-23,2017-06-23 09:46:21
09:46:36,09:46:36,10.85,--,30,32550,卖盘,2017-06-23,2017-06-23 09:46:36
09:46:54,09:46:54,10.85,--,6,6510,卖盘,2017-06-23,2017-06-23 09:46:54
09:47:03,09:47:03,10.86,0.01,1,1086,买盘,2017-06-23,2017-06-23 09:47:03
09:47:15,09:47:15,10.86,--,10,10860,买盘,2017-06-23,2017-06-23 09:47:15
09:47:21,09:47:21,10.86,--,11,11946,买盘,2017-06-23,2017-06-23 09:47:21
09:47:33,09:47:33,10.85,-0.01,1,1085,卖盘,2017-06-23,2017-06-23 09:47:33
09:47:36,09:47:36,10.86,0.01,7,7602,买盘,2017-06-23,2017-06-23 09:47:36
09:47:39,09:47:39,10.86,--,23,24978,买盘,2017-06-23,2017-06-23 09:47:39
09:47:42,09:47:42,10.86,--,51,55386,买盘,2017-06-23,2017-06-23 09:47:42
09:47:51,09:47:51,10.86,--,3,3258,买盘,2017-06-23,2017-06-23 09:47:51
09:47:54,09:47:54,10.86,--,10,10860,买盘,2017-06-23,2017-06-23 09:47:54
09:48:06,09:48:06,10.86,--,17,18462,买盘,2017-06-23,2017-06-23 09:48:06
09:48:24,09:48:24,10.85,-0.01,3,3255,卖盘,2017-06-23,2017-06-23 09:48:24
09:48:36,09:48:36,10.86,0.01,3,3258,买盘,2017-06-23,2017-06-23 09:48:36
09:48:54,09:48:54,10.85,-0.01,15,16275,卖盘,2017-06-23,2017-06-23 09:48:54
09:49:00,09:49:00,10.86,0.01,10,10860,买盘,2017-06-23,2017-06-23 09:49:00
09:49:09,09:49:09,10.86,--,18,19548,买盘,2017-06-23,2017-06-23 09:49:09
09:49:18,09:49:18,10.86,--,29,31494,买盘,2017-06-23,2017-06-23 09:49:18
09:49:36,09:49:36,10.87,0.01,10,10870,买盘,2017-06-23,2017-06-23 09:49:36
09:49:48,09:49:48,10.87,--,10,10870,买盘,2017-06-23,2017-06-23 09:49:48
09:49:51,09:49:51,10.87,--,28,30435,买盘,2017-06-23,2017-06-23 09:49:51
09:49:57,09:49:57,10.88,0.01,62,67456,买盘,2017-06-23,2017-06-23 09:49:57
09:50:06,09:50:06,10.88,--,5,5440,买盘,2017-06-23,2017-06-23 09:50:06
09:50:09,09:50:09,10.88,--,186,202368,买盘,2017-06-23,2017-06-23 09:50:09
09:50:18,09:50:18,10.88,--,6,6528,买盘,2017-06-23,2017-06-23 09:50:18
09:50:36,09:50:36,10.89,0.01,15,16335,买盘,2017-06-23,2017-06-23 09:50:36
09:50:42,09:50:42,10.88,-0.01,86,93568,卖盘,2017-06-23,2017-06-23 09:50:42
09:51:06,09:51:06,10.88,--,11,11968,卖盘,2017-06-23,2017-06-23 09:51:06
09:51:12,09:51:12,10.88,--,20,21760,买盘,2017-06-23,2017-06-23 09:51:12
09:51:15,09:51:15,10.88,--,6,6528,买盘,2017-06-23,2017-06-23 09:51:15
09:51:27,09:51:27,10.88,--,15,16320,买盘,2017-06-23,2017-06-23 09:51:27
09:51:45,09:51:45,10.86,-0.02,3,3258,卖盘,2017-06-23,2017-06-23 09:51:45
09:52:18,09:52:18,10.86,--,20,21720,卖盘,2017-06-23,2017-06-23 09:52:18
09:52:27,09:52:27,10.86,--,14,15204,卖盘,2017-06-23,2017-06-23 09:52:27
09:52:30,09:52:30,10.87,0.01,39,42393,买盘,2017-06-23,2017-06-23 09:52:30
09:52:54,09:52:54,10.87,--,1,1087,买盘,2017-06-23,2017-06-23 09:52:54
09:53:06,09:53:06,10.86,-0.01,1,1086,卖盘,2017-06-23,2017-06-23 09:53:06
09:53:18,09:53:18,10.86,--,2,2172,买盘,2017-06-23,2017-06-23 09:53:18
09:54:09,09:54:09,10.85,-0.01,2,2170,卖盘,2017-06-23,2017-06-23 09:54:09
09:54:33,09:54:33,10.85,--,19,20615,卖盘,2017-06-23,2017-06-23 09:54:33
09:54:39,09:54:39,10.85,--,112,121520,卖盘,2017-06-23,2017-06-23 09:54:39
09:54:57,09:54:57,10.85,--,7,7595,买盘,2017-06-23,2017-06-23 09:54:57
09:55:03,09:55:03,10.85,--,20,21700,买盘,2017-06-23,2017-06-23 09:55:03
09:55:12,09:55:12,10.85,--,46,49910,买盘,2017-06-23,2017-06-23 09:55:12
09:55:33,09:55:33,10.85,--,50,54250,卖盘,2017-06-23,2017-06-23 09:55:33
09:55:45,09:55:45,10.85,--,5,5425,卖盘,2017-06-23,2017-06-23 09:55:45
09:56:09,09:56:09,10.85,--,100,108500,卖盘,2017-06-23,2017-06-23 09:56:09
09:56:42,09:56:42,10.86,0.01,4,4344,买盘,2017-06-23,2017-06-23 09:56:42
09:56:48,09:56:48,10.85,-0.01,50,54250,卖盘,2017-06-23,2017-06-23 09:56:48
09:57:33,09:57:33,10.85,--,3,3255,卖盘,2017-06-23,2017-06-23 09:57:33
09:57:42,09:57:42,10.86,0.01,20,21720,买盘,2017-06-23,2017-06-23 09:57:42
09:58:06,09:58:06,10.86,--,1,1086,买盘,2017-06-23,2017-06-23 09:58:06
09:58:33,09:58:33,10.86,--,2,2172,买盘,2017-06-23,2017-06-23 09:58:33
09:58:36,09:58:36,10.86,--,71,77106,买盘,2017-06-23,2017-06-23 09:58:36
09:58:42,09:58:42,10.85,-0.01,5,5425,卖盘,2017-06-23,2017-06-23 09:58:42
09:58:54,09:58:54,10.85,--,42,45570,卖盘,2017-06-23,2017-06-23 09:58:54
09:59:00,09:59:00,10.85,--,137,148645,卖盘,2017-06-23,2017-06-23 09:59:00
09:59:12,09:59:12,10.85,--,13,14105,买盘,2017-06-23,2017-06-23 09:59:12
10:00:06,10:00:06,10.85,--,82,88970,中性盘,2017-06-23,2017-06-23 10:00:06
10:00:09,10:00:09,10.85,--,50,54250,买盘,2017-06-23,2017-06-23 10:00:09
10:00:12,10:00:12,10.85,--,13,14105,买盘,2017-06-23,2017-06-23 10:00:12
10:00:21,10:00:21,10.85,--,18,19530,买盘,2017-06-23,2017-06-23 10:00:21
10:00:45,10:00:45,10.85,--,10,10850,卖盘,2017-06-23,2017-06-23 10:00:45
10:00:54,10:00:54,10.86,0.01,27,29322,买盘,2017-06-23,2017-06-23 10:00:54
10:01:03,10:01:03,10.87,0.01,6,6521,买盘,2017-06-23,2017-06-23 10:01:03
10:01:09,10:01:09,10.86,-0.01,107,116202,卖盘,2017-06-23,2017-06-23 10:01:09
10:01:15,10:01:15,10.86,--,3,3258,买盘,2017-06-23,2017-06-23 10:01:15
10:01:24,10:01:24,10.86,--,48,52128,买盘,2017-06-23,2017-06-23 10:01:24
10:01:27,10:01:27,10.87,0.01,8,8696,买盘,2017-06-23,2017-06-23 10:01:27
10:01:42,10:01:42,10.87,--,34,36958,买盘,2017-06-23,2017-06-23 10:01:42
10:02:03,10:02:03,10.87,--,1,1087,买盘,2017-06-23,2017-06-23 10:02:03
10:02:12,10:02:12,10.87,--,13,14130,买盘,2017-06-23,2017-06-23 10:02:12
10:02:30,10:02:30,10.87,--,29,31522,买盘,2017-06-23,2017-06-23 10:02:30
10:02:42,10:02:42,10.87,--,6,6521,卖盘,2017-06-23,2017-06-23 10:02:42
10:02:48,10:02:48,10.87,--,20,21740,买盘,2017-06-23,2017-06-23 10:02:48
10:02:51,10:02:51,10.87,--,10,10870,买盘,2017-06-23,2017-06-23 10:02:51
10:02:54,10:02:54,10.87,--,13,14130,买盘,2017-06-23,2017-06-23 10:02:54
10:03:21,10:03:21,10.87,--,21,22827,买盘,2017-06-23,2017-06-23 10:03:21
10:03:24,10:03:24,10.87,--,5,5435,卖盘,2017-06-23,2017-06-23 10:03:24
10:03:54,10:03:54,10.87,--,2,2174,卖盘,2017-06-23,2017-06-23 10:03:54
10:03:57,10:03:57,10.88,0.01,6,6528,买盘,2017-06-23,2017-06-23 10:03:57
10:04:21,10:04:21,10.88,--,3,3264,买盘,2017-06-23,2017-06-23 10:04:21
10:04:33,10:04:33,10.87,-0.01,216,234791,卖盘,2017-06-23,2017-06-23 10:04:33
10:04:36,10:04:36,10.87,--,7,7608,买盘,2017-06-23,2017-06-23 10:04:36
10:04:51,10:04:51,10.87,--,9,9783,买盘,2017-06-23,2017-06-23 10:04:51
10:05:00,10:05:00,10.87,--,5,5435,买盘,2017-06-23,2017-06-23 10:05:00
10:05:06,10:05:06,10.87,--,3,3260,买盘,2017-06-23,2017-06-23 10:05:06
10:05:24,10:05:24,10.87,--,46,50002,买盘,2017-06-23,2017-06-23 10:05:24
10:05:48,10:05:48,10.86,-0.01,180,195480,卖盘,2017-06-23,2017-06-23 10:05:48
10:06:39,10:06:39,10.87,0.01,1,1087,买盘,2017-06-23,2017-06-23 10:06:39
10:06:48,10:06:48,10.86,-0.01,16,17376,卖盘,2017-06-23,2017-06-23 10:06:48
10:06:51,10:06:51,10.87,0.01,1,1087,买盘,2017-06-23,2017-06-23 10:06:51
10:07:15,10:07:15,10.87,--,20,21740,买盘,2017-06-23,2017-06-23 10:07:15
10:07:36,10:07:36,10.86,-0.01,10,10860,卖盘,2017-06-23,2017-06-23 10:07:36
10:07:57,10:07:57,10.86,--,30,32580,卖盘,2017-06-23,2017-06-23 10:07:57
10:08:00,10:08:00,10.86,--,17,18462,卖盘,2017-06-23,2017-06-23 10:08:00
10:08:03,10:08:03,10.86,--,266,288876,卖盘,2017-06-23,2017-06-23 10:08:03
10:08:06,10:08:06,10.86,--,17,18462,卖盘,2017-06-23,2017-06-23 10:08:06
10:08:39,10:08:39,10.87,0.01,30,32609,中性盘,2017-06-23,2017-06-23 10:08:39
10:08:42,10:08:42,10.86,-0.01,1,1086,卖盘,2017-06-23,2017-06-23 10:08:42
10:09:03,10:09:03,10.87,0.01,5,5435,买盘,2017-06-23,2017-06-23 10:09:03
10:09:24,10:09:24,10.87,--,10,10870,买盘,2017-06-23,2017-06-23 10:09:24
10:09:45,10:09:45,10.87,--,84,91308,买盘,2017-06-23,2017-06-23 10:09:45
10:09:51,10:09:51,10.86,-0.01,2,2172,卖盘,2017-06-23,2017-06-23 10:09:51
10:09:54,10:09:54,10.87,0.01,11,11957,买盘,2017-06-23,2017-06-23 10:09:54
10:10:06,10:10:06,10.87,--,96,104351,买盘,2017-06-23,2017-06-23 10:10:06
10:10:33,10:10:33,10.88,0.01,38,41344,买盘,2017-06-23,2017-06-23 10:10:33
10:10:42,10:10:42,10.88,--,9,9792,买盘,2017-06-23,2017-06-23 10:10:42
10:10:45,10:10:45,10.88,--,10,10880,买盘,2017-06-23,2017-06-23 10:10:45
10:10:54,10:10:54,10.88,--,6,6528,买盘,2017-06-23,2017-06-23 10:10:54
10:11:09,10:11:09,10.88,--,64,69632,买盘,2017-06-23,2017-06-23 10:11:09
10:11:30,10:11:30,10.87,-0.01,10,10870,卖盘,2017-06-23,2017-06-23 10:11:30
10:11:36,10:11:36,10.88,0.01,27,29376,买盘,2017-06-23,2017-06-23 10:11:36
10:11:45,10:11:45,10.87,-0.01,40,43480,卖盘,2017-06-23,2017-06-23 10:11:45
10:12:57,10:12:57,10.87,--,10,10870,卖盘,2017-06-23,2017-06-23 10:12:57
10:13:09,10:13:09,10.88,0.01,40,43520,买盘,2017-06-23,2017-06-23 10:13:09
10:13:42,10:13:42,10.87,-0.01,30,32609,卖盘,2017-06-23,2017-06-23 10:13:42
10:14:03,10:14:03,10.87,--,8,8696,卖盘,2017-06-23,2017-06-23 10:14:03
10:14:09,10:14:09,10.88,0.01,4,4352,买盘,2017-06-23,2017-06-23 10:14:09
10:14:12,10:14:12,10.87,-0.01,1,1087,卖盘,2017-06-23,2017-06-23 10:14:12
10:14:18,10:14:18,10.87,--,4,4348,卖盘,2017-06-23,2017-06-23 10:14:18
10:14:30,10:14:30,10.87,--,172,186964,卖盘,2017-06-23,2017-06-23 10:14:30
10:14:51,10:14:51,10.87,--,2,2174,买盘,2017-06-23,2017-06-23 10:14:51
10:15:00,10:15:00,10.87,--,7,7608,买盘,2017-06-23,2017-06-23 10:15:00
10:15:15,10:15:15,10.87,--,23,25001,买盘,2017-06-23,2017-06-23 10:15:15
10:15:27,10:15:27,10.87,--,1,1087,买盘,2017-06-23,2017-06-23 10:15:27
10:15:30,10:15:30,10.87,--,10,10870,买盘,2017-06-23,2017-06-23 10:15:30
10:15:39,10:15:39,10.87,--,1,1087,买盘,2017-06-23,2017-06-23 10:15:39
10:15:51,10:15:51,10.87,--,22,23914,卖盘,2017-06-23,2017-06-23 10:15:51
10:16:00,10:16:00,10.87,--,7,7608,买盘,2017-06-23,2017-06-23 10:16:00
10:16:03,10:16:03,10.87,--,20,21740,买盘,2017-06-23,2017-06-23 10:16:03
10:16:15,10:16:15,10.87,--,79,85873,买盘,2017-06-23,2017-06-23 10:16:15
10:17:00,10:17:00,10.88,0.01,2,2176,买盘,2017-06-23,2017-06-23 10:17:00
10:17:06,10:17:06,10.88,--,200,217600,买盘,2017-06-23,2017-06-23 10:17:06
10:17:27,10:17:27,10.88,--,10,10880,买盘,2017-06-23,2017-06-23 10:17:27
10:17:36,10:17:36,10.88,--,6,6528,买盘,2017-06-23,2017-06-23 10:17:36
10:17:45,10:17:45,10.88,--,5,5440,买盘,2017-06-23,2017-06-23 10:17:45
10:17:48,10:17:48,10.88,--,1,1088,买盘,2017-06-23,2017-06-23 10:17:48
10:18:15,10:18:15,10.88,--,1,1088,中性盘,2017-06-23,2017-06-23 10:18:15
10:18:54,10:18:54,10.89,0.01,20,21780,买盘,2017-06-23,2017-06-23 10:18:54
10:19:00,10:19:00,10.89,--,4,4356,买盘,2017-06-23,2017-06-23 10:19:00
10:19:03,10:19:03,10.89,--,93,101277,买盘,2017-06-23,2017-06-23 10:19:03
10:19:06,10:19:06,10.91,0.02,100,109100,买盘,2017-06-23,2017-06-23 10:19:06
10:19:15,10:19:15,10.91,--,4,4364,买盘,2017-06-23,2017-06-23 10:19:15
10:19:18,10:19:18,10.95,0.04,200,219000,买盘,2017-06-23,2017-06-23 10:19:18
10:19:39,10:19:39,10.94,-0.01,1,1094,中性盘,2017-06-23,2017-06-23 10:19:39
10:19:42,10:19:42,10.91,-0.03,37,40367,卖盘,2017-06-23,2017-06-23 10:19:42
10:19:45,10:19:45,10.91,--,6,6546,买盘,2017-06-23,2017-06-23 10:19:45
10:19:48,10:19:48,10.91,--,20,21820,买盘,2017-06-23,2017-06-23 10:19:48
10:19:54,10:19:54,10.91,--,10,10910,买盘,2017-06-23,2017-06-23 10:19:54
10:19:57,10:19:57,10.9,-0.01,1,1090,买盘,2017-06-23,2017-06-23 10:19:57
10:20:00,10:20:00,10.91,0.01,53,57823,买盘,2017-06-23,2017-06-23 10:20:00
10:20:21,10:20:21,10.92,0.01,6,6552,中性盘,2017-06-23,2017-06-23 10:20:21
10:20:30,10:20:30,10.92,--,10,10920,买盘,2017-06-23,2017-06-23 10:20:30
10:20:33,10:20:33,10.94,0.02,75,82050,买盘,2017-06-23,2017-06-23 10:20:33
10:20:42,10:20:42,10.93,-0.01,57,62301,中性盘,2017-06-23,2017-06-23 10:20:42
10:21:03,10:21:03,10.93,--,3,3279,买盘,2017-06-23,2017-06-23 10:21:03
10:21:06,10:21:06,10.93,--,70,76510,卖盘,2017-06-23,2017-06-23 10:21:06
10:21:12,10:21:12,10.93,--,10,10930,买盘,2017-06-23,2017-06-23 10:21:12
10:21:21,10:21:21,10.93,--,53,57929,买盘,2017-06-23,2017-06-23 10:21:21
10:21:33,10:21:33,10.93,--,9,9837,卖盘,2017-06-23,2017-06-23 10:21:33
10:21:39,10:21:39,10.93,--,10,10930,卖盘,2017-06-23,2017-06-23 10:21:39
10:21:42,10:21:42,10.93,--,10,10930,买盘,2017-06-23,2017-06-23 10:21:42
10:21:45,10:21:45,10.93,--,2,2186,买盘,2017-06-23,2017-06-23 10:21:45
10:21:57,10:21:57,10.92,-0.01,10,10920,卖盘,2017-06-23,2017-06-23 10:21:57
10:22:00,10:22:00,10.92,--,9,9828,买盘,2017-06-23,2017-06-23 10:22:00
10:22:15,10:22:15,10.92,--,1,1092,买盘,2017-06-23,2017-06-23 10:22:15
10:22:30,10:22:30,10.92,--,6,6552,买盘,2017-06-23,2017-06-23 10:22:30
10:22:33,10:22:33,10.92,--,5,5460,卖盘,2017-06-23,2017-06-23 10:22:33
10:22:51,10:22:51,10.92,--,27,29484,卖盘,2017-06-23,2017-06-23 10:22:51
10:22:57,10:22:57,10.91,-0.01,17,18547,卖盘,2017-06-23,2017-06-23 10:22:57
10:23:06,10:23:06,10.9,-0.01,22,23980,卖盘,2017-06-23,2017-06-23 10:23:06
10:23:12,10:23:12,10.91,0.01,10,10910,买盘,2017-06-23,2017-06-23 10:23:12
10:23:39,10:23:39,10.9,-0.01,50,54500,卖盘,2017-06-23,2017-06-23 10:23:39
10:23:42,10:23:42,10.91,0.01,3,3273,买盘,2017-06-23,2017-06-23 10:23:42
10:23:45,10:23:45,10.9,-0.01,2,2180,卖盘,2017-06-23,2017-06-23 10:23:45
10:23:48,10:23:48,10.91,0.01,5,5455,买盘,2017-06-23,2017-06-23 10:23:48
10:23:54,10:23:54,10.9,-0.01,6,6540,买盘,2017-06-23,2017-06-23 10:23:54
10:24:06,10:24:06,10.91,0.01,4,4364,买盘,2017-06-23,2017-06-23 10:24:06
10:24:09,10:24:09,10.9,-0.01,28,30520,卖盘,2017-06-23,2017-06-23 10:24:09
10:24:12,10:24:12,10.91,0.01,8,8728,买盘,2017-06-23,2017-06-23 10:24:12
10:24:27,10:24:27,10.91,--,5,5455,买盘,2017-06-23,2017-06-23 10:24:27
10:24:42,10:24:42,10.91,--,5,5455,买盘,2017-06-23,2017-06-23 10:24:42
10:24:51,10:24:51,10.91,--,3,3273,买盘,2017-06-23,2017-06-23 10:24:51
10:25:00,10:25:00,10.91,--,1,1091,买盘,2017-06-23,2017-06-23 10:25:00
10:25:03,10:25:03,10.91,--,5,5455,买盘,2017-06-23,2017-06-23 10:25:03
10:25:21,10:25:21,10.91,--,5,5455,买盘,2017-06-23,2017-06-23 10:25:21
10:25:24,10:25:24,10.91,--,10,10910,买盘,2017-06-23,2017-06-23 10:25:24
10:25:33,10:25:33,10.91,--,2,2182,买盘,2017-06-23,2017-06-23 10:25:33
10:25:36,10:25:36,10.91,--,2,2182,买盘,2017-06-23,2017-06-23 10:25:36
10:25:42,10:25:42,10.91,--,30,32730,买盘,2017-06-23,2017-06-23 10:25:42
10:25:51,10:25:51,10.91,--,12,13092,买盘,2017-06-23,2017-06-23 10:25:51
10:26:09,10:26:09,10.91,--,13,14183,卖盘,2017-06-23,2017-06-23 10:26:09
10:26:21,10:26:21,10.91,--,2,2182,卖盘,2017-06-23,2017-06-23 10:26:21
10:26:24,10:26:24,10.91,--,4,4364,卖盘,2017-06-23,2017-06-23 10:26:24
10:26:42,10:26:42,10.91,--,25,27275,卖盘,2017-06-23,2017-06-23 10:26:42
10:26:57,10:26:57,10.91,--,3,3273,卖盘,2017-06-23,2017-06-23 10:26:57
10:27:03,10:27:03,10.91,--,2,2182,卖盘,2017-06-23,2017-06-23 10:27:03
10:27:12,10:27:12,10.91,--,22,24002,卖盘,2017-06-23,2017-06-23 10:27:12
10:27:39,10:27:39,10.92,0.01,11,12012,买盘,2017-06-23,2017-06-23 10:27:39
10:27:48,10:27:48,10.92,--,10,10920,卖盘,2017-06-23,2017-06-23 10:27:48
10:27:57,10:27:57,10.92,--,30,32760,卖盘,2017-06-23,2017-06-23 10:27:57
10:28:06,10:28:06,10.92,--,18,19656,卖盘,2017-06-23,2017-06-23 10:28:06
10:28:12,10:28:12,10.93,0.01,2,2186,买盘,2017-06-23,2017-06-23 10:28:12
10:28:21,10:28:21,10.92,-0.01,2,2184,卖盘,2017-06-23,2017-06-23 10:28:21
10:28:42,10:28:42,10.92,--,528,576576,买盘,2017-06-23,2017-06-23 10:28:42
10:28:54,10:28:54,10.92,--,11,12012,卖盘,2017-06-23,2017-06-23 10:28:54
10:29:15,10:29:15,10.94,0.02,381,416814,买盘,2017-06-23,2017-06-23 10:29:15
10:29:33,10:29:33,10.96,0.02,230,252080,买盘,2017-06-23,2017-06-23 10:29:33
10:29:48,10:29:48,10.96,--,39,42744,买盘,2017-06-23,2017-06-23 10:29:48
10:29:54,10:29:54,10.96,--,17,18632,买盘,2017-06-23,2017-06-23 10:29:54
10:30:09,10:30:09,10.96,--,37,40552,卖盘,2017-06-23,2017-06-23 10:30:09
10:30:12,10:30:12,10.96,--,10,10960,买盘,2017-06-23,2017-06-23 10:30:12
10:30:15,10:30:15,10.96,--,5,5480,买盘,2017-06-23,2017-06-23 10:30:15
10:30:21,10:30:21,10.96,--,5,5480,买盘,2017-06-23,2017-06-23 10:30:21
10:30:27,10:30:27,10.96,--,5,5480,买盘,2017-06-23,2017-06-23 10:30:27
10:30:39,10:30:39,10.96,--,5,5480,买盘,2017-06-23,2017-06-23 10:30:39
10:30:45,10:30:45,10.96,--,41,44936,买盘,2017-06-23,2017-06-23 10:30:45
10:30:48,10:30:48,10.94,-0.02,101,110494,卖盘,2017-06-23,2017-06-23 10:30:48
10:30:51,10:30:51,10.95,0.01,18,19710,卖盘,2017-06-23,2017-06-23 10:30:51
10:31:00,10:31:00,10.95,--,2,2190,卖盘,2017-06-23,2017-06-23 10:31:00
10:31:09,10:31:09,10.94,-0.01,29,31726,卖盘,2017-06-23,2017-06-23 10:31:09
10:31:27,10:31:27,10.94,--,15,16410,买盘,2017-06-23,2017-06-23 10:31:27
10:31:45,10:31:45,10.93,-0.01,5,5465,中性盘,2017-06-23,2017-06-23 10:31:45
10:32:03,10:32:03,10.93,--,48,52464,买盘,2017-06-23,2017-06-23 10:32:03
10:32:09,10:32:09,10.96,0.03,223,244408,买盘,2017-06-23,2017-06-23 10:32:09
10:32:21,10:32:21,10.96,--,67,73432,卖盘,2017-06-23,2017-06-23 10:32:21
10:32:33,10:32:33,10.96,--,35,38360,卖盘,2017-06-23,2017-06-23 10:32:33
10:32:36,10:32:36,10.96,--,3,3288,买盘,2017-06-23,2017-06-23 10:32:36
10:32:51,10:32:51,10.93,-0.03,2,2186,卖盘,2017-06-23,2017-06-23 10:32:51
10:32:57,10:32:57,10.93,--,6,6558,卖盘,2017-06-23,2017-06-23 10:32:57
10:33:06,10:33:06,10.96,0.03,30,32880,买盘,2017-06-23,2017-06-23 10:33:06
10:33:33,10:33:33,10.96,--,4,4384,买盘,2017-06-23,2017-06-23 10:33:33
10:34:03,10:34:03,10.95,-0.01,2,2190,中性盘,2017-06-23,2017-06-23 10:34:03
10:34:06,10:34:06,10.95,--,11,12045,买盘,2017-06-23,2017-06-23 10:34:06
10:34:09,10:34:09,10.95,--,20,21900,买盘,2017-06-23,2017-06-23 10:34:09
10:34:30,10:34:30,10.94,-0.01,27,29538,卖盘,2017-06-23,2017-06-23 10:34:30
10:34:57,10:34:57,10.93,-0.01,22,24046,卖盘,2017-06-23,2017-06-23 10:34:57
10:35:00,10:35:00,10.93,--,1,1093,卖盘,2017-06-23,2017-06-23 10:35:00
10:35:06,10:35:06,10.94,0.01,2,2188,买盘,2017-06-23,2017-06-23 10:35:06
10:35:18,10:35:18,10.93,-0.01,63,68859,卖盘,2017-06-23,2017-06-23 10:35:18
10:35:42,10:35:42,10.92,-0.01,15,16380,卖盘,2017-06-23,2017-06-23 10:35:42
10:35:51,10:35:51,10.93,0.01,10,10930,买盘,2017-06-23,2017-06-23 10:35:51
10:36:06,10:36:06,10.93,--,55,60115,买盘,2017-06-23,2017-06-23 10:36:06
10:36:27,10:36:27,10.92,-0.01,24,26208,卖盘,2017-06-23,2017-06-23 10:36:27
10:36:33,10:36:33,10.92,--,30,32760,卖盘,2017-06-23,2017-06-23 10:36:33
10:36:36,10:36:36,10.92,--,14,15288,卖盘,2017-06-23,2017-06-23 10:36:36
10:36:45,10:36:45,10.91,-0.01,9,9819,卖盘,2017-06-23,2017-06-23 10:36:45
10:37:09,10:37:09,10.91,--,3,3273,卖盘,2017-06-23,2017-06-23 10:37:09
10:37:24,10:37:24,10.92,0.01,11,12012,买盘,2017-06-23,2017-06-23 10:37:24
10:37:30,10:37:30,10.92,--,7,7644,卖盘,2017-06-23,2017-06-23 10:37:30
10:38:03,10:38:03,10.93,0.01,2,2186,买盘,2017-06-23,2017-06-23 10:38:03
10:38:12,10:38:12,10.91,-0.02,80,87280,卖盘,2017-06-23,2017-06-23 10:38:12
10:38:36,10:38:36,10.91,--,7,7637,卖盘,2017-06-23,2017-06-23 10:38:36
10:38:54,10:38:54,10.91,--,30,32730,卖盘,2017-06-23,2017-06-23 10:38:54
10:39:03,10:39:03,10.92,0.01,2,2184,买盘,2017-06-23,2017-06-23 10:39:03
10:39:18,10:39:18,10.91,-0.01,13,14183,卖盘,2017-06-23,2017-06-23 10:39:18
10:39:48,10:39:48,10.92,0.01,7,7644,买盘,2017-06-23,2017-06-23 10:39:48
10:39:51,10:39:51,10.92,--,1,1092,买盘,2017-06-23,2017-06-23 10:39:51
10:40:03,10:40:03,10.92,--,5,5460,买盘,2017-06-23,2017-06-23 10:40:03
10:40:21,10:40:21,10.92,--,9,9828,买盘,2017-06-23,2017-06-23 10:40:21
10:40:42,10:40:42,10.92,--,35,38220,买盘,2017-06-23,2017-06-23 10:40:42
10:41:00,10:41:00,10.92,--,50,54600,卖盘,2017-06-23,2017-06-23 10:41:00
10:41:21,10:41:21,10.93,0.01,1,1093,买盘,2017-06-23,2017-06-23 10:41:21
10:41:27,10:41:27,10.93,--,3,3279,买盘,2017-06-23,2017-06-23 10:41:27
10:41:39,10:41:39,10.92,-0.01,17,18564,卖盘,2017-06-23,2017-06-23 10:41:39
10:42:06,10:42:06,10.92,--,8,8736,买盘,2017-06-23,2017-06-23 10:42:06
10:42:15,10:42:15,10.92,--,10,10920,买盘,2017-06-23,2017-06-23 10:42:15
10:42:39,10:42:39,10.93,0.01,5,5465,买盘,2017-06-23,2017-06-23 10:42:39
10:42:54,10:42:54,10.93,--,14,15302,买盘,2017-06-23,2017-06-23 10:42:54
10:43:12,10:43:12,10.92,-0.01,2,2184,卖盘,2017-06-23,2017-06-23 10:43:12
10:43:21,10:43:21,10.92,--,34,37128,买盘,2017-06-23,2017-06-23 10:43:21
10:43:39,10:43:39,10.93,0.01,7,7651,买盘,2017-06-23,2017-06-23 10:43:39
10:43:42,10:43:42,10.93,--,13,14209,卖盘,2017-06-23,2017-06-23 10:43:42
10:44:15,10:44:15,10.93,--,2,2186,卖盘,2017-06-23,2017-06-23 10:44:15
10:44:21,10:44:21,10.93,--,6,6558,卖盘,2017-06-23,2017-06-23 10:44:21
10:44:27,10:44:27,10.93,--,1,1093,买盘,2017-06-23,2017-06-23 10:44:27
10:44:33,10:44:33,10.93,--,53,57929,买盘,2017-06-23,2017-06-23 10:44:33
10:44:51,10:44:51,10.93,--,18,19674,卖盘,2017-06-23,2017-06-23 10:44:51
10:45:03,10:45:03,10.93,--,2,2186,卖盘,2017-06-23,2017-06-23 10:45:03
10:45:06,10:45:06,10.93,--,80,87440,卖盘,2017-06-23,2017-06-23 10:45:06
10:45:12,10:45:12,10.94,0.01,20,21880,买盘,2017-06-23,2017-06-23 10:45:12
10:45:30,10:45:30,10.93,-0.01,1,1093,中性盘,2017-06-23,2017-06-23 10:45:30
10:45:54,10:45:54,10.93,--,1,1093,卖盘,2017-06-23,2017-06-23 10:45:54
10:46:15,10:46:15,10.93,--,2,2186,买盘,2017-06-23,2017-06-23 10:46:15
10:46:36,10:46:36,10.93,--,20,21860,买盘,2017-06-23,2017-06-23 10:46:36
10:46:39,10:46:39,10.93,--,2,2186,买盘,2017-06-23,2017-06-23 10:46:39
10:46:42,10:46:42,10.93,--,19,20767,买盘,2017-06-23,2017-06-23 10:46:42
10:46:54,10:46:54,10.93,--,8,8744,卖盘,2017-06-23,2017-06-23 10:46:54
10:48:21,10:48:21,10.93,--,10,10930,买盘,2017-06-23,2017-06-23 10:48:21
10:48:30,10:48:30,10.92,-0.01,10,10920,卖盘,2017-06-23,2017-06-23 10:48:30
10:48:51,10:48:51,10.93,0.01,10,10930,买盘,2017-06-23,2017-06-23 10:48:51
10:48:57,10:48:57,10.93,--,30,32790,买盘,2017-06-23,2017-06-23 10:48:57
10:49:12,10:49:12,10.93,--,2,2186,卖盘,2017-06-23,2017-06-23 10:49:12
10:49:18,10:49:18,10.93,--,10,10930,卖盘,2017-06-23,2017-06-23 10:49:18
10:49:21,10:49:21,10.93,--,12,13116,卖盘,2017-06-23,2017-06-23 10:49:21
10:49:27,10:49:27,10.93,--,4,4372,卖盘,2017-06-23,2017-06-23 10:49:27
10:50:00,10:50:00,10.93,--,5,5465,买盘,2017-06-23,2017-06-23 10:50:00
10:50:03,10:50:03,10.93,--,8,8744,买盘,2017-06-23,2017-06-23 10:50:03
10:50:12,10:50:12,10.93,--,2,2186,卖盘,2017-06-23,2017-06-23 10:50:12
10:50:18,10:50:18,10.93,--,48,52464,卖盘,2017-06-23,2017-06-23 10:50:18
10:50:51,10:50:51,10.93,--,1,1093,卖盘,2017-06-23,2017-06-23 10:50:51
10:51:00,10:51:00,10.92,-0.01,9,9828,卖盘,2017-06-23,2017-06-23 10:51:00
10:51:33,10:51:33,10.92,--,15,16380,卖盘,2017-06-23,2017-06-23 10:51:33
10:51:36,10:51:36,10.93,0.01,1,1093,买盘,2017-06-23,2017-06-23 10:51:36
10:51:45,10:51:45,10.92,-0.01,2,2184,卖盘,2017-06-23,2017-06-23 10:51:45
10:52:00,10:52:00,10.92,--,4,4368,卖盘,2017-06-23,2017-06-23 10:52:00
10:52:15,10:52:15,10.93,0.01,26,28418,买盘,2017-06-23,2017-06-23 10:52:15
10:52:39,10:52:39,10.93,--,5,5465,卖盘,2017-06-23,2017-06-23 10:52:39
10:52:54,10:52:54,10.94,0.01,1,1094,买盘,2017-06-23,2017-06-23 10:52:54
10:53:06,10:53:06,10.93,-0.01,22,24046,卖盘,2017-06-23,2017-06-23 10:53:06
10:53:15,10:53:15,10.93,--,3,3279,买盘,2017-06-23,2017-06-23 10:53:15
10:54:42,10:54:42,10.93,--,5,5465,买盘,2017-06-23,2017-06-23 10:54:42
10:54:54,10:54:54,10.93,--,5,5465,卖盘,2017-06-23,2017-06-23 10:54:54
10:55:06,10:55:06,10.93,--,2,2186,买盘,2017-06-23,2017-06-23 10:55:06
10:55:09,10:55:09,10.93,--,93,101649,买盘,2017-06-23,2017-06-23 10:55:09
10:55:18,10:55:18,10.94,0.01,20,21880,买盘,2017-06-23,2017-06-23 10:55:18
10:56:00,10:56:00,10.94,--,5,5470,买盘,2017-06-23,2017-06-23 10:56:00
10:56:24,10:56:24,10.94,--,2,2188,买盘,2017-06-23,2017-06-23 10:56:24
10:56:27,10:56:27,10.94,--,25,27350,买盘,2017-06-23,2017-06-23 10:56:27
10:56:33,10:56:33,10.93,-0.01,3,3279,卖盘,2017-06-23,2017-06-23 10:56:33
10:56:42,10:56:42,10.93,--,11,12023,卖盘,2017-06-23,2017-06-23 10:56:42
10:57:09,10:57:09,10.93,--,5,5465,卖盘,2017-06-23,2017-06-23 10:57:09
10:57:12,10:57:12,10.93,--,5,5465,卖盘,2017-06-23,2017-06-23 10:57:12
10:57:51,10:57:51,10.93,--,5,5465,卖盘,2017-06-23,2017-06-23 10:57:51
10:58:00,10:58:00,10.94,0.01,10,10940,买盘,2017-06-23,2017-06-23 10:58:00
10:58:09,10:58:09,10.93,-0.01,67,73231,卖盘,2017-06-23,2017-06-23 10:58:09
10:58:27,10:58:27,10.94,0.01,3,3282,买盘,2017-06-23,2017-06-23 10:58:27
10:58:48,10:58:48,10.93,-0.01,12,13116,卖盘,2017-06-23,2017-06-23 10:58:48
10:58:54,10:58:54,10.94,0.01,20,21880,买盘,2017-06-23,2017-06-23 10:58:54
10:59:06,10:59:06,10.94,--,10,10940,买盘,2017-06-23,2017-06-23 10:59:06
10:59:15,10:59:15,10.94,--,2,2188,买盘,2017-06-23,2017-06-23 10:59:15
10:59:27,10:59:27,10.94,--,10,10940,买盘,2017-06-23,2017-06-23 10:59:27
10:59:30,10:59:30,10.93,-0.01,17,18581,卖盘,2017-06-23,2017-06-23 10:59:30
10:59:45,10:59:45,10.94,0.01,7,7658,买盘,2017-06-23,2017-06-23 10:59:45
10:59:48,10:59:48,10.94,--,51,55794,买盘,2017-06-23,2017-06-23 10:59:48
11:00:06,11:00:06,10.95,0.01,8,8760,买盘,2017-06-23,2017-06-23 11:00:06
11:00:15,11:00:15,10.94,-0.01,11,12034,卖盘,2017-06-23,2017-06-23 11:00:15
11:00:30,11:00:30,10.95,0.01,108,118259,买盘,2017-06-23,2017-06-23 11:00:30
11:00:33,11:00:33,10.95,--,32,35040,卖盘,2017-06-23,2017-06-23 11:00:33
11:01:06,11:01:06,10.96,0.01,10,10960,买盘,2017-06-23,2017-06-23 11:01:06
11:01:30,11:01:30,10.96,--,64,70144,买盘,2017-06-23,2017-06-23 11:01:30
11:01:36,11:01:36,10.95,-0.01,3,3285,卖盘,2017-06-23,2017-06-23 11:01:36
11:01:45,11:01:45,10.96,0.01,8,8768,买盘,2017-06-23,2017-06-23 11:01:45
11:01:48,11:01:48,10.96,--,10,10960,买盘,2017-06-23,2017-06-23 11:01:48
11:01:57,11:01:57,10.96,--,29,31784,买盘,2017-06-23,2017-06-23 11:01:57
11:02:12,11:02:12,10.96,--,4,4384,买盘,2017-06-23,2017-06-23 11:02:12
11:02:45,11:02:45,10.95,-0.01,125,136875,卖盘,2017-06-23,2017-06-23 11:02:45
11:02:57,11:02:57,10.96,0.01,10,10960,买盘,2017-06-23,2017-06-23 11:02:57
11:03:27,11:03:27,10.96,--,15,16440,买盘,2017-06-23,2017-06-23 11:03:27
11:03:42,11:03:42,10.96,--,52,56992,买盘,2017-06-23,2017-06-23 11:03:42
11:03:48,11:03:48,10.96,--,15,16440,卖盘,2017-06-23,2017-06-23 11:03:48
11:04:03,11:04:03,10.97,0.01,10,10970,买盘,2017-06-23,2017-06-23 11:04:03
11:04:06,11:04:06,10.96,-0.01,10,10960,卖盘,2017-06-23,2017-06-23 11:04:06
11:04:39,11:04:39,10.96,--,51,55896,卖盘,2017-06-23,2017-06-23 11:04:39
11:04:48,11:04:48,10.96,--,30,32880,卖盘,2017-06-23,2017-06-23 11:04:48
11:05:00,11:05:00,10.96,--,2,2192,卖盘,2017-06-23,2017-06-23 11:05:00
11:05:06,11:05:06,10.96,--,70,76720,卖盘,2017-06-23,2017-06-23 11:05:06
11:05:30,11:05:30,10.95,-0.01,10,10950,卖盘,2017-06-23,2017-06-23 11:05:30
11:05:39,11:05:39,10.96,0.01,5,5480,买盘,2017-06-23,2017-06-23 11:05:39
11:05:57,11:05:57,10.96,--,20,21920,买盘,2017-06-23,2017-06-23 11:05:57
11:06:03,11:06:03,10.95,-0.01,1,1095,卖盘,2017-06-23,2017-06-23 11:06:03
11:06:15,11:06:15,10.95,--,147,160965,卖盘,2017-06-23,2017-06-23 11:06:15
11:06:21,11:06:21,10.95,--,22,24090,卖盘,2017-06-23,2017-06-23 11:06:21
11:06:27,11:06:27,10.95,--,10,10950,卖盘,2017-06-23,2017-06-23 11:06:27
11:06:30,11:06:30,10.95,--,10,10950,卖盘,2017-06-23,2017-06-23 11:06:30
11:06:48,11:06:48,10.95,--,2,2190,卖盘,2017-06-23,2017-06-23 11:06:48
11:06:51,11:06:51,10.95,--,3,3285,卖盘,2017-06-23,2017-06-23 11:06:51
11:06:54,11:06:54,10.95,--,7,7664,卖盘,2017-06-23,2017-06-23 11:06:54
11:06:57,11:06:57,10.94,-0.01,1,1094,卖盘,2017-06-23,2017-06-23 11:06:57
11:07:00,11:07:00,10.94,--,1,1094,卖盘,2017-06-23,2017-06-23 11:07:00
11:07:06,11:07:06,10.94,--,11,12034,卖盘,2017-06-23,2017-06-23 11:07:06
11:07:12,11:07:12,10.94,--,8,8752,卖盘,2017-06-23,2017-06-23 11:07:12
11:07:24,11:07:24,10.94,--,8,8752,卖盘,2017-06-23,2017-06-23 11:07:24
11:07:27,11:07:27,10.93,-0.01,20,21860,卖盘,2017-06-23,2017-06-23 11:07:27
11:07:33,11:07:33,10.94,0.01,26,28444,买盘,2017-06-23,2017-06-23 11:07:33
11:07:36,11:07:36,10.93,-0.01,2,2186,卖盘,2017-06-23,2017-06-23 11:07:36
11:07:51,11:07:51,10.93,--,10,10930,卖盘,2017-06-23,2017-06-23 11:07:51
11:07:54,11:07:54,10.93,--,45,49185,卖盘,2017-06-23,2017-06-23 11:07:54
11:08:09,11:08:09,10.93,--,3,3279,卖盘,2017-06-23,2017-06-23 11:08:09
11:08:15,11:08:15,10.94,0.01,5,5470,买盘,2017-06-23,2017-06-23 11:08:15
11:08:24,11:08:24,10.93,-0.01,30,32790,卖盘,2017-06-23,2017-06-23 11:08:24
11:09:45,11:09:45,10.93,--,20,21860,卖盘,2017-06-23,2017-06-23 11:09:45
11:09:48,11:09:48,10.93,--,182,198926,卖盘,2017-06-23,2017-06-23 11:09:48
11:09:54,11:09:54,10.93,--,200,218600,卖盘,2017-06-23,2017-06-23 11:09:54
11:09:57,11:09:57,10.92,-0.01,12,13104,卖盘,2017-06-23,2017-06-23 11:09:57
11:10:15,11:10:15,10.92,--,3,3276,买盘,2017-06-23,2017-06-23 11:10:15
11:10:21,11:10:21,10.92,--,9,9828,买盘,2017-06-23,2017-06-23 11:10:21
11:10:24,11:10:24,10.91,-0.01,20,21820,卖盘,2017-06-23,2017-06-23 11:10:24
11:10:33,11:10:33,10.91,--,2,2182,卖盘,2017-06-23,2017-06-23 11:10:33
11:11:12,11:11:12,10.91,--,99,108009,卖盘,2017-06-23,2017-06-23 11:11:12
11:11:15,11:11:15,10.91,--,20,21820,卖盘,2017-06-23,2017-06-23 11:11:15
11:11:33,11:11:33,10.91,--,2,2182,卖盘,2017-06-23,2017-06-23 11:11:33
11:11:42,11:11:42,10.91,--,9,9819,卖盘,2017-06-23,2017-06-23 11:11:42
11:11:45,11:11:45,10.91,--,4,4364,卖盘,2017-06-23,2017-06-23 11:11:45
11:12:24,11:12:24,10.91,--,4,4364,卖盘,2017-06-23,2017-06-23 11:12:24
11:12:27,11:12:27,10.91,--,3,3273,卖盘,2017-06-23,2017-06-23 11:12:27
11:12:39,11:12:39,10.91,--,4,4364,卖盘,2017-06-23,2017-06-23 11:12:39
11:13:21,11:13:21,10.92,0.01,31,33852,买盘,2017-06-23,2017-06-23 11:13:21
11:13:36,11:13:36,10.91,-0.01,5,5455,卖盘,2017-06-23,2017-06-23 11:13:36
11:13:48,11:13:48,10.91,--,5,5455,卖盘,2017-06-23,2017-06-23 11:13:48
11:14:00,11:14:00,10.91,--,10,10910,卖盘,2017-06-23,2017-06-23 11:14:00
11:14:18,11:14:18,10.91,--,78,85098,卖盘,2017-06-23,2017-06-23 11:14:18
11:14:39,11:14:39,10.9,-0.01,17,18530,卖盘,2017-06-23,2017-06-23 11:14:39
11:14:57,11:14:57,10.9,--,1,1090,卖盘,2017-06-23,2017-06-23 11:14:57
11:15:15,11:15:15,10.9,--,19,20710,卖盘,2017-06-23,2017-06-23 11:15:15
11:15:18,11:15:18,10.9,--,1,1090,卖盘,2017-06-23,2017-06-23 11:15:18
11:15:21,11:15:21,10.9,--,2,2180,卖盘,2017-06-23,2017-06-23 11:15:21
11:15:33,11:15:33,10.9,--,10,10900,卖盘,2017-06-23,2017-06-23 11:15:33
11:15:36,11:15:36,10.9,--,36,39240,卖盘,2017-06-23,2017-06-23 11:15:36
11:15:45,11:15:45,10.9,--,124,135160,卖盘,2017-06-23,2017-06-23 11:15:45
11:16:12,11:16:12,10.89,-0.01,4,4356,卖盘,2017-06-23,2017-06-23 11:16:12
11:16:18,11:16:18,10.9,0.01,2,2180,买盘,2017-06-23,2017-06-23 11:16:18
11:16:24,11:16:24,10.9,--,78,85020,买盘,2017-06-23,2017-06-23 11:16:24
11:17:00,11:17:00,10.89,-0.01,7,7623,卖盘,2017-06-23,2017-06-23 11:17:00
11:17:12,11:17:12,10.89,--,10,10890,卖盘,2017-06-23,2017-06-23 11:17:12
11:17:15,11:17:15,10.89,--,13,14157,卖盘,2017-06-23,2017-06-23 11:17:15
11:17:45,11:17:45,10.89,--,47,51183,卖盘,2017-06-23,2017-06-23 11:17:45
11:18:06,11:18:06,10.89,--,7,7623,卖盘,2017-06-23,2017-06-23 11:18:06
11:18:18,11:18:18,10.88,-0.01,2,2176,卖盘,2017-06-23,2017-06-23 11:18:18
11:18:30,11:18:30,10.88,--,2,2176,卖盘,2017-06-23,2017-06-23 11:18:30
11:19:00,11:19:00,10.88,--,10,10880,卖盘,2017-06-23,2017-06-23 11:19:00
11:19:36,11:19:36,10.89,0.01,10,10890,买盘,2017-06-23,2017-06-23 11:19:36
11:19:54,11:19:54,10.89,--,1,1089,买盘,2017-06-23,2017-06-23 11:19:54
11:19:57,11:19:57,10.89,--,8,8712,买盘,2017-06-23,2017-06-23 11:19:57
11:20:03,11:20:03,10.89,--,4,4356,买盘,2017-06-23,2017-06-23 11:20:03
11:20:18,11:20:18,10.89,--,1,1089,卖盘,2017-06-23,2017-06-23 11:20:18
11:20:36,11:20:36,10.89,--,1,1089,卖盘,2017-06-23,2017-06-23 11:20:36
11:20:39,11:20:39,10.89,--,8,8712,卖盘,2017-06-23,2017-06-23 11:20:39
11:20:48,11:20:48,10.88,-0.01,70,76160,卖盘,2017-06-23,2017-06-23 11:20:48
11:21:15,11:21:15,10.87,-0.01,156,169572,卖盘,2017-06-23,2017-06-23 11:21:15
11:21:21,11:21:21,10.87,--,16,17392,卖盘,2017-06-23,2017-06-23 11:21:21
11:21:24,11:21:24,10.87,--,19,20653,卖盘,2017-06-23,2017-06-23 11:21:24
11:21:27,11:21:27,10.87,--,10,10870,卖盘,2017-06-23,2017-06-23 11:21:27
11:21:33,11:21:33,10.85,-0.02,408,442680,卖盘,2017-06-23,2017-06-23 11:21:33
11:21:42,11:21:42,10.85,--,15,16275,买盘,2017-06-23,2017-06-23 11:21:42
11:21:45,11:21:45,10.84,-0.01,16,17344,卖盘,2017-06-23,2017-06-23 11:21:45
11:21:48,11:21:48,10.84,--,30,32520,卖盘,2017-06-23,2017-06-23 11:21:48
11:21:54,11:21:54,10.84,--,46,49864,卖盘,2017-06-23,2017-06-23 11:21:54
11:22:00,11:22:00,10.84,--,20,21680,卖盘,2017-06-23,2017-06-23 11:22:00
11:22:03,11:22:03,10.84,--,5,5420,卖盘,2017-06-23,2017-06-23 11:22:03
11:22:06,11:22:06,10.84,--,4,4336,卖盘,2017-06-23,2017-06-23 11:22:06
11:22:09,11:22:09,10.84,--,5,5420,卖盘,2017-06-23,2017-06-23 11:22:09
11:22:12,11:22:12,10.83,-0.01,162,175446,卖盘,2017-06-23,2017-06-23 11:22:12
11:22:15,11:22:15,10.84,0.01,2,2168,买盘,2017-06-23,2017-06-23 11:22:15
11:22:24,11:22:24,10.85,0.01,10,10850,买盘,2017-06-23,2017-06-23 11:22:24
11:22:33,11:22:33,10.88,0.03,50,54400,买盘,2017-06-23,2017-06-23 11:22:33
11:23:00,11:23:00,10.84,-0.04,8,8672,卖盘,2017-06-23,2017-06-23 11:23:00
11:23:06,11:23:06,10.84,--,23,24932,买盘,2017-06-23,2017-06-23 11:23:06
11:23:24,11:23:24,10.84,--,3,3252,卖盘,2017-06-23,2017-06-23 11:23:24
11:23:30,11:23:30,10.82,-0.02,12,12984,卖盘,2017-06-23,2017-06-23 11:23:30
11:23:36,11:23:36,10.84,0.02,5,5420,买盘,2017-06-23,2017-06-23 11:23:36
11:23:54,11:23:54,10.84,--,20,21680,买盘,2017-06-23,2017-06-23 11:23:54
11:24:00,11:24:00,10.84,--,6,6504,买盘,2017-06-23,2017-06-23 11:24:00
11:24:09,11:24:09,10.84,--,14,15176,卖盘,2017-06-23,2017-06-23 11:24:09
11:24:24,11:24:24,10.84,--,2,2168,买盘,2017-06-23,2017-06-23 11:24:24
11:24:27,11:24:27,10.83,-0.01,3,3249,卖盘,2017-06-23,2017-06-23 11:24:27
11:24:39,11:24:39,10.83,--,14,15162,卖盘,2017-06-23,2017-06-23 11:24:39
11:24:51,11:24:51,10.84,0.01,41,44986,买盘,2017-06-23,2017-06-23 11:24:51
11:25:03,11:25:03,10.83,-0.01,20,21660,卖盘,2017-06-23,2017-06-23 11:25:03
11:25:12,11:25:12,10.82,-0.01,179,194219,卖盘,2017-06-23,2017-06-23 11:25:12
11:25:24,11:25:24,10.81,-0.01,54,58374,卖盘,2017-06-23,2017-06-23 11:25:24
11:25:33,11:25:33,10.81,--,13,14053,卖盘,2017-06-23,2017-06-23 11:25:33
11:25:45,11:25:45,10.81,--,15,16215,卖盘,2017-06-23,2017-06-23 11:25:45
11:25:48,11:25:48,10.81,--,20,21620,卖盘,2017-06-23,2017-06-23 11:25:48
11:25:54,11:25:54,10.81,--,4,4324,卖盘,2017-06-23,2017-06-23 11:25:54
11:26:06,11:26:06,10.81,--,60,64860,卖盘,2017-06-23,2017-06-23 11:26:06
11:26:12,11:26:12,10.82,0.01,0,541,买盘,2017-06-23,2017-06-23 11:26:12
11:26:27,11:26:27,10.82,--,14,15148,卖盘,2017-06-23,2017-06-23 11:26:27
11:27:12,11:27:12,10.85,0.03,2,2170,买盘,2017-06-23,2017-06-23 11:27:12
11:27:33,11:27:33,10.83,-0.02,12,12996,卖盘,2017-06-23,2017-06-23 11:27:33
11:27:54,11:27:54,10.83,--,14,15162,买盘,2017-06-23,2017-06-23 11:27:54
11:27:57,11:27:57,10.8,-0.03,551,595080,卖盘,2017-06-23,2017-06-23 11:27:57
11:28:06,11:28:06,10.8,--,3,3240,卖盘,2017-06-23,2017-06-23 11:28:06
11:28:12,11:28:12,10.8,--,50,54000,卖盘,2017-06-23,2017-06-23 11:28:12
11:28:15,11:28:15,10.8,--,4,4320,卖盘,2017-06-23,2017-06-23 11:28:15
11:28:21,11:28:21,10.8,--,4,4320,卖盘,2017-06-23,2017-06-23 11:28:21
11:28:24,11:28:24,10.8,--,6,6480,卖盘,2017-06-23,2017-06-23 11:28:24
11:28:33,11:28:33,10.8,--,10,10800,卖盘,2017-06-23,2017-06-23 11:28:33
11:28:39,11:28:39,10.82,0.02,3,3246,买盘,2017-06-23,2017-06-23 11:28:39
11:29:00,11:29:00,10.81,-0.01,1,1081,卖盘,2017-06-23,2017-06-23 11:29:00
11:29:03,11:29:03,10.81,--,42,45402,卖盘,2017-06-23,2017-06-23 11:29:03
11:29:12,11:29:12,10.82,0.01,44,47608,买盘,2017-06-23,2017-06-23 11:29:12
11:29:18,11:29:18,10.82,--,75,81150,买盘,2017-06-23,2017-06-23 11:29:18
11:29:21,11:29:21,10.82,--,3,3246,卖盘,2017-06-23,2017-06-23 11:29:21
11:29:24,11:29:24,10.82,--,65,70330,卖盘,2017-06-23,2017-06-23 11:29:24
11:29:27,11:29:27,10.82,--,10,10820,卖盘,2017-06-23,2017-06-23 11:29:27
11:29:33,11:29:33,10.82,--,26,28132,卖盘,2017-06-23,2017-06-23 11:29:33
11:29:39,11:29:39,10.82,--,1,1082,卖盘,2017-06-23,2017-06-23 11:29:39
11:29:45,11:29:45,10.83,0.01,10,10830,中性盘,2017-06-23,2017-06-23 11:29:45
11:30:00,11:30:00,10.82,-0.01,10,10820,卖盘,2017-06-23,2017-06-23 11:30:00
13:00:00,13:00:00,10.82,--,0,0,卖盘,2017-06-23,2017-06-23 13:00:00
13:00:03,13:00:03,10.8,-0.02,526,568080,卖盘,2017-06-23,2017-06-23 13:00:03
13:00:06,13:00:06,10.82,0.02,16,17312,买盘,2017-06-23,2017-06-23 13:00:06
13:00:09,13:00:09,10.8,-0.02,43,46440,卖盘,2017-06-23,2017-06-23 13:00:09
13:00:18,13:00:18,10.8,--,60,64800,卖盘,2017-06-23,2017-06-23 13:00:18
13:00:27,13:00:27,10.8,--,10,10800,卖盘,2017-06-23,2017-06-23 13:00:27
13:00:36,13:00:36,10.8,--,12,12960,卖盘,2017-06-23,2017-06-23 13:00:36
13:00:45,13:00:45,10.8,--,63,68040,卖盘,2017-06-23,2017-06-23 13:00:45
13:00:51,13:00:51,10.81,0.01,11,11891,买盘,2017-06-23,2017-06-23 13:00:51
13:00:54,13:00:54,10.8,-0.01,15,16200,卖盘,2017-06-23,2017-06-23 13:00:54
13:00:57,13:00:57,10.81,0.01,31,33511,买盘,2017-06-23,2017-06-23 13:00:57
13:01:09,13:01:09,10.81,--,12,12972,买盘,2017-06-23,2017-06-23 13:01:09
13:01:12,13:01:12,10.8,-0.01,83,89640,卖盘,2017-06-23,2017-06-23 13:01:12
13:01:18,13:01:18,10.8,--,22,23760,卖盘,2017-06-23,2017-06-23 13:01:18
13:01:48,13:01:48,10.8,--,50,54000,卖盘,2017-06-23,2017-06-23 13:01:48
13:01:51,13:01:51,10.8,--,5,5400,卖盘,2017-06-23,2017-06-23 13:01:51
13:02:09,13:02:09,10.81,0.01,10,10810,中性盘,2017-06-23,2017-06-23 13:02:09
13:02:42,13:02:42,10.81,--,2,2162,买盘,2017-06-23,2017-06-23 13:02:42
13:02:48,13:02:48,10.8,-0.01,40,43200,卖盘,2017-06-23,2017-06-23 13:02:48
13:02:51,13:02:51,10.81,0.01,42,45402,买盘,2017-06-23,2017-06-23 13:02:51
13:03:12,13:03:12,10.82,0.01,3,3246,买盘,2017-06-23,2017-06-23 13:03:12
13:03:27,13:03:27,10.81,-0.01,86,92966,卖盘,2017-06-23,2017-06-23 13:03:27
13:03:30,13:03:30,10.81,--,3,3243,卖盘,2017-06-23,2017-06-23 13:03:30
13:03:36,13:03:36,10.81,--,30,32430,卖盘,2017-06-23,2017-06-23 13:03:36
13:03:39,13:03:39,10.81,--,8,8648,卖盘,2017-06-23,2017-06-23 13:03:39
13:04:21,13:04:21,10.82,0.01,26,28132,买盘,2017-06-23,2017-06-23 13:04:21
13:04:48,13:04:48,10.82,--,34,36788,买盘,2017-06-23,2017-06-23 13:04:48
13:04:51,13:04:51,10.81,-0.01,6,6486,卖盘,2017-06-23,2017-06-23 13:04:51
13:05:03,13:05:03,10.81,--,50,54050,卖盘,2017-06-23,2017-06-23 13:05:03
13:05:30,13:05:30,10.81,--,30,32430,卖盘,2017-06-23,2017-06-23 13:05:30
13:05:33,13:05:33,10.81,--,24,25944,卖盘,2017-06-23,2017-06-23 13:05:33
13:05:36,13:05:36,10.81,--,7,7567,买盘,2017-06-23,2017-06-23 13:05:36
13:05:39,13:05:39,10.81,--,5,5405,买盘,2017-06-23,2017-06-23 13:05:39
13:05:45,13:05:45,10.8,-0.01,3,3240,卖盘,2017-06-23,2017-06-23 13:05:45
13:05:48,13:05:48,10.81,0.01,7,7567,买盘,2017-06-23,2017-06-23 13:05:48
13:05:57,13:05:57,10.81,--,15,16215,买盘,2017-06-23,2017-06-23 13:05:57
13:06:03,13:06:03,10.81,--,10,10810,卖盘,2017-06-23,2017-06-23 13:06:03
13:06:12,13:06:12,10.82,0.01,23,24886,买盘,2017-06-23,2017-06-23 13:06:12
13:06:21,13:06:21,10.82,--,31,33542,买盘,2017-06-23,2017-06-23 13:06:21
13:06:33,13:06:33,10.82,--,7,7574,买盘,2017-06-23,2017-06-23 13:06:33
13:06:51,13:06:51,10.83,0.01,2,2166,买盘,2017-06-23,2017-06-23 13:06:51
13:06:57,13:06:57,10.83,--,51,55233,买盘,2017-06-23,2017-06-23 13:06:57
13:07:15,13:07:15,10.83,--,35,37905,买盘,2017-06-23,2017-06-23 13:07:15
13:07:21,13:07:21,10.83,--,8,8664,买盘,2017-06-23,2017-06-23 13:07:21
13:08:12,13:08:12,10.83,--,60,64980,卖盘,2017-06-23,2017-06-23 13:08:12
13:08:15,13:08:15,10.83,--,20,21660,卖盘,2017-06-23,2017-06-23 13:08:15
13:08:21,13:08:21,10.83,--,20,21660,卖盘,2017-06-23,2017-06-23 13:08:21
13:08:36,13:08:36,10.84,0.01,5,5420,买盘,2017-06-23,2017-06-23 13:08:36
13:08:42,13:08:42,10.83,-0.01,253,273999,卖盘,2017-06-23,2017-06-23 13:08:42
13:08:51,13:08:51,10.83,--,50,54150,卖盘,2017-06-23,2017-06-23 13:08:51
13:09:06,13:09:06,10.83,--,100,108300,卖盘,2017-06-23,2017-06-23 13:09:06
13:09:09,13:09:09,10.83,--,3,3249,卖盘,2017-06-23,2017-06-23 13:09:09
13:09:21,13:09:21,10.83,--,25,27075,卖盘,2017-06-23,2017-06-23 13:09:21
13:10:27,13:10:27,10.83,--,30,32490,卖盘,2017-06-23,2017-06-23 13:10:27
13:10:30,13:10:30,10.83,--,20,21660,卖盘,2017-06-23,2017-06-23 13:10:30
13:10:51,13:10:51,10.83,--,10,10830,卖盘,2017-06-23,2017-06-23 13:10:51
13:11:09,13:11:09,10.83,--,5,5415,卖盘,2017-06-23,2017-06-23 13:11:09
13:11:18,13:11:18,10.83,--,26,28158,卖盘,2017-06-23,2017-06-23 13:11:18
13:11:24,13:11:24,10.83,--,4,4332,卖盘,2017-06-23,2017-06-23 13:11:24
13:11:30,13:11:30,10.84,0.01,10,10840,买盘,2017-06-23,2017-06-23 13:11:30
13:11:36,13:11:36,10.83,-0.01,102,110466,卖盘,2017-06-23,2017-06-23 13:11:36
13:12:00,13:12:00,10.83,--,200,216600,卖盘,2017-06-23,2017-06-23 13:12:00
13:12:09,13:12:09,10.83,--,76,82308,卖盘,2017-06-23,2017-06-23 13:12:09
13:12:21,13:12:21,10.83,--,26,28158,卖盘,2017-06-23,2017-06-23 13:12:21
13:12:27,13:12:27,10.83,--,4,4332,卖盘,2017-06-23,2017-06-23 13:12:27
13:13:06,13:13:06,10.83,--,12,12996,买盘,2017-06-23,2017-06-23 13:13:06
13:13:24,13:13:24,10.83,--,36,38988,买盘,2017-06-23,2017-06-23 13:13:24
13:13:27,13:13:27,10.84,0.01,3,3252,买盘,2017-06-23,2017-06-23 13:13:27
13:13:42,13:13:42,10.83,-0.01,2,2166,卖盘,2017-06-23,2017-06-23 13:13:42
13:13:45,13:13:45,10.84,0.01,15,16260,买盘,2017-06-23,2017-06-23 13:13:45
13:13:51,13:13:51,10.85,0.01,90,97650,买盘,2017-06-23,2017-06-23 13:13:51
13:14:00,13:14:00,10.85,--,6,6510,买盘,2017-06-23,2017-06-23 13:14:00
13:14:39,13:14:39,10.84,-0.01,26,28184,卖盘,2017-06-23,2017-06-23 13:14:39
13:14:51,13:14:51,10.84,--,4,4336,买盘,2017-06-23,2017-06-23 13:14:51
13:15:00,13:15:00,10.84,--,30,32520,买盘,2017-06-23,2017-06-23 13:15:00
13:15:15,13:15:15,10.84,--,6,6504,买盘,2017-06-23,2017-06-23 13:15:15
13:15:18,13:15:18,10.84,--,4,4336,买盘,2017-06-23,2017-06-23 13:15:18
13:15:36,13:15:36,10.84,--,3,3252,买盘,2017-06-23,2017-06-23 13:15:36
13:16:12,13:16:12,10.84,--,25,27100,买盘,2017-06-23,2017-06-23 13:16:12
13:16:21,13:16:21,10.84,--,42,45528,买盘,2017-06-23,2017-06-23 13:16:21
13:16:27,13:16:27,10.84,--,13,14092,买盘,2017-06-23,2017-06-23 13:16:27
13:16:39,13:16:39,10.84,--,4,4336,买盘,2017-06-23,2017-06-23 13:16:39
13:16:42,13:16:42,10.83,-0.01,17,18411,卖盘,2017-06-23,2017-06-23 13:16:42
13:16:51,13:16:51,10.83,--,10,10830,卖盘,2017-06-23,2017-06-23 13:16:51
13:16:54,13:16:54,10.83,--,4,4332,卖盘,2017-06-23,2017-06-23 13:16:54
13:17:03,13:17:03,10.83,--,26,28158,卖盘,2017-06-23,2017-06-23 13:17:03
13:17:15,13:17:15,10.84,0.01,23,24932,买盘,2017-06-23,2017-06-23 13:17:15
13:17:27,13:17:27,10.83,-0.01,12,12996,卖盘,2017-06-23,2017-06-23 13:17:27
13:17:36,13:17:36,10.83,--,20,21660,卖盘,2017-06-23,2017-06-23 13:17:36
13:17:45,13:17:45,10.84,0.01,5,5420,买盘,2017-06-23,2017-06-23 13:17:45
13:18:03,13:18:03,10.83,-0.01,16,17328,卖盘,2017-06-23,2017-06-23 13:18:03
13:18:12,13:18:12,10.83,--,50,54150,卖盘,2017-06-23,2017-06-23 13:18:12
13:18:24,13:18:24,10.84,0.01,20,21680,买盘,2017-06-23,2017-06-23 13:18:24
13:18:27,13:18:27,10.83,-0.01,52,56316,卖盘,2017-06-23,2017-06-23 13:18:27
13:18:39,13:18:39,10.84,0.01,13,14092,买盘,2017-06-23,2017-06-23 13:18:39
13:19:09,13:19:09,10.83,-0.01,18,19494,卖盘,2017-06-23,2017-06-23 13:19:09
13:19:21,13:19:21,10.84,0.01,30,32520,买盘,2017-06-23,2017-06-23 13:19:21
13:19:30,13:19:30,10.83,-0.01,3,3249,卖盘,2017-06-23,2017-06-23 13:19:30
13:21:00,13:21:00,10.83,--,12,12996,卖盘,2017-06-23,2017-06-23 13:21:00
13:21:15,13:21:15,10.83,--,5,5415,卖盘,2017-06-23,2017-06-23 13:21:15
13:21:27,13:21:27,10.83,--,21,22743,卖盘,2017-06-23,2017-06-23 13:21:27
13:21:36,13:21:36,10.83,--,27,29241,卖盘,2017-06-23,2017-06-23 13:21:36
13:21:45,13:21:45,10.83,--,2,2166,卖盘,2017-06-23,2017-06-23 13:21:45
13:22:09,13:22:09,10.83,--,10,10830,卖盘,2017-06-23,2017-06-23 13:22:09
13:23:03,13:23:03,10.83,--,1,1083,卖盘,2017-06-23,2017-06-23 13:23:03
13:23:12,13:23:12,10.84,0.01,91,98644,买盘,2017-06-23,2017-06-23 13:23:12
13:23:33,13:23:33,10.84,--,5,5420,买盘,2017-06-23,2017-06-23 13:23:33
13:24:00,13:24:00,10.84,--,100,108400,买盘,2017-06-23,2017-06-23 13:24:00
13:24:06,13:24:06,10.84,--,9,9756,买盘,2017-06-23,2017-06-23 13:24:06
13:24:09,13:24:09,10.84,--,3,3252,买盘,2017-06-23,2017-06-23 13:24:09
13:24:54,13:24:54,10.83,-0.01,10,10830,卖盘,2017-06-23,2017-06-23 13:24:54
13:24:57,13:24:57,10.84,0.01,10,10840,买盘,2017-06-23,2017-06-23 13:24:57
13:25:24,13:25:24,10.83,-0.01,32,34656,卖盘,2017-06-23,2017-06-23 13:25:24
13:25:27,13:25:27,10.83,--,10,10830,卖盘,2017-06-23,2017-06-23 13:25:27
13:25:30,13:25:30,10.84,0.01,1,1084,买盘,2017-06-23,2017-06-23 13:25:30
13:25:45,13:25:45,10.84,--,30,32520,买盘,2017-06-23,2017-06-23 13:25:45
13:25:54,13:25:54,10.84,--,52,56368,买盘,2017-06-23,2017-06-23 13:25:54
13:26:03,13:26:03,10.84,--,10,10840,买盘,2017-06-23,2017-06-23 13:26:03
13:26:09,13:26:09,10.84,--,21,22764,买盘,2017-06-23,2017-06-23 13:26:09
13:26:12,13:26:12,10.84,--,76,82384,买盘,2017-06-23,2017-06-23 13:26:12
13:26:21,13:26:21,10.84,--,17,18428,买盘,2017-06-23,2017-06-23 13:26:21
13:27:06,13:27:06,10.84,--,18,19512,卖盘,2017-06-23,2017-06-23 13:27:06
13:27:15,13:27:15,10.85,0.01,12,13020,买盘,2017-06-23,2017-06-23 13:27:15
13:27:27,13:27:27,10.84,-0.01,1,1084,卖盘,2017-06-23,2017-06-23 13:27:27
13:27:30,13:27:30,10.84,--,10,10840,卖盘,2017-06-23,2017-06-23 13:27:30
13:27:45,13:27:45,10.85,0.01,10,10850,买盘,2017-06-23,2017-06-23 13:27:45
13:28:00,13:28:00,10.85,--,15,16275,买盘,2017-06-23,2017-06-23 13:28:00
13:28:06,13:28:06,10.85,--,95,103075,买盘,2017-06-23,2017-06-23 13:28:06
13:28:33,13:28:33,10.85,--,3,3255,买盘,2017-06-23,2017-06-23 13:28:33
13:28:39,13:28:39,10.85,--,13,14105,买盘,2017-06-23,2017-06-23 13:28:39
13:28:42,13:28:42,10.84,-0.01,50,54200,卖盘,2017-06-23,2017-06-23 13:28:42
13:28:57,13:28:57,10.85,0.01,10,10850,卖盘,2017-06-23,2017-06-23 13:28:57
13:29:30,13:29:30,10.85,--,1,1085,卖盘,2017-06-23,2017-06-23 13:29:30
13:29:33,13:29:33,10.85,--,14,15190,卖盘,2017-06-23,2017-06-23 13:29:33
13:29:42,13:29:42,10.85,--,10,10850,卖盘,2017-06-23,2017-06-23 13:29:42
13:30:15,13:30:15,10.85,--,4,4340,卖盘,2017-06-23,2017-06-23 13:30:15
13:30:48,13:30:48,10.85,--,58,62940,卖盘,2017-06-23,2017-06-23 13:30:48
13:30:54,13:30:54,10.85,--,19,21689,卖盘,2017-06-23,2017-06-23 13:30:54
13:31:06,13:31:06,10.85,--,0,10,买盘,2017-06-23,2017-06-23 13:31:06
13:31:12,13:31:12,10.85,--,41,45559,卖盘,2017-06-23,2017-06-23 13:31:12
13:31:36,13:31:36,10.85,--,5,5425,买盘,2017-06-23,2017-06-23 13:31:36
13:32:06,13:32:06,10.85,--,2,2170,买盘,2017-06-23,2017-06-23 13:32:06
13:32:24,13:32:24,10.85,--,23,24955,买盘,2017-06-23,2017-06-23 13:32:24
13:32:33,13:32:33,10.85,--,3,3255,买盘,2017-06-23,2017-06-23 13:32:33
13:32:57,13:32:57,10.85,--,17,18445,买盘,2017-06-23,2017-06-23 13:32:57
13:33:03,13:33:03,10.85,--,12,13020,买盘,2017-06-23,2017-06-23 13:33:03
13:33:15,13:33:15,10.85,--,2,2170,买盘,2017-06-23,2017-06-23 13:33:15
13:33:48,13:33:48,10.84,-0.01,20,21680,卖盘,2017-06-23,2017-06-23 13:33:48
13:34:12,13:34:12,10.84,--,20,21680,卖盘,2017-06-23,2017-06-23 13:34:12
13:34:36,13:34:36,10.84,--,15,16260,卖盘,2017-06-23,2017-06-23 13:34:36
13:34:39,13:34:39,10.84,--,17,18428,卖盘,2017-06-23,2017-06-23 13:34:39
13:35:00,13:35:00,10.85,0.01,10,10850,买盘,2017-06-23,2017-06-23 13:35:00
13:36:00,13:36:00,10.84,-0.01,1,1084,卖盘,2017-06-23,2017-06-23 13:36:00
13:36:15,13:36:15,10.84,--,5,5420,卖盘,2017-06-23,2017-06-23 13:36:15
13:36:21,13:36:21,10.84,--,20,21680,卖盘,2017-06-23,2017-06-23 13:36:21
13:36:36,13:36:36,10.84,--,3,3252,卖盘,2017-06-23,2017-06-23 13:36:36
13:36:39,13:36:39,10.84,--,20,21680,卖盘,2017-06-23,2017-06-23 13:36:39
13:37:03,13:37:03,10.83,-0.01,10,10830,卖盘,2017-06-23,2017-06-23 13:37:03
13:37:21,13:37:21,10.83,--,10,11642,卖盘,2017-06-23,2017-06-23 13:37:21
13:37:24,13:37:24,10.83,--,1,1083,卖盘,2017-06-23,2017-06-23 13:37:24
13:37:27,13:37:27,10.84,0.01,1,1084,买盘,2017-06-23,2017-06-23 13:37:27
13:37:39,13:37:39,10.83,-0.01,50,54150,卖盘,2017-06-23,2017-06-23 13:37:39
13:37:48,13:37:48,10.83,--,3,3249,卖盘,2017-06-23,2017-06-23 13:37:48
13:37:54,13:37:54,10.83,--,10,10830,卖盘,2017-06-23,2017-06-23 13:37:54
13:38:30,13:38:30,10.83,--,4,4332,卖盘,2017-06-23,2017-06-23 13:38:30
13:38:33,13:38:33,10.83,--,129,139707,卖盘,2017-06-23,2017-06-23 13:38:33
13:38:48,13:38:48,10.83,--,364,394482,卖盘,2017-06-23,2017-06-23 13:38:48
13:39:00,13:39:00,10.82,-0.01,69,74658,卖盘,2017-06-23,2017-06-23 13:39:00
13:39:18,13:39:18,10.82,--,65,70330,卖盘,2017-06-23,2017-06-23 13:39:18
13:39:33,13:39:33,10.81,-0.01,71,76751,卖盘,2017-06-23,2017-06-23 13:39:33
13:39:36,13:39:36,10.81,--,95,102695,卖盘,2017-06-23,2017-06-23 13:39:36
13:39:51,13:39:51,10.81,--,31,33511,买盘,2017-06-23,2017-06-23 13:39:51
13:40:03,13:40:03,10.81,--,110,118910,买盘,2017-06-23,2017-06-23 13:40:03
13:40:09,13:40:09,10.81,--,5,5405,买盘,2017-06-23,2017-06-23 13:40:09
13:40:12,13:40:12,10.81,--,4,4324,买盘,2017-06-23,2017-06-23 13:40:12
13:40:15,13:40:15,10.81,--,20,21620,买盘,2017-06-23,2017-06-23 13:40:15
13:40:27,13:40:27,10.81,--,5,5405,买盘,2017-06-23,2017-06-23 13:40:27
13:40:42,13:40:42,10.81,--,22,23782,买盘,2017-06-23,2017-06-23 13:40:42
13:40:45,13:40:45,10.81,--,6,6486,买盘,2017-06-23,2017-06-23 13:40:45
13:40:51,13:40:51,10.8,-0.01,25,27000,卖盘,2017-06-23,2017-06-23 13:40:51
13:41:18,13:41:18,10.81,0.01,16,17296,买盘,2017-06-23,2017-06-23 13:41:18
13:41:24,13:41:24,10.81,--,1,1081,买盘,2017-06-23,2017-06-23 13:41:24
13:41:30,13:41:30,10.81,--,6,6486,买盘,2017-06-23,2017-06-23 13:41:30
13:41:33,13:41:33,10.81,--,1,1081,买盘,2017-06-23,2017-06-23 13:41:33
13:41:39,13:41:39,10.81,--,7,7567,买盘,2017-06-23,2017-06-23 13:41:39
13:41:54,13:41:54,10.82,0.01,10,10820,买盘,2017-06-23,2017-06-23 13:41:54
13:42:03,13:42:03,10.81,-0.01,18,19458,卖盘,2017-06-23,2017-06-23 13:42:03
13:42:24,13:42:24,10.82,0.01,12,12984,买盘,2017-06-23,2017-06-23 13:42:24
13:42:30,13:42:30,10.81,-0.01,18,20268,卖盘,2017-06-23,2017-06-23 13:42:30
13:43:00,13:43:00,10.81,--,8,8648,卖盘,2017-06-23,2017-06-23 13:43:00
13:43:27,13:43:27,10.81,--,50,54050,卖盘,2017-06-23,2017-06-23 13:43:27
13:43:36,13:43:36,10.82,0.01,30,32460,买盘,2017-06-23,2017-06-23 13:43:36
13:43:42,13:43:42,10.82,--,73,78986,买盘,2017-06-23,2017-06-23 13:43:42
13:44:12,13:44:12,10.84,0.02,8,8672,买盘,2017-06-23,2017-06-23 13:44:12
13:44:27,13:44:27,10.84,--,11,11924,买盘,2017-06-23,2017-06-23 13:44:27
13:44:39,13:44:39,10.84,--,9,9756,卖盘,2017-06-23,2017-06-23 13:44:39
13:44:57,13:44:57,10.84,--,1,1084,买盘,2017-06-23,2017-06-23 13:44:57
13:45:33,13:45:33,10.84,--,25,27100,卖盘,2017-06-23,2017-06-23 13:45:33
13:45:42,13:45:42,10.84,--,4,4336,卖盘,2017-06-23,2017-06-23 13:45:42
13:45:51,13:45:51,10.85,0.01,18,19530,买盘,2017-06-23,2017-06-23 13:45:51
13:46:18,13:46:18,10.83,-0.02,19,20577,中性盘,2017-06-23,2017-06-23 13:46:18
13:46:21,13:46:21,10.85,0.02,84,91140,买盘,2017-06-23,2017-06-23 13:46:21
13:46:24,13:46:24,10.85,--,29,31465,卖盘,2017-06-23,2017-06-23 13:46:24
13:46:33,13:46:33,10.85,--,2,2170,卖盘,2017-06-23,2017-06-23 13:46:33
13:46:36,13:46:36,10.85,--,55,59675,卖盘,2017-06-23,2017-06-23 13:46:36
13:46:39,13:46:39,10.85,--,150,162750,卖盘,2017-06-23,2017-06-23 13:46:39
13:46:48,13:46:48,10.85,--,8,8680,卖盘,2017-06-23,2017-06-23 13:46:48
13:46:51,13:46:51,10.85,--,79,85715,卖盘,2017-06-23,2017-06-23 13:46:51
13:46:57,13:46:57,10.82,-0.03,10,10820,卖盘,2017-06-23,2017-06-23 13:46:57
13:48:00,13:48:00,10.82,--,50,54100,卖盘,2017-06-23,2017-06-23 13:48:00
13:48:06,13:48:06,10.83,0.01,0,541,买盘,2017-06-23,2017-06-23 13:48:06
13:48:09,13:48:09,10.83,--,2,2166,卖盘,2017-06-23,2017-06-23 13:48:09
13:48:15,13:48:15,10.83,--,7,8122,卖盘,2017-06-23,2017-06-23 13:48:15
13:48:36,13:48:36,10.82,-0.01,10,10820,卖盘,2017-06-23,2017-06-23 13:48:36
13:48:39,13:48:39,10.82,--,2,2164,卖盘,2017-06-23,2017-06-23 13:48:39
13:48:42,13:48:42,10.82,--,5,5410,卖盘,2017-06-23,2017-06-23 13:48:42
13:48:48,13:48:48,10.82,--,3,3246,卖盘,2017-06-23,2017-06-23 13:48:48
13:48:57,13:48:57,10.82,--,9,9738,卖盘,2017-06-23,2017-06-23 13:48:57
13:49:09,13:49:09,10.83,0.01,3,3249,买盘,2017-06-23,2017-06-23 13:49:09
13:49:21,13:49:21,10.82,-0.01,1,1082,卖盘,2017-06-23,2017-06-23 13:49:21
13:49:33,13:49:33,10.82,--,4,4328,卖盘,2017-06-23,2017-06-23 13:49:33
13:49:42,13:49:42,10.82,--,20,21640,卖盘,2017-06-23,2017-06-23 13:49:42
13:49:54,13:49:54,10.82,--,46,49772,卖盘,2017-06-23,2017-06-23 13:49:54
13:50:00,13:50:00,10.8,-0.02,300,324000,卖盘,2017-06-23,2017-06-23 13:50:00
13:50:03,13:50:03,10.81,0.01,1,1081,中性盘,2017-06-23,2017-06-23 13:50:03
13:50:12,13:50:12,10.83,0.02,14,15162,买盘,2017-06-23,2017-06-23 13:50:12
13:50:18,13:50:18,10.83,--,1,1083,买盘,2017-06-23,2017-06-23 13:50:18
13:50:42,13:50:42,10.81,-0.02,40,43240,卖盘,2017-06-23,2017-06-23 13:50:42
13:51:15,13:51:15,10.82,0.01,1,1082,中性盘,2017-06-23,2017-06-23 13:51:15
13:51:21,13:51:21,10.81,-0.01,10,10810,卖盘,2017-06-23,2017-06-23 13:51:21
13:51:39,13:51:39,10.81,--,40,43240,卖盘,2017-06-23,2017-06-23 13:51:39
13:51:51,13:51:51,10.81,--,10,10810,卖盘,2017-06-23,2017-06-23 13:51:51
13:52:00,13:52:00,10.81,--,30,32430,卖盘,2017-06-23,2017-06-23 13:52:00
13:52:12,13:52:12,10.82,0.01,20,21640,买盘,2017-06-23,2017-06-23 13:52:12
13:52:18,13:52:18,10.81,-0.01,3,3243,卖盘,2017-06-23,2017-06-23 13:52:18
13:52:21,13:52:21,10.81,--,11,11891,卖盘,2017-06-23,2017-06-23 13:52:21
13:52:30,13:52:30,10.82,0.01,20,21640,买盘,2017-06-23,2017-06-23 13:52:30
13:52:39,13:52:39,10.81,-0.01,67,72427,卖盘,2017-06-23,2017-06-23 13:52:39
13:53:03,13:53:03,10.82,0.01,10,10820,买盘,2017-06-23,2017-06-23 13:53:03
13:53:06,13:53:06,10.81,-0.01,2,2162,卖盘,2017-06-23,2017-06-23 13:53:06
13:53:09,13:53:09,10.82,0.01,5,5410,买盘,2017-06-23,2017-06-23 13:53:09
13:53:12,13:53:12,10.82,--,5,5410,买盘,2017-06-23,2017-06-23 13:53:12
13:53:15,13:53:15,10.82,--,2,2164,买盘,2017-06-23,2017-06-23 13:53:15
13:53:18,13:53:18,10.82,--,3,3246,买盘,2017-06-23,2017-06-23 13:53:18
13:53:30,13:53:30,10.82,--,22,23804,买盘,2017-06-23,2017-06-23 13:53:30
13:53:33,13:53:33,10.82,--,2,2164,买盘,2017-06-23,2017-06-23 13:53:33
13:53:42,13:53:42,10.82,--,10,10820,卖盘,2017-06-23,2017-06-23 13:53:42
13:54:12,13:54:12,10.83,0.01,29,31407,买盘,2017-06-23,2017-06-23 13:54:12
13:54:18,13:54:18,10.83,--,5,5415,买盘,2017-06-23,2017-06-23 13:54:18
13:54:21,13:54:21,10.83,--,30,33031,买盘,2017-06-23,2017-06-23 13:54:21
13:54:24,13:54:24,10.84,0.01,24,26016,买盘,2017-06-23,2017-06-23 13:54:24
13:54:51,13:54:51,10.85,0.01,2,2170,买盘,2017-06-23,2017-06-23 13:54:51
13:54:57,13:54:57,10.84,-0.01,9,9756,卖盘,2017-06-23,2017-06-23 13:54:57
13:55:15,13:55:15,10.84,--,16,17344,卖盘,2017-06-23,2017-06-23 13:55:15
13:55:18,13:55:18,10.84,--,10,10840,买盘,2017-06-23,2017-06-23 13:55:18
13:55:48,13:55:48,10.84,--,9,9756,买盘,2017-06-23,2017-06-23 13:55:48
13:55:54,13:55:54,10.84,--,14,15176,买盘,2017-06-23,2017-06-23 13:55:54
13:56:15,13:56:15,10.85,0.01,10,10850,买盘,2017-06-23,2017-06-23 13:56:15
13:56:45,13:56:45,10.84,-0.01,1,1084,卖盘,2017-06-23,2017-06-23 13:56:45
13:58:03,13:58:03,10.85,0.01,5,5425,买盘,2017-06-23,2017-06-23 13:58:03
13:58:15,13:58:15,10.85,--,30,32550,买盘,2017-06-23,2017-06-23 13:58:15
13:58:36,13:58:36,10.85,--,12,13020,买盘,2017-06-23,2017-06-23 13:58:36
13:58:42,13:58:42,10.85,--,11,11935,买盘,2017-06-23,2017-06-23 13:58:42
13:58:51,13:58:51,10.84,-0.01,4,4336,中性盘,2017-06-23,2017-06-23 13:58:51
13:59:06,13:59:06,10.83,-0.01,11,11913,卖盘,2017-06-23,2017-06-23 13:59:06
13:59:09,13:59:09,10.83,--,1,1083,卖盘,2017-06-23,2017-06-23 13:59:09
14:00:06,14:00:06,10.83,--,7,7581,卖盘,2017-06-23,2017-06-23 14:00:06
14:00:18,14:00:18,10.83,--,11,11913,卖盘,2017-06-23,2017-06-23 14:00:18
14:00:30,14:00:30,10.84,0.01,5,5420,买盘,2017-06-23,2017-06-23 14:00:30
14:00:57,14:00:57,10.83,-0.01,63,68229,卖盘,2017-06-23,2017-06-23 14:00:57
14:01:27,14:01:27,10.83,--,30,32490,卖盘,2017-06-23,2017-06-23 14:01:27
14:01:33,14:01:33,10.83,--,15,16786,卖盘,2017-06-23,2017-06-23 14:01:33
14:01:54,14:01:54,10.83,--,11,11913,买盘,2017-06-23,2017-06-23 14:01:54
14:02:06,14:02:06,10.82,-0.01,3,3246,卖盘,2017-06-23,2017-06-23 14:02:06
14:02:18,14:02:18,10.83,0.01,11,11913,买盘,2017-06-23,2017-06-23 14:02:18
14:02:36,14:02:36,10.83,--,1,1083,买盘,2017-06-23,2017-06-23 14:02:36
14:02:39,14:02:39,10.83,--,30,32490,买盘,2017-06-23,2017-06-23 14:02:39
14:02:48,14:02:48,10.83,--,3,3249,买盘,2017-06-23,2017-06-23 14:02:48
14:02:51,14:02:51,10.83,--,1,1083,买盘,2017-06-23,2017-06-23 14:02:51
14:02:54,14:02:54,10.82,-0.01,1,1082,卖盘,2017-06-23,2017-06-23 14:02:54
14:02:57,14:02:57,10.83,0.01,7,8122,买盘,2017-06-23,2017-06-23 14:02:57
14:03:09,14:03:09,10.83,--,10,10830,卖盘,2017-06-23,2017-06-23 14:03:09
14:03:33,14:03:33,10.83,--,25,27075,卖盘,2017-06-23,2017-06-23 14:03:33
14:04:12,14:04:12,10.83,--,0,541,卖盘,2017-06-23,2017-06-23 14:04:12
14:04:36,14:04:36,10.83,--,29,31948,买盘,2017-06-23,2017-06-23 14:04:36
14:05:00,14:05:00,10.83,--,10,10830,卖盘,2017-06-23,2017-06-23 14:05:00
14:05:03,14:05:03,10.83,--,100,108300,卖盘,2017-06-23,2017-06-23 14:05:03
14:05:18,14:05:18,10.83,--,50,54150,卖盘,2017-06-23,2017-06-23 14:05:18
14:05:21,14:05:21,10.83,--,5,5415,卖盘,2017-06-23,2017-06-23 14:05:21
14:05:36,14:05:36,10.83,--,2,2707,卖盘,2017-06-23,2017-06-23 14:05:36
14:05:54,14:05:54,10.83,--,17,18411,买盘,2017-06-23,2017-06-23 14:05:54
14:05:57,14:05:57,10.82,-0.01,50,54100,卖盘,2017-06-23,2017-06-23 14:05:57
14:06:24,14:06:24,10.82,--,2,2164,卖盘,2017-06-23,2017-06-23 14:06:24
14:07:09,14:07:09,10.82,--,5,5410,卖盘,2017-06-23,2017-06-23 14:07:09
14:07:24,14:07:24,10.82,--,17,18394,卖盘,2017-06-23,2017-06-23 14:07:24
14:08:33,14:08:33,10.82,--,7,7574,卖盘,2017-06-23,2017-06-23 14:08:33
14:08:45,14:08:45,10.83,0.01,30,32490,买盘,2017-06-23,2017-06-23 14:08:45
14:09:27,14:09:27,10.82,-0.01,150,162300,卖盘,2017-06-23,2017-06-23 14:09:27
14:10:03,14:10:03,10.82,--,1,1082,卖盘,2017-06-23,2017-06-23 14:10:03
14:10:39,14:10:39,10.82,--,4,4328,卖盘,2017-06-23,2017-06-23 14:10:39
14:11:03,14:11:03,10.82,--,1,1082,卖盘,2017-06-23,2017-06-23 14:11:03
14:11:24,14:11:24,10.82,--,3,3246,卖盘,2017-06-23,2017-06-23 14:11:24
14:11:51,14:11:51,10.83,0.01,10,10830,买盘,2017-06-23,2017-06-23 14:11:51
14:12:24,14:12:24,10.82,-0.01,5,5410,卖盘,2017-06-23,2017-06-23 14:12:24
14:12:30,14:12:30,10.83,0.01,4,4332,买盘,2017-06-23,2017-06-23 14:12:30
14:12:51,14:12:51,10.83,--,8,8664,买盘,2017-06-23,2017-06-23 14:12:51
14:13:09,14:13:09,10.82,-0.01,1,1082,卖盘,2017-06-23,2017-06-23 14:13:09
14:13:54,14:13:54,10.83,0.01,13,14079,买盘,2017-06-23,2017-06-23 14:13:54
14:14:03,14:14:03,10.83,--,8,8664,买盘,2017-06-23,2017-06-23 14:14:03
14:14:06,14:14:06,10.83,--,20,21660,买盘,2017-06-23,2017-06-23 14:14:06
14:14:51,14:14:51,10.83,--,9,9747,买盘,2017-06-23,2017-06-23 14:14:51
14:15:15,14:15:15,10.82,-0.01,10,10820,卖盘,2017-06-23,2017-06-23 14:15:15
14:15:54,14:15:54,10.82,--,17,18394,卖盘,2017-06-23,2017-06-23 14:15:54
14:16:27,14:16:27,10.82,--,36,38952,卖盘,2017-06-23,2017-06-23 14:16:27
14:16:33,14:16:33,10.83,0.01,13,14079,买盘,2017-06-23,2017-06-23 14:16:33
14:16:36,14:16:36,10.83,--,7,7581,买盘,2017-06-23,2017-06-23 14:16:36
14:17:03,14:17:03,10.83,--,60,64980,买盘,2017-06-23,2017-06-23 14:17:03
14:17:09,14:17:09,10.83,--,4,4332,买盘,2017-06-23,2017-06-23 14:17:09
14:17:33,14:17:33,10.83,--,16,17328,买盘,2017-06-23,2017-06-23 14:17:33
14:17:45,14:17:45,10.82,-0.01,1,1082,卖盘,2017-06-23,2017-06-23 14:17:45
14:17:48,14:17:48,10.83,0.01,200,216600,买盘,2017-06-23,2017-06-23 14:17:48
14:17:54,14:17:54,10.83,--,2,2707,买盘,2017-06-23,2017-06-23 14:17:54
14:17:57,14:17:57,10.83,--,1,1083,卖盘,2017-06-23,2017-06-23 14:17:57
14:18:30,14:18:30,10.85,0.02,25,27125,买盘,2017-06-23,2017-06-23 14:18:30
14:18:48,14:18:48,10.85,--,8,8680,买盘,2017-06-23,2017-06-23 14:18:48
14:19:15,14:19:15,10.84,-0.01,2,2168,中性盘,2017-06-23,2017-06-23 14:19:15
14:19:39,14:19:39,10.85,0.01,4,4340,买盘,2017-06-23,2017-06-23 14:19:39
14:20:09,14:20:09,10.85,--,20,21700,买盘,2017-06-23,2017-06-23 14:20:09
14:20:12,14:20:12,10.85,--,100,108500,买盘,2017-06-23,2017-06-23 14:20:12
14:20:21,14:20:21,10.85,--,4,4340,买盘,2017-06-23,2017-06-23 14:20:21
14:20:33,14:20:33,10.85,--,24,26040,买盘,2017-06-23,2017-06-23 14:20:33
14:20:45,14:20:45,10.86,0.01,64,69504,买盘,2017-06-23,2017-06-23 14:20:45
14:20:57,14:20:57,10.87,0.01,70,76090,买盘,2017-06-23,2017-06-23 14:20:57
14:21:09,14:21:09,10.86,-0.01,15,16290,中性盘,2017-06-23,2017-06-23 14:21:09
14:21:12,14:21:12,10.86,--,2,2172,买盘,2017-06-23,2017-06-23 14:21:12
14:21:30,14:21:30,10.86,--,10,10860,买盘,2017-06-23,2017-06-23 14:21:30
14:21:36,14:21:36,10.86,--,23,24978,买盘,2017-06-23,2017-06-23 14:21:36
14:21:42,14:21:42,10.87,0.01,49,53262,买盘,2017-06-23,2017-06-23 14:21:42
14:21:51,14:21:51,10.87,--,41,44567,买盘,2017-06-23,2017-06-23 14:21:51
14:21:57,14:21:57,10.86,-0.01,21,22806,卖盘,2017-06-23,2017-06-23 14:21:57
14:22:00,14:22:00,10.87,0.01,92,100004,买盘,2017-06-23,2017-06-23 14:22:00
14:22:09,14:22:09,10.87,--,9,9783,卖盘,2017-06-23,2017-06-23 14:22:09
14:22:15,14:22:15,10.88,0.01,11,11968,买盘,2017-06-23,2017-06-23 14:22:15
14:22:24,14:22:24,10.87,-0.01,20,21740,卖盘,2017-06-23,2017-06-23 14:22:24
14:22:30,14:22:30,10.87,--,22,23914,卖盘,2017-06-23,2017-06-23 14:22:30
14:22:42,14:22:42,10.87,--,15,16304,买盘,2017-06-23,2017-06-23 14:22:42
14:22:45,14:22:45,10.87,--,13,14130,买盘,2017-06-23,2017-06-23 14:22:45
14:22:51,14:22:51,10.86,-0.01,100,108600,卖盘,2017-06-23,2017-06-23 14:22:51
14:22:57,14:22:57,10.87,0.01,20,21740,中性盘,2017-06-23,2017-06-23 14:22:57
14:23:09,14:23:09,10.87,--,5,5435,卖盘,2017-06-23,2017-06-23 14:23:09
14:23:12,14:23:12,10.87,--,10,10870,卖盘,2017-06-23,2017-06-23 14:23:12
14:23:15,14:23:15,10.87,--,15,16304,卖盘,2017-06-23,2017-06-23 14:23:15
14:23:24,14:23:24,10.87,--,1,1087,买盘,2017-06-23,2017-06-23 14:23:24
14:23:36,14:23:36,10.87,--,10,10870,买盘,2017-06-23,2017-06-23 14:23:36
14:23:42,14:23:42,10.87,--,34,36958,买盘,2017-06-23,2017-06-23 14:23:42
14:23:54,14:23:54,10.87,--,5,5435,买盘,2017-06-23,2017-06-23 14:23:54
14:24:24,14:24:24,10.87,--,2,2174,买盘,2017-06-23,2017-06-23 14:24:24
14:24:51,14:24:51,10.87,--,1,1087,买盘,2017-06-23,2017-06-23 14:24:51
14:25:06,14:25:06,10.86,-0.01,2,2172,卖盘,2017-06-23,2017-06-23 14:25:06
14:25:18,14:25:18,10.86,--,1,1086,卖盘,2017-06-23,2017-06-23 14:25:18
14:25:33,14:25:33,10.86,--,9,9774,卖盘,2017-06-23,2017-06-23 14:25:33
14:25:51,14:25:51,10.86,--,1,1086,买盘,2017-06-23,2017-06-23 14:25:51
14:25:54,14:25:54,10.86,--,16,17376,买盘,2017-06-23,2017-06-23 14:25:54
14:26:09,14:26:09,10.87,0.01,30,32609,买盘,2017-06-23,2017-06-23 14:26:09
14:26:30,14:26:30,10.87,--,20,21740,买盘,2017-06-23,2017-06-23 14:26:30
14:27:00,14:27:00,10.88,0.01,8,8704,买盘,2017-06-23,2017-06-23 14:27:00
14:27:03,14:27:03,10.87,-0.01,28,30435,卖盘,2017-06-23,2017-06-23 14:27:03
14:27:12,14:27:12,10.87,--,1,1087,买盘,2017-06-23,2017-06-23 14:27:12
14:27:57,14:27:57,10.87,--,3,3260,买盘,2017-06-23,2017-06-23 14:27:57
14:28:09,14:28:09,10.88,0.01,210,229024,买盘,2017-06-23,2017-06-23 14:28:09
14:28:21,14:28:21,10.88,--,1,1088,卖盘,2017-06-23,2017-06-23 14:28:21
14:28:30,14:28:30,10.91,0.03,170,185470,买盘,2017-06-23,2017-06-23 14:28:30
14:28:42,14:28:42,10.91,--,10,10910,买盘,2017-06-23,2017-06-23 14:28:42
14:28:48,14:28:48,10.91,--,115,125465,买盘,2017-06-23,2017-06-23 14:28:48
14:28:54,14:28:54,10.91,--,7,7637,买盘,2017-06-23,2017-06-23 14:28:54
14:29:00,14:29:00,10.91,--,38,41458,买盘,2017-06-23,2017-06-23 14:29:00
14:29:15,14:29:15,10.92,0.01,45,49140,买盘,2017-06-23,2017-06-23 14:29:15
14:29:48,14:29:48,10.92,--,20,21840,买盘,2017-06-23,2017-06-23 14:29:48
14:30:33,14:30:33,10.91,-0.01,13,14183,卖盘,2017-06-23,2017-06-23 14:30:33
14:30:42,14:30:42,10.92,0.01,37,40404,买盘,2017-06-23,2017-06-23 14:30:42
14:30:54,14:30:54,10.92,--,10,10920,卖盘,2017-06-23,2017-06-23 14:30:54
14:31:03,14:31:03,10.92,--,9,9828,卖盘,2017-06-23,2017-06-23 14:31:03
14:31:06,14:31:06,10.93,0.01,51,55743,买盘,2017-06-23,2017-06-23 14:31:06
14:31:09,14:31:09,10.93,--,46,50278,买盘,2017-06-23,2017-06-23 14:31:09
14:31:12,14:31:12,10.93,--,15,16395,卖盘,2017-06-23,2017-06-23 14:31:12
14:31:15,14:31:15,10.93,--,5,5465,卖盘,2017-06-23,2017-06-23 14:31:15
14:31:18,14:31:18,10.94,0.01,5,5470,买盘,2017-06-23,2017-06-23 14:31:18
14:31:27,14:31:27,10.93,-0.01,25,27325,卖盘,2017-06-23,2017-06-23 14:31:27
14:31:36,14:31:36,10.93,--,19,20767,卖盘,2017-06-23,2017-06-23 14:31:36
14:31:42,14:31:42,10.94,0.01,8,8752,买盘,2017-06-23,2017-06-23 14:31:42
14:31:48,14:31:48,10.93,-0.01,5,5465,买盘,2017-06-23,2017-06-23 14:31:48
14:31:57,14:31:57,10.92,-0.01,60,65520,卖盘,2017-06-23,2017-06-23 14:31:57
14:32:09,14:32:09,10.92,--,10,10920,卖盘,2017-06-23,2017-06-23 14:32:09
14:32:24,14:32:24,10.92,--,2,2184,卖盘,2017-06-23,2017-06-23 14:32:24
14:32:27,14:32:27,10.92,--,3,3276,卖盘,2017-06-23,2017-06-23 14:32:27
14:32:36,14:32:36,10.92,--,10,10920,卖盘,2017-06-23,2017-06-23 14:32:36
14:32:51,14:32:51,10.92,--,18,19656,卖盘,2017-06-23,2017-06-23 14:32:51
14:33:03,14:33:03,10.92,--,36,39312,卖盘,2017-06-23,2017-06-23 14:33:03
14:33:06,14:33:06,10.92,--,9,9828,卖盘,2017-06-23,2017-06-23 14:33:06
14:33:39,14:33:39,10.91,-0.01,38,41458,卖盘,2017-06-23,2017-06-23 14:33:39
14:33:42,14:33:42,10.91,--,30,32730,买盘,2017-06-23,2017-06-23 14:33:42
14:33:48,14:33:48,10.9,-0.01,50,54500,卖盘,2017-06-23,2017-06-23 14:33:48
14:34:06,14:34:06,10.91,0.01,7,7637,买盘,2017-06-23,2017-06-23 14:34:06
14:35:36,14:35:36,10.9,-0.01,13,14170,卖盘,2017-06-23,2017-06-23 14:35:36
14:35:45,14:35:45,10.91,0.01,12,13092,买盘,2017-06-23,2017-06-23 14:35:45
14:36:36,14:36:36,10.9,-0.01,8,8720,卖盘,2017-06-23,2017-06-23 14:36:36
14:36:39,14:36:39,10.91,0.01,9,9819,买盘,2017-06-23,2017-06-23 14:36:39
14:37:18,14:37:18,10.91,--,3,3273,买盘,2017-06-23,2017-06-23 14:37:18
14:37:30,14:37:30,10.9,-0.01,2,2180,卖盘,2017-06-23,2017-06-23 14:37:30
14:37:42,14:37:42,10.9,--,37,40330,卖盘,2017-06-23,2017-06-23 14:37:42
14:38:03,14:38:03,10.91,0.01,5,5455,买盘,2017-06-23,2017-06-23 14:38:03
14:38:24,14:38:24,10.9,-0.01,10,10900,卖盘,2017-06-23,2017-06-23 14:38:24
14:38:39,14:38:39,10.9,--,1,1090,卖盘,2017-06-23,2017-06-23 14:38:39
14:38:51,14:38:51,10.91,0.01,24,26184,买盘,2017-06-23,2017-06-23 14:38:51
14:39:06,14:39:06,10.9,-0.01,10,10900,卖盘,2017-06-23,2017-06-23 14:39:06
14:39:21,14:39:21,10.91,0.01,20,21820,买盘,2017-06-23,2017-06-23 14:39:21
14:39:27,14:39:27,10.91,--,83,90553,买盘,2017-06-23,2017-06-23 14:39:27
14:39:33,14:39:33,10.91,--,2,2345,买盘,2017-06-23,2017-06-23 14:39:33
14:39:42,14:39:42,10.9,-0.01,194,212386,卖盘,2017-06-23,2017-06-23 14:39:42
14:40:06,14:40:06,10.9,--,5,5613,买盘,2017-06-23,2017-06-23 14:40:06
14:40:12,14:40:12,10.9,--,2,2180,卖盘,2017-06-23,2017-06-23 14:40:12
14:40:15,14:40:15,10.9,--,34,37986,卖盘,2017-06-23,2017-06-23 14:40:15
14:40:18,14:40:18,10.9,--,5,5613,买盘,2017-06-23,2017-06-23 14:40:18
14:40:27,14:40:27,10.9,--,31,33790,卖盘,2017-06-23,2017-06-23 14:40:27
14:40:30,14:40:30,10.92,0.02,10,10920,买盘,2017-06-23,2017-06-23 14:40:30
14:40:45,14:40:45,10.92,--,21,22932,买盘,2017-06-23,2017-06-23 14:40:45
14:41:12,14:41:12,10.92,--,37,40404,卖盘,2017-06-23,2017-06-23 14:41:12
14:41:45,14:41:45,10.9,-0.02,9,9810,卖盘,2017-06-23,2017-06-23 14:41:45
14:42:12,14:42:12,10.92,0.02,50,54600,买盘,2017-06-23,2017-06-23 14:42:12
14:42:15,14:42:15,10.91,-0.01,5,5455,卖盘,2017-06-23,2017-06-23 14:42:15
14:42:27,14:42:27,10.92,0.01,21,22932,买盘,2017-06-23,2017-06-23 14:42:27
14:42:54,14:42:54,10.91,-0.01,10,10910,卖盘,2017-06-23,2017-06-23 14:42:54
14:43:00,14:43:00,10.92,0.01,20,21840,买盘,2017-06-23,2017-06-23 14:43:00
14:43:06,14:43:06,10.92,--,91,99372,买盘,2017-06-23,2017-06-23 14:43:06
14:43:09,14:43:09,10.92,--,9,9828,卖盘,2017-06-23,2017-06-23 14:43:09
14:43:15,14:43:15,10.92,--,10,10920,买盘,2017-06-23,2017-06-23 14:43:15
14:43:39,14:43:39,10.92,--,87,95004,买盘,2017-06-23,2017-06-23 14:43:39
14:43:48,14:43:48,10.92,--,11,12012,卖盘,2017-06-23,2017-06-23 14:43:48
14:43:54,14:43:54,10.93,0.01,38,41534,买盘,2017-06-23,2017-06-23 14:43:54
14:44:09,14:44:09,10.93,--,10,10930,买盘,2017-06-23,2017-06-23 14:44:09
14:44:36,14:44:36,10.93,--,20,21860,买盘,2017-06-23,2017-06-23 14:44:36
14:44:39,14:44:39,10.93,--,10,10930,买盘,2017-06-23,2017-06-23 14:44:39
14:45:00,14:45:00,10.93,--,10,10930,买盘,2017-06-23,2017-06-23 14:45:00
14:45:06,14:45:06,10.94,0.01,148,161912,买盘,2017-06-23,2017-06-23 14:45:06
14:45:24,14:45:24,10.92,-0.02,152,165984,卖盘,2017-06-23,2017-06-23 14:45:24
14:45:33,14:45:33,10.92,--,3,3276,买盘,2017-06-23,2017-06-23 14:45:33
14:45:42,14:45:42,10.92,--,16,17472,买盘,2017-06-23,2017-06-23 14:45:42
14:46:12,14:46:12,10.92,--,5,5460,买盘,2017-06-23,2017-06-23 14:46:12
14:46:21,14:46:21,10.93,0.01,30,32790,买盘,2017-06-23,2017-06-23 14:46:21
14:46:36,14:46:36,10.92,-0.01,2,2184,卖盘,2017-06-23,2017-06-23 14:46:36
14:46:45,14:46:45,10.92,--,14,15288,卖盘,2017-06-23,2017-06-23 14:46:45
14:46:54,14:46:54,10.93,0.01,20,21860,买盘,2017-06-23,2017-06-23 14:46:54
14:46:57,14:46:57,10.92,-0.01,4,4368,卖盘,2017-06-23,2017-06-23 14:46:57
14:47:06,14:47:06,10.92,--,25,27300,卖盘,2017-06-23,2017-06-23 14:47:06
14:47:09,14:47:09,10.93,0.01,20,21860,买盘,2017-06-23,2017-06-23 14:47:09
14:47:51,14:47:51,10.92,-0.01,19,20748,中性盘,2017-06-23,2017-06-23 14:47:51
14:47:57,14:47:57,10.92,--,10,10920,卖盘,2017-06-23,2017-06-23 14:47:57
14:48:00,14:48:00,10.93,0.01,52,56836,买盘,2017-06-23,2017-06-23 14:48:00
14:48:12,14:48:12,10.93,--,43,46999,买盘,2017-06-23,2017-06-23 14:48:12
14:48:21,14:48:21,10.93,--,19,20767,买盘,2017-06-23,2017-06-23 14:48:21
14:48:42,14:48:42,10.93,--,20,21860,买盘,2017-06-23,2017-06-23 14:48:42
14:48:54,14:48:54,10.94,0.01,410,448540,买盘,2017-06-23,2017-06-23 14:48:54
14:49:21,14:49:21,10.94,--,5,5470,卖盘,2017-06-23,2017-06-23 14:49:21
14:49:24,14:49:24,10.94,--,38,41572,买盘,2017-06-23,2017-06-23 14:49:24
14:49:33,14:49:33,10.94,--,10,10940,卖盘,2017-06-23,2017-06-23 14:49:33
14:49:45,14:49:45,10.95,0.01,40,43800,买盘,2017-06-23,2017-06-23 14:49:45
14:49:51,14:49:51,10.95,--,268,293460,买盘,2017-06-23,2017-06-23 14:49:51
14:50:00,14:50:00,10.95,--,30,32850,买盘,2017-06-23,2017-06-23 14:50:00
14:50:06,14:50:06,10.94,-0.01,34,37196,卖盘,2017-06-23,2017-06-23 14:50:06
14:50:09,14:50:09,10.95,0.01,10,10950,买盘,2017-06-23,2017-06-23 14:50:09
14:50:12,14:50:12,10.95,--,110,120449,买盘,2017-06-23,2017-06-23 14:50:12
14:50:24,14:50:24,10.95,--,70,76650,买盘,2017-06-23,2017-06-23 14:50:24
14:50:36,14:50:36,10.94,-0.01,100,109400,卖盘,2017-06-23,2017-06-23 14:50:36
14:50:39,14:50:39,10.95,0.01,54,59129,买盘,2017-06-23,2017-06-23 14:50:39
14:50:51,14:50:51,10.95,--,8,8760,买盘,2017-06-23,2017-06-23 14:50:51
14:51:12,14:51:12,10.95,--,3,3285,买盘,2017-06-23,2017-06-23 14:51:12
14:51:18,14:51:18,10.95,--,162,177390,买盘,2017-06-23,2017-06-23 14:51:18
14:51:21,14:51:21,10.94,-0.01,3,3282,卖盘,2017-06-23,2017-06-23 14:51:21
14:51:30,14:51:30,10.95,0.01,28,30659,买盘,2017-06-23,2017-06-23 14:51:30
14:51:42,14:51:42,10.95,--,8,8760,买盘,2017-06-23,2017-06-23 14:51:42
14:51:45,14:51:45,10.95,--,8,8760,买盘,2017-06-23,2017-06-23 14:51:45
14:51:51,14:51:51,10.95,--,26,28469,买盘,2017-06-23,2017-06-23 14:51:51
14:51:54,14:51:54,10.94,-0.01,14,15316,卖盘,2017-06-23,2017-06-23 14:51:54
14:51:57,14:51:57,10.94,--,52,56888,卖盘,2017-06-23,2017-06-23 14:51:57
14:52:00,14:52:00,10.95,0.01,41,44895,买盘,2017-06-23,2017-06-23 14:52:00
14:52:21,14:52:21,10.94,-0.01,1,1094,卖盘,2017-06-23,2017-06-23 14:52:21
14:52:39,14:52:39,10.94,--,20,21880,卖盘,2017-06-23,2017-06-23 14:52:39
14:52:42,14:52:42,10.95,0.01,3,3285,买盘,2017-06-23,2017-06-23 14:52:42
14:52:51,14:52:51,10.94,-0.01,6,6564,卖盘,2017-06-23,2017-06-23 14:52:51
14:52:54,14:52:54,10.95,0.01,27,29564,买盘,2017-06-23,2017-06-23 14:52:54
14:52:57,14:52:57,10.94,-0.01,4,4376,卖盘,2017-06-23,2017-06-23 14:52:57
14:53:00,14:53:00,10.94,--,100,109400,卖盘,2017-06-23,2017-06-23 14:53:00
14:53:06,14:53:06,10.94,--,11,12034,卖盘,2017-06-23,2017-06-23 14:53:06
14:53:09,14:53:09,10.95,0.01,22,24090,买盘,2017-06-23,2017-06-23 14:53:09
14:53:12,14:53:12,10.94,-0.01,5,5470,卖盘,2017-06-23,2017-06-23 14:53:12
14:53:15,14:53:15,10.95,0.01,1,1095,买盘,2017-06-23,2017-06-23 14:53:15
14:53:21,14:53:21,10.94,-0.01,56,61264,卖盘,2017-06-23,2017-06-23 14:53:21
14:53:24,14:53:24,10.94,--,30,32820,卖盘,2017-06-23,2017-06-23 14:53:24
14:53:30,14:53:30,10.94,--,20,21880,卖盘,2017-06-23,2017-06-23 14:53:30
14:53:33,14:53:33,10.94,--,3,3282,卖盘,2017-06-23,2017-06-23 14:53:33
14:53:36,14:53:36,10.94,--,2,2188,卖盘,2017-06-23,2017-06-23 14:53:36
14:53:45,14:53:45,10.95,0.01,26,28469,买盘,2017-06-23,2017-06-23 14:53:45
14:53:48,14:53:48,10.95,--,18,19710,买盘,2017-06-23,2017-06-23 14:53:48
14:53:51,14:53:51,10.95,--,13,14234,买盘,2017-06-23,2017-06-23 14:53:51
14:54:03,14:54:03,10.95,--,1,1095,买盘,2017-06-23,2017-06-23 14:54:03
14:54:12,14:54:12,10.95,--,43,47085,买盘,2017-06-23,2017-06-23 14:54:12
14:54:24,14:54:24,10.95,--,182,199290,买盘,2017-06-23,2017-06-23 14:54:24
14:54:27,14:54:27,10.94,-0.01,75,82050,卖盘,2017-06-23,2017-06-23 14:54:27
14:54:30,14:54:30,10.94,--,10,10940,买盘,2017-06-23,2017-06-23 14:54:30
14:54:33,14:54:33,10.94,--,2,2188,买盘,2017-06-23,2017-06-23 14:54:33
14:54:48,14:54:48,10.94,--,25,27350,买盘,2017-06-23,2017-06-23 14:54:48
14:54:54,14:54:54,10.93,-0.01,10,10930,卖盘,2017-06-23,2017-06-23 14:54:54
14:55:00,14:55:00,10.93,--,2,2186,卖盘,2017-06-23,2017-06-23 14:55:00
14:55:03,14:55:03,10.93,--,1,1093,卖盘,2017-06-23,2017-06-23 14:55:03
14:55:18,14:55:18,10.94,0.01,78,85332,买盘,2017-06-23,2017-06-23 14:55:18
14:55:21,14:55:21,10.94,--,20,21880,买盘,2017-06-23,2017-06-23 14:55:21
14:55:27,14:55:27,10.94,--,17,18598,买盘,2017-06-23,2017-06-23 14:55:27
14:55:30,14:55:30,10.93,-0.01,50,54650,卖盘,2017-06-23,2017-06-23 14:55:30
14:55:36,14:55:36,10.93,--,6,6558,卖盘,2017-06-23,2017-06-23 14:55:36
14:55:45,14:55:45,10.93,--,10,10930,卖盘,2017-06-23,2017-06-23 14:55:45
14:55:51,14:55:51,10.93,--,12,13116,卖盘,2017-06-23,2017-06-23 14:55:51
14:56:09,14:56:09,10.93,--,24,26232,买盘,2017-06-23,2017-06-23 14:56:09
14:56:12,14:56:12,10.93,--,1,1093,买盘,2017-06-23,2017-06-23 14:56:12
14:56:15,14:56:15,10.93,--,2,2186,卖盘,2017-06-23,2017-06-23 14:56:15
14:56:30,14:56:30,10.93,--,30,32790,卖盘,2017-06-23,2017-06-23 14:56:30
14:56:33,14:56:33,10.94,0.01,3,3282,买盘,2017-06-23,2017-06-23 14:56:33
14:56:39,14:56:39,10.93,-0.01,7,7651,卖盘,2017-06-23,2017-06-23 14:56:39
14:56:42,14:56:42,10.94,0.01,27,29538,买盘,2017-06-23,2017-06-23 14:56:42
14:56:45,14:56:45,10.94,--,100,109400,买盘,2017-06-23,2017-06-23 14:56:45
14:56:57,14:56:57,10.94,--,5,5470,买盘,2017-06-23,2017-06-23 14:56:57
14:57:00,14:57:00,10.93,-0.01,10,10930,卖盘,2017-06-23,2017-06-23 14:57:00
15:00:03,15:00:03,10.94,0.01,629,688126,买盘,2017-06-23,2017-06-23 15:00:03
