idx_time,time,price,change,volume,amount,type,date,date_time
09:25:03,09:25:03,31.73,31.73,171,542583,买盘,2017-07-05,2017-07-05 09:25:03
09:30:00,09:30:00,31.73,--,0,0,卖盘,2017-07-05,2017-07-05 09:30:00
09:30:03,09:30:03,31.81,0.08,65,206765,中性盘,2017-07-05,2017-07-05 09:30:03
09:30:06,09:30:06,31.81,--,1,3181,卖盘,2017-07-05,2017-07-05 09:30:06
09:30:09,09:30:09,31.81,--,10,31810,卖盘,2017-07-05,2017-07-05 09:30:09
09:30:12,09:30:12,32.0,0.19,97,310400,买盘,2017-07-05,2017-07-05 09:30:12
09:30:21,09:30:21,31.97,-0.03,4,12788,中性盘,2017-07-05,2017-07-05 09:30:21
09:30:30,09:30:30,31.93,-0.04,19,60667,中性盘,2017-07-05,2017-07-05 09:30:30
09:30:33,09:30:33,31.93,--,48,153264,买盘,2017-07-05,2017-07-05 09:30:33
09:30:36,09:30:36,31.8,-0.13,12,38160,卖盘,2017-07-05,2017-07-05 09:30:36
09:30:57,09:30:57,31.98,0.18,30,95940,买盘,2017-07-05,2017-07-05 09:30:57
09:31:00,09:31:00,31.9,-0.08,5,15950,卖盘,2017-07-05,2017-07-05 09:31:00
09:31:03,09:31:03,31.87,-0.03,1,3187,卖盘,2017-07-05,2017-07-05 09:31:03
09:31:09,09:31:09,31.81,-0.06,12,38172,卖盘,2017-07-05,2017-07-05 09:31:09
09:31:18,09:31:18,31.87,0.06,9,28683,买盘,2017-07-05,2017-07-05 09:31:18
09:31:21,09:31:21,31.81,-0.06,22,69982,卖盘,2017-07-05,2017-07-05 09:31:21
09:31:27,09:31:27,31.81,--,12,38172,卖盘,2017-07-05,2017-07-05 09:31:27
09:31:30,09:31:30,31.87,0.06,10,31870,买盘,2017-07-05,2017-07-05 09:31:30
09:31:33,09:31:33,31.82,-0.05,35,111370,卖盘,2017-07-05,2017-07-05 09:31:33
09:31:36,09:31:36,31.82,--,30,95460,卖盘,2017-07-05,2017-07-05 09:31:36
09:31:39,09:31:39,31.82,--,19,60458,卖盘,2017-07-05,2017-07-05 09:31:39
09:31:42,09:31:42,31.82,--,17,54094,买盘,2017-07-05,2017-07-05 09:31:42
09:31:45,09:31:45,31.82,--,21,66822,买盘,2017-07-05,2017-07-05 09:31:45
09:31:48,09:31:48,31.82,--,2,6364,买盘,2017-07-05,2017-07-05 09:31:48
09:31:51,09:31:51,31.82,--,16,50912,买盘,2017-07-05,2017-07-05 09:31:51
09:31:54,09:31:54,31.82,--,3,9546,卖盘,2017-07-05,2017-07-05 09:31:54
09:32:00,09:32:00,31.82,--,16,50912,卖盘,2017-07-05,2017-07-05 09:32:00
09:32:03,09:32:03,31.9,0.08,4,12760,买盘,2017-07-05,2017-07-05 09:32:03
09:32:09,09:32:09,31.82,-0.08,13,41366,卖盘,2017-07-05,2017-07-05 09:32:09
09:32:15,09:32:15,31.83,0.01,11,35013,中性盘,2017-07-05,2017-07-05 09:32:15
09:32:18,09:32:18,31.82,-0.01,17,54094,卖盘,2017-07-05,2017-07-05 09:32:18
09:32:21,09:32:21,31.9,0.08,43,137170,买盘,2017-07-05,2017-07-05 09:32:21
09:32:24,09:32:24,31.91,0.01,1,3191,卖盘,2017-07-05,2017-07-05 09:32:24
09:32:33,09:32:33,31.92,0.01,6,19152,中性盘,2017-07-05,2017-07-05 09:32:33
09:32:36,09:32:36,31.92,--,1,3192,买盘,2017-07-05,2017-07-05 09:32:36
09:32:42,09:32:42,31.89,-0.03,9,28701,卖盘,2017-07-05,2017-07-05 09:32:42
09:32:51,09:32:51,31.82,-0.07,10,31820,卖盘,2017-07-05,2017-07-05 09:32:51
09:33:03,09:33:03,32.01,0.19,2,6402,中性盘,2017-07-05,2017-07-05 09:33:03
09:33:06,09:33:06,31.83,-0.18,1,3183,卖盘,2017-07-05,2017-07-05 09:33:06
09:33:15,09:33:15,31.99,0.16,3,9597,中性盘,2017-07-05,2017-07-05 09:33:15
09:33:18,09:33:18,31.85,-0.14,3,9555,卖盘,2017-07-05,2017-07-05 09:33:18
09:33:21,09:33:21,31.99,0.14,25,79975,买盘,2017-07-05,2017-07-05 09:33:21
09:33:24,09:33:24,31.99,--,4,12796,买盘,2017-07-05,2017-07-05 09:33:24
09:33:27,09:33:27,31.89,-0.1,2,6378,中性盘,2017-07-05,2017-07-05 09:33:27
09:33:54,09:33:54,31.88,-0.01,2,6376,中性盘,2017-07-05,2017-07-05 09:33:54
09:33:57,09:33:57,31.88,--,8,25504,卖盘,2017-07-05,2017-07-05 09:33:57
09:34:00,09:34:00,31.88,--,5,15940,卖盘,2017-07-05,2017-07-05 09:34:00
09:34:12,09:34:12,31.88,--,17,54196,买盘,2017-07-05,2017-07-05 09:34:12
09:34:15,09:34:15,31.88,--,2,6376,买盘,2017-07-05,2017-07-05 09:34:15
09:34:18,09:34:18,31.88,--,3,9564,卖盘,2017-07-05,2017-07-05 09:34:18
09:34:27,09:34:27,31.89,0.01,1,3189,中性盘,2017-07-05,2017-07-05 09:34:27
09:34:42,09:34:42,31.89,--,10,31890,中性盘,2017-07-05,2017-07-05 09:34:42
09:35:00,09:35:00,31.9,0.01,15,47850,中性盘,2017-07-05,2017-07-05 09:35:00
09:35:06,09:35:06,31.9,--,2,6380,卖盘,2017-07-05,2017-07-05 09:35:06
09:35:27,09:35:27,31.91,0.01,10,31910,中性盘,2017-07-05,2017-07-05 09:35:27
09:35:30,09:35:30,31.9,-0.01,3,9570,卖盘,2017-07-05,2017-07-05 09:35:30
09:35:39,09:35:39,31.95,0.05,13,41535,买盘,2017-07-05,2017-07-05 09:35:39
09:36:03,09:36:03,31.95,--,1,3195,买盘,2017-07-05,2017-07-05 09:36:03
09:36:12,09:36:12,31.95,--,3,9585,买盘,2017-07-05,2017-07-05 09:36:12
09:36:18,09:36:18,31.95,--,1,3195,买盘,2017-07-05,2017-07-05 09:36:18
09:36:21,09:36:21,31.95,--,1,3195,买盘,2017-07-05,2017-07-05 09:36:21
09:36:24,09:36:24,31.95,--,2,6390,卖盘,2017-07-05,2017-07-05 09:36:24
09:36:27,09:36:27,31.99,0.04,1,3199,买盘,2017-07-05,2017-07-05 09:36:27
09:36:30,09:36:30,31.99,--,1,3199,买盘,2017-07-05,2017-07-05 09:36:30
09:36:36,09:36:36,31.99,--,18,57582,买盘,2017-07-05,2017-07-05 09:36:36
09:36:42,09:36:42,31.99,--,1,3199,卖盘,2017-07-05,2017-07-05 09:36:42
09:36:45,09:36:45,31.99,--,4,12796,卖盘,2017-07-05,2017-07-05 09:36:45
09:37:00,09:37:00,32.0,0.01,1,3200,中性盘,2017-07-05,2017-07-05 09:37:00
09:37:03,09:37:03,31.99,-0.01,1,3199,卖盘,2017-07-05,2017-07-05 09:37:03
09:37:09,09:37:09,32.05,0.06,1,3204,买盘,2017-07-05,2017-07-05 09:37:09
09:37:24,09:37:24,32.05,--,1,3204,买盘,2017-07-05,2017-07-05 09:37:24
09:37:30,09:37:30,32.05,--,3,9615,买盘,2017-07-05,2017-07-05 09:37:30
09:37:33,09:37:33,32.05,--,2,6409,买盘,2017-07-05,2017-07-05 09:37:33
09:37:39,09:37:39,32.05,--,10,32049,买盘,2017-07-05,2017-07-05 09:37:39
09:37:45,09:37:45,32.05,--,5,16024,买盘,2017-07-05,2017-07-05 09:37:45
09:37:51,09:37:51,32.11,0.06,4,12844,买盘,2017-07-05,2017-07-05 09:37:51
09:37:54,09:37:54,32.1,-0.01,2,6420,中性盘,2017-07-05,2017-07-05 09:37:54
09:38:03,09:38:03,32.1,--,1,3210,买盘,2017-07-05,2017-07-05 09:38:03
09:38:06,09:38:06,32.1,--,8,25680,买盘,2017-07-05,2017-07-05 09:38:06
09:38:09,09:38:09,32.1,--,1,3210,买盘,2017-07-05,2017-07-05 09:38:09
09:38:15,09:38:15,32.1,--,54,173340,买盘,2017-07-05,2017-07-05 09:38:15
09:38:18,09:38:18,32.1,--,1,3210,卖盘,2017-07-05,2017-07-05 09:38:18
09:38:24,09:38:24,32.1,--,27,86670,卖盘,2017-07-05,2017-07-05 09:38:24
09:38:30,09:38:30,32.11,0.01,1,3211,买盘,2017-07-05,2017-07-05 09:38:30
09:38:36,09:38:36,32.11,--,1,3211,买盘,2017-07-05,2017-07-05 09:38:36
09:38:39,09:38:39,32.22,0.11,44,141768,买盘,2017-07-05,2017-07-05 09:38:39
09:38:42,09:38:42,32.11,-0.11,1,3211,卖盘,2017-07-05,2017-07-05 09:38:42
09:38:45,09:38:45,32.11,--,3,9633,卖盘,2017-07-05,2017-07-05 09:38:45
09:38:57,09:38:57,32.2,0.09,2,6440,中性盘,2017-07-05,2017-07-05 09:38:57
09:39:00,09:39:00,32.2,--,8,25760,买盘,2017-07-05,2017-07-05 09:39:00
09:39:12,09:39:12,32.2,--,10,32200,卖盘,2017-07-05,2017-07-05 09:39:12
09:39:18,09:39:18,32.2,--,29,93380,买盘,2017-07-05,2017-07-05 09:39:18
09:39:21,09:39:21,32.2,--,5,16100,买盘,2017-07-05,2017-07-05 09:39:21
09:39:24,09:39:24,32.2,--,2,6440,卖盘,2017-07-05,2017-07-05 09:39:24
09:39:27,09:39:27,32.2,--,11,35420,卖盘,2017-07-05,2017-07-05 09:39:27
09:39:36,09:39:36,32.14,-0.06,20,64280,卖盘,2017-07-05,2017-07-05 09:39:36
09:39:42,09:39:42,32.1,-0.04,18,57780,卖盘,2017-07-05,2017-07-05 09:39:42
09:39:51,09:39:51,32.1,--,11,35310,卖盘,2017-07-05,2017-07-05 09:39:51
09:40:06,09:40:06,32.05,-0.05,10,32049,卖盘,2017-07-05,2017-07-05 09:40:06
09:40:18,09:40:18,32.05,--,2,6409,卖盘,2017-07-05,2017-07-05 09:40:18
09:40:24,09:40:24,32.05,--,17,54484,卖盘,2017-07-05,2017-07-05 09:40:24
09:40:27,09:40:27,32.1,0.05,14,44940,买盘,2017-07-05,2017-07-05 09:40:27
09:40:30,09:40:30,32.1,--,8,25680,卖盘,2017-07-05,2017-07-05 09:40:30
09:40:36,09:40:36,32.1,--,35,112350,卖盘,2017-07-05,2017-07-05 09:40:36
09:40:42,09:40:42,32.1,--,2,6420,买盘,2017-07-05,2017-07-05 09:40:42
09:40:45,09:40:45,32.02,-0.08,3,9606,卖盘,2017-07-05,2017-07-05 09:40:45
09:40:48,09:40:48,32.1,0.08,4,12840,买盘,2017-07-05,2017-07-05 09:40:48
09:41:03,09:41:03,32.09,-0.01,2,6418,买盘,2017-07-05,2017-07-05 09:41:03
09:41:09,09:41:09,32.09,--,7,22463,买盘,2017-07-05,2017-07-05 09:41:09
09:41:15,09:41:15,32.02,-0.07,4,12808,卖盘,2017-07-05,2017-07-05 09:41:15
09:41:21,09:41:21,32.01,-0.01,6,19206,卖盘,2017-07-05,2017-07-05 09:41:21
09:41:24,09:41:24,32.03,0.02,2,6406,中性盘,2017-07-05,2017-07-05 09:41:24
09:41:30,09:41:30,32.02,-0.01,1,3202,买盘,2017-07-05,2017-07-05 09:41:30
09:41:33,09:41:33,32.02,--,4,12808,卖盘,2017-07-05,2017-07-05 09:41:33
09:41:42,09:41:42,32.01,-0.01,1,3201,卖盘,2017-07-05,2017-07-05 09:41:42
09:41:57,09:41:57,32.03,0.02,1,3203,中性盘,2017-07-05,2017-07-05 09:41:57
09:42:12,09:42:12,32.03,--,10,32030,卖盘,2017-07-05,2017-07-05 09:42:12
09:42:30,09:42:30,32.01,-0.02,5,16004,卖盘,2017-07-05,2017-07-05 09:42:30
09:42:33,09:42:33,32.01,--,1,3201,卖盘,2017-07-05,2017-07-05 09:42:33
09:42:39,09:42:39,32.03,0.02,2,6406,买盘,2017-07-05,2017-07-05 09:42:39
09:42:45,09:42:45,32.01,-0.02,5,16004,卖盘,2017-07-05,2017-07-05 09:42:45
09:43:00,09:43:00,32.0,-0.01,5,16000,卖盘,2017-07-05,2017-07-05 09:43:00
09:43:03,09:43:03,32.01,0.01,4,12804,买盘,2017-07-05,2017-07-05 09:43:03
09:43:18,09:43:18,32.01,--,3,9603,买盘,2017-07-05,2017-07-05 09:43:18
09:43:21,09:43:21,32.01,--,1,3201,买盘,2017-07-05,2017-07-05 09:43:21
09:43:24,09:43:24,32.01,--,4,12804,买盘,2017-07-05,2017-07-05 09:43:24
09:43:27,09:43:27,32.01,--,1,3201,卖盘,2017-07-05,2017-07-05 09:43:27
09:43:36,09:43:36,32.01,--,4,12804,卖盘,2017-07-05,2017-07-05 09:43:36
09:43:42,09:43:42,32.02,0.01,5,16010,买盘,2017-07-05,2017-07-05 09:43:42
09:43:45,09:43:45,32.01,-0.01,1,3201,卖盘,2017-07-05,2017-07-05 09:43:45
09:43:48,09:43:48,32.01,--,6,19206,卖盘,2017-07-05,2017-07-05 09:43:48
09:43:51,09:43:51,32.03,0.02,4,12812,买盘,2017-07-05,2017-07-05 09:43:51
09:44:18,09:44:18,32.04,0.01,3,9612,中性盘,2017-07-05,2017-07-05 09:44:18
09:44:24,09:44:24,32.04,--,2,6408,买盘,2017-07-05,2017-07-05 09:44:24
09:44:30,09:44:30,32.04,--,3,9612,买盘,2017-07-05,2017-07-05 09:44:30
09:44:39,09:44:39,32.03,-0.01,3,9609,卖盘,2017-07-05,2017-07-05 09:44:39
09:44:51,09:44:51,32.05,0.02,2,6409,买盘,2017-07-05,2017-07-05 09:44:51
09:45:00,09:45:00,32.05,--,2,6409,卖盘,2017-07-05,2017-07-05 09:45:00
09:45:03,09:45:03,32.09,0.04,10,32090,买盘,2017-07-05,2017-07-05 09:45:03
09:45:24,09:45:24,32.05,-0.04,2,6409,卖盘,2017-07-05,2017-07-05 09:45:24
09:45:42,09:45:42,32.05,--,10,32049,卖盘,2017-07-05,2017-07-05 09:45:42
09:45:51,09:45:51,32.04,-0.01,2,6408,卖盘,2017-07-05,2017-07-05 09:45:51
09:45:57,09:45:57,32.04,--,6,19224,卖盘,2017-07-05,2017-07-05 09:45:57
09:46:00,09:46:00,32.04,--,1,3204,卖盘,2017-07-05,2017-07-05 09:46:00
09:46:03,09:46:03,32.04,--,3,9612,卖盘,2017-07-05,2017-07-05 09:46:03
09:46:12,09:46:12,32.05,0.01,30,96149,买盘,2017-07-05,2017-07-05 09:46:12
09:46:21,09:46:21,32.05,--,7,22434,买盘,2017-07-05,2017-07-05 09:46:21
09:46:42,09:46:42,32.05,--,10,32049,买盘,2017-07-05,2017-07-05 09:46:42
09:46:48,09:46:48,32.04,-0.01,1,3204,卖盘,2017-07-05,2017-07-05 09:46:48
09:46:51,09:46:51,32.05,0.01,5,16024,买盘,2017-07-05,2017-07-05 09:46:51
09:46:57,09:46:57,32.05,--,21,67305,买盘,2017-07-05,2017-07-05 09:46:57
09:47:18,09:47:18,32.05,--,2,6409,卖盘,2017-07-05,2017-07-05 09:47:18
09:47:48,09:47:48,32.05,--,5,16024,卖盘,2017-07-05,2017-07-05 09:47:48
09:47:51,09:47:51,32.08,0.03,2,6416,买盘,2017-07-05,2017-07-05 09:47:51
09:48:12,09:48:12,32.07,-0.01,2,6414,中性盘,2017-07-05,2017-07-05 09:48:12
09:48:18,09:48:18,32.05,-0.02,2,6409,卖盘,2017-07-05,2017-07-05 09:48:18
09:48:24,09:48:24,32.06,0.01,1,3206,中性盘,2017-07-05,2017-07-05 09:48:24
09:48:33,09:48:33,32.08,0.02,15,48120,买盘,2017-07-05,2017-07-05 09:48:33
09:48:54,09:48:54,32.07,-0.01,3,9621,卖盘,2017-07-05,2017-07-05 09:48:54
09:49:09,09:49:09,32.08,0.01,6,19248,买盘,2017-07-05,2017-07-05 09:49:09
09:49:21,09:49:21,32.08,--,4,12832,卖盘,2017-07-05,2017-07-05 09:49:21
09:49:30,09:49:30,32.07,-0.01,2,6414,卖盘,2017-07-05,2017-07-05 09:49:30
09:49:36,09:49:36,32.06,-0.01,1,3206,卖盘,2017-07-05,2017-07-05 09:49:36
09:49:51,09:49:51,32.05,-0.01,16,51279,卖盘,2017-07-05,2017-07-05 09:49:51
09:49:54,09:49:54,32.09,0.04,15,48135,买盘,2017-07-05,2017-07-05 09:49:54
09:50:09,09:50:09,32.04,-0.05,5,16020,卖盘,2017-07-05,2017-07-05 09:50:09
09:50:30,09:50:30,32.04,--,20,64080,卖盘,2017-07-05,2017-07-05 09:50:30
09:50:33,09:50:33,32.07,0.03,1,3207,买盘,2017-07-05,2017-07-05 09:50:33
09:51:00,09:51:00,32.04,-0.03,5,16020,卖盘,2017-07-05,2017-07-05 09:51:00
09:51:06,09:51:06,32.04,--,21,67284,卖盘,2017-07-05,2017-07-05 09:51:06
09:51:12,09:51:12,32.04,--,2,6408,买盘,2017-07-05,2017-07-05 09:51:12
09:51:15,09:51:15,32.04,--,13,41652,买盘,2017-07-05,2017-07-05 09:51:15
09:51:27,09:51:27,32.04,--,7,22428,卖盘,2017-07-05,2017-07-05 09:51:27
09:51:30,09:51:30,32.04,--,1,3204,卖盘,2017-07-05,2017-07-05 09:51:30
09:51:36,09:51:36,32.09,0.05,1,3209,买盘,2017-07-05,2017-07-05 09:51:36
09:51:39,09:51:39,32.09,--,2,6418,买盘,2017-07-05,2017-07-05 09:51:39
09:51:54,09:51:54,32.04,-0.05,8,25632,卖盘,2017-07-05,2017-07-05 09:51:54
09:52:09,09:52:09,32.05,0.01,7,22434,中性盘,2017-07-05,2017-07-05 09:52:09
09:52:15,09:52:15,32.05,--,2,6409,卖盘,2017-07-05,2017-07-05 09:52:15
09:52:42,09:52:42,32.05,--,1,3204,卖盘,2017-07-05,2017-07-05 09:52:42
09:52:51,09:52:51,32.05,--,27,86534,卖盘,2017-07-05,2017-07-05 09:52:51
09:53:03,09:53:03,32.06,0.01,2,6412,买盘,2017-07-05,2017-07-05 09:53:03
09:53:09,09:53:09,32.05,-0.01,3,9615,卖盘,2017-07-05,2017-07-05 09:53:09
09:53:18,09:53:18,32.06,0.01,3,9618,买盘,2017-07-05,2017-07-05 09:53:18
09:53:21,09:53:21,32.06,--,6,19236,卖盘,2017-07-05,2017-07-05 09:53:21
09:53:27,09:53:27,32.06,--,5,16030,卖盘,2017-07-05,2017-07-05 09:53:27
09:53:33,09:53:33,32.06,--,5,16030,卖盘,2017-07-05,2017-07-05 09:53:33
09:53:57,09:53:57,32.08,0.02,2,6416,中性盘,2017-07-05,2017-07-05 09:53:57
09:54:09,09:54:09,32.08,--,1,3208,卖盘,2017-07-05,2017-07-05 09:54:09
09:54:39,09:54:39,32.06,-0.02,20,64120,卖盘,2017-07-05,2017-07-05 09:54:39
09:54:54,09:54:54,32.05,-0.01,28,89739,卖盘,2017-07-05,2017-07-05 09:54:54
09:55:06,09:55:06,32.05,--,7,22434,卖盘,2017-07-05,2017-07-05 09:55:06
09:55:15,09:55:15,32.05,--,4,12819,卖盘,2017-07-05,2017-07-05 09:55:15
09:55:21,09:55:21,32.05,--,1,3204,买盘,2017-07-05,2017-07-05 09:55:21
09:55:30,09:55:30,32.04,-0.01,1,3204,卖盘,2017-07-05,2017-07-05 09:55:30
09:55:33,09:55:33,32.04,--,5,16020,卖盘,2017-07-05,2017-07-05 09:55:33
09:55:42,09:55:42,32.04,--,3,9612,卖盘,2017-07-05,2017-07-05 09:55:42
09:55:45,09:55:45,32.04,--,10,32040,卖盘,2017-07-05,2017-07-05 09:55:45
09:55:48,09:55:48,32.05,0.01,1,3204,买盘,2017-07-05,2017-07-05 09:55:48
09:55:54,09:55:54,32.05,--,3,9615,卖盘,2017-07-05,2017-07-05 09:55:54
09:56:00,09:56:00,32.05,--,2,6409,卖盘,2017-07-05,2017-07-05 09:56:00
09:56:03,09:56:03,32.05,--,1,3204,买盘,2017-07-05,2017-07-05 09:56:03
09:56:09,09:56:09,32.05,--,3,9615,买盘,2017-07-05,2017-07-05 09:56:09
09:56:12,09:56:12,32.03,-0.02,32,102496,卖盘,2017-07-05,2017-07-05 09:56:12
09:56:15,09:56:15,32.03,--,3,9609,买盘,2017-07-05,2017-07-05 09:56:15
09:56:30,09:56:30,32.03,--,15,48045,买盘,2017-07-05,2017-07-05 09:56:30
09:56:39,09:56:39,32.02,-0.01,38,121676,卖盘,2017-07-05,2017-07-05 09:56:39
09:56:42,09:56:42,32.02,--,2,6404,买盘,2017-07-05,2017-07-05 09:56:42
09:56:51,09:56:51,32.01,-0.01,11,35211,卖盘,2017-07-05,2017-07-05 09:56:51
09:57:03,09:57:03,32.01,--,1,3201,卖盘,2017-07-05,2017-07-05 09:57:03
09:57:09,09:57:09,32.01,--,3,9603,卖盘,2017-07-05,2017-07-05 09:57:09
09:57:15,09:57:15,32.02,0.01,3,9606,买盘,2017-07-05,2017-07-05 09:57:15
09:57:18,09:57:18,32.0,-0.02,20,64000,卖盘,2017-07-05,2017-07-05 09:57:18
09:57:30,09:57:30,32.0,--,7,22400,买盘,2017-07-05,2017-07-05 09:57:30
09:57:33,09:57:33,32.0,--,27,86400,买盘,2017-07-05,2017-07-05 09:57:33
09:57:39,09:57:39,32.0,--,10,32000,买盘,2017-07-05,2017-07-05 09:57:39
09:57:45,09:57:45,31.99,-0.01,2,6398,卖盘,2017-07-05,2017-07-05 09:57:45
09:57:48,09:57:48,31.99,--,9,28791,卖盘,2017-07-05,2017-07-05 09:57:48
09:58:06,09:58:06,31.96,-0.03,4,12784,卖盘,2017-07-05,2017-07-05 09:58:06
09:58:27,09:58:27,31.99,0.03,5,15995,买盘,2017-07-05,2017-07-05 09:58:27
09:58:33,09:58:33,31.97,-0.02,3,9591,卖盘,2017-07-05,2017-07-05 09:58:33
09:58:39,09:58:39,31.97,--,1,3197,买盘,2017-07-05,2017-07-05 09:58:39
09:58:42,09:58:42,31.96,-0.01,10,31960,卖盘,2017-07-05,2017-07-05 09:58:42
09:58:48,09:58:48,31.97,0.01,13,41561,买盘,2017-07-05,2017-07-05 09:58:48
09:58:54,09:58:54,31.96,-0.01,2,6392,卖盘,2017-07-05,2017-07-05 09:58:54
09:59:00,09:59:00,31.99,0.03,16,51184,买盘,2017-07-05,2017-07-05 09:59:00
09:59:06,09:59:06,31.96,-0.03,11,35156,卖盘,2017-07-05,2017-07-05 09:59:06
09:59:15,09:59:15,31.96,--,20,63920,买盘,2017-07-05,2017-07-05 09:59:15
09:59:18,09:59:18,31.96,--,12,38352,买盘,2017-07-05,2017-07-05 09:59:18
09:59:21,09:59:21,31.96,--,37,118252,卖盘,2017-07-05,2017-07-05 09:59:21
09:59:27,09:59:27,31.96,--,1,3196,买盘,2017-07-05,2017-07-05 09:59:27
09:59:33,09:59:33,31.95,-0.01,1,3195,卖盘,2017-07-05,2017-07-05 09:59:33
09:59:36,09:59:36,31.93,-0.02,9,28737,卖盘,2017-07-05,2017-07-05 09:59:36
09:59:51,09:59:51,31.92,-0.01,5,15960,卖盘,2017-07-05,2017-07-05 09:59:51
09:59:57,09:59:57,31.91,-0.01,2,6382,卖盘,2017-07-05,2017-07-05 09:59:57
10:00:03,10:00:03,31.92,0.01,10,31920,买盘,2017-07-05,2017-07-05 10:00:03
10:00:09,10:00:09,32.0,0.08,12,39936,买盘,2017-07-05,2017-07-05 10:00:09
10:00:18,10:00:18,32.0,--,2,8064,卖盘,2017-07-05,2017-07-05 10:00:18
10:00:36,10:00:36,32.0,--,5,16000,买盘,2017-07-05,2017-07-05 10:00:36
10:00:39,10:00:39,32.0,--,2,6400,买盘,2017-07-05,2017-07-05 10:00:39
10:00:45,10:00:45,32.0,--,13,43136,买盘,2017-07-05,2017-07-05 10:00:45
10:01:03,10:01:03,32.0,--,2,6400,卖盘,2017-07-05,2017-07-05 10:01:03
10:01:27,10:01:27,32.01,0.01,1,3201,买盘,2017-07-05,2017-07-05 10:01:27
10:01:30,10:01:30,32.01,--,7,22407,买盘,2017-07-05,2017-07-05 10:01:30
10:01:42,10:01:42,32.01,--,2,6402,卖盘,2017-07-05,2017-07-05 10:01:42
10:01:57,10:01:57,32.0,-0.01,11,35200,卖盘,2017-07-05,2017-07-05 10:01:57
10:02:06,10:02:06,32.0,--,9,28800,卖盘,2017-07-05,2017-07-05 10:02:06
10:02:09,10:02:09,32.0,--,6,19200,卖盘,2017-07-05,2017-07-05 10:02:09
10:02:42,10:02:42,32.0,--,10,32000,卖盘,2017-07-05,2017-07-05 10:02:42
10:02:48,10:02:48,32.0,--,19,60800,卖盘,2017-07-05,2017-07-05 10:02:48
10:02:54,10:02:54,32.0,--,1,3200,卖盘,2017-07-05,2017-07-05 10:02:54
10:03:06,10:03:06,32.03,0.03,3,9609,买盘,2017-07-05,2017-07-05 10:03:06
10:03:21,10:03:21,32.03,--,1,3203,卖盘,2017-07-05,2017-07-05 10:03:21
10:03:24,10:03:24,32.03,--,1,3203,买盘,2017-07-05,2017-07-05 10:03:24
10:03:27,10:03:27,32.01,-0.02,1,3201,卖盘,2017-07-05,2017-07-05 10:03:27
10:03:48,10:03:48,32.01,--,2,6402,卖盘,2017-07-05,2017-07-05 10:03:48
10:03:51,10:03:51,32.03,0.02,9,28827,买盘,2017-07-05,2017-07-05 10:03:51
10:04:06,10:04:06,32.03,--,1,3203,卖盘,2017-07-05,2017-07-05 10:04:06
10:04:09,10:04:09,32.08,0.05,10,32080,买盘,2017-07-05,2017-07-05 10:04:09
10:04:36,10:04:36,32.09,0.01,10,32090,买盘,2017-07-05,2017-07-05 10:04:36
10:05:09,10:05:09,32.09,--,10,32090,买盘,2017-07-05,2017-07-05 10:05:09
10:05:39,10:05:39,32.05,-0.04,3,9615,卖盘,2017-07-05,2017-07-05 10:05:39
10:05:45,10:05:45,32.05,--,1,3204,买盘,2017-07-05,2017-07-05 10:05:45
10:05:57,10:05:57,32.05,--,1,3204,买盘,2017-07-05,2017-07-05 10:05:57
10:06:00,10:06:00,32.05,--,1,3204,买盘,2017-07-05,2017-07-05 10:06:00
10:06:09,10:06:09,32.05,--,4,12819,买盘,2017-07-05,2017-07-05 10:06:09
10:06:27,10:06:27,32.08,0.03,10,32080,买盘,2017-07-05,2017-07-05 10:06:27
10:06:36,10:06:36,32.09,0.01,32,102688,买盘,2017-07-05,2017-07-05 10:06:36
10:06:39,10:06:39,32.09,--,5,16045,卖盘,2017-07-05,2017-07-05 10:06:39
10:06:45,10:06:45,32.1,0.01,17,54570,买盘,2017-07-05,2017-07-05 10:06:45
10:07:42,10:07:42,32.13,0.03,1,3213,买盘,2017-07-05,2017-07-05 10:07:42
10:07:51,10:07:51,32.13,--,10,32130,卖盘,2017-07-05,2017-07-05 10:07:51
10:08:03,10:08:03,32.16,0.03,32,102911,买盘,2017-07-05,2017-07-05 10:08:03
10:08:21,10:08:21,32.16,--,5,16079,买盘,2017-07-05,2017-07-05 10:08:21
10:08:24,10:08:24,32.16,--,1,3215,买盘,2017-07-05,2017-07-05 10:08:24
10:08:39,10:08:39,32.17,0.01,10,32170,中性盘,2017-07-05,2017-07-05 10:08:39
10:08:42,10:08:42,32.16,-0.01,5,16079,卖盘,2017-07-05,2017-07-05 10:08:42
10:08:45,10:08:45,32.16,--,15,48239,卖盘,2017-07-05,2017-07-05 10:08:45
10:08:48,10:08:48,32.15,-0.01,2,6430,买盘,2017-07-05,2017-07-05 10:08:48
10:08:57,10:08:57,32.15,--,1,3215,买盘,2017-07-05,2017-07-05 10:08:57
10:09:03,10:09:03,32.15,--,25,80375,买盘,2017-07-05,2017-07-05 10:09:03
10:09:18,10:09:18,32.1,-0.05,5,16050,卖盘,2017-07-05,2017-07-05 10:09:18
10:09:24,10:09:24,32.1,--,9,28890,卖盘,2017-07-05,2017-07-05 10:09:24
10:09:33,10:09:33,32.1,--,4,12840,卖盘,2017-07-05,2017-07-05 10:09:33
10:09:51,10:09:51,32.09,-0.01,1,3209,卖盘,2017-07-05,2017-07-05 10:09:51
10:10:00,10:10:00,32.05,-0.04,14,44869,卖盘,2017-07-05,2017-07-05 10:10:00
10:10:12,10:10:12,32.05,--,2,6409,卖盘,2017-07-05,2017-07-05 10:10:12
10:10:15,10:10:15,32.05,--,4,12819,卖盘,2017-07-05,2017-07-05 10:10:15
10:10:24,10:10:24,32.05,--,2,6409,卖盘,2017-07-05,2017-07-05 10:10:24
10:10:51,10:10:51,32.05,--,6,19230,卖盘,2017-07-05,2017-07-05 10:10:51
10:11:45,10:11:45,32.04,-0.01,38,121752,卖盘,2017-07-05,2017-07-05 10:11:45
10:12:12,10:12:12,32.04,--,15,48060,买盘,2017-07-05,2017-07-05 10:12:12
10:12:45,10:12:45,32.02,-0.02,2,6404,中性盘,2017-07-05,2017-07-05 10:12:45
10:12:51,10:12:51,32.02,--,3,9606,买盘,2017-07-05,2017-07-05 10:12:51
10:13:06,10:13:06,32.03,0.01,3,9609,买盘,2017-07-05,2017-07-05 10:13:06
10:13:09,10:13:09,32.03,--,4,12812,买盘,2017-07-05,2017-07-05 10:13:09
10:13:36,10:13:36,32.03,--,9,28827,卖盘,2017-07-05,2017-07-05 10:13:36
10:14:15,10:14:15,32.02,-0.01,7,22414,卖盘,2017-07-05,2017-07-05 10:14:15
10:14:33,10:14:33,32.01,-0.01,8,25608,卖盘,2017-07-05,2017-07-05 10:14:33
10:14:42,10:14:42,32.01,--,4,12804,买盘,2017-07-05,2017-07-05 10:14:42
10:14:51,10:14:51,32.0,-0.01,12,38400,卖盘,2017-07-05,2017-07-05 10:14:51
10:15:03,10:15:03,32.0,--,17,54400,买盘,2017-07-05,2017-07-05 10:15:03
10:15:12,10:15:12,32.0,--,1,3200,买盘,2017-07-05,2017-07-05 10:15:12
10:15:15,10:15:15,31.98,-0.02,5,15990,卖盘,2017-07-05,2017-07-05 10:15:15
10:15:18,10:15:18,32.0,0.02,1,3200,买盘,2017-07-05,2017-07-05 10:15:18
10:15:21,10:15:21,31.99,-0.01,1,3199,中性盘,2017-07-05,2017-07-05 10:15:21
10:15:27,10:15:27,31.98,-0.01,1,3198,卖盘,2017-07-05,2017-07-05 10:15:27
10:15:30,10:15:30,31.99,0.01,1,3199,买盘,2017-07-05,2017-07-05 10:15:30
10:15:57,10:15:57,31.98,-0.01,1,3198,卖盘,2017-07-05,2017-07-05 10:15:57
10:16:00,10:16:00,31.98,--,4,12792,卖盘,2017-07-05,2017-07-05 10:16:00
10:16:09,10:16:09,31.99,0.01,2,6398,买盘,2017-07-05,2017-07-05 10:16:09
10:16:12,10:16:12,31.98,-0.01,4,12792,卖盘,2017-07-05,2017-07-05 10:16:12
10:16:27,10:16:27,31.98,--,13,41574,买盘,2017-07-05,2017-07-05 10:16:27
10:16:33,10:16:33,31.98,--,3,9594,买盘,2017-07-05,2017-07-05 10:16:33
10:16:45,10:16:45,31.98,--,5,15990,买盘,2017-07-05,2017-07-05 10:16:45
10:17:00,10:17:00,31.99,0.01,1,3199,买盘,2017-07-05,2017-07-05 10:17:00
10:17:03,10:17:03,31.99,--,20,63980,买盘,2017-07-05,2017-07-05 10:17:03
10:17:09,10:17:09,31.98,-0.01,19,60762,卖盘,2017-07-05,2017-07-05 10:17:09
10:17:12,10:17:12,31.99,0.01,2,6398,买盘,2017-07-05,2017-07-05 10:17:12
10:17:21,10:17:21,31.99,--,5,15995,买盘,2017-07-05,2017-07-05 10:17:21
10:17:48,10:17:48,31.98,-0.01,26,83148,卖盘,2017-07-05,2017-07-05 10:17:48
10:17:51,10:17:51,31.99,0.01,17,54383,买盘,2017-07-05,2017-07-05 10:17:51
10:18:03,10:18:03,31.98,-0.01,1,3198,卖盘,2017-07-05,2017-07-05 10:18:03
10:18:42,10:18:42,31.99,0.01,5,15995,中性盘,2017-07-05,2017-07-05 10:18:42
10:18:57,10:18:57,31.99,--,10,31990,卖盘,2017-07-05,2017-07-05 10:18:57
10:19:09,10:19:09,31.99,--,5,15995,卖盘,2017-07-05,2017-07-05 10:19:09
10:19:12,10:19:12,32.0,0.01,1,3200,卖盘,2017-07-05,2017-07-05 10:19:12
10:19:24,10:19:24,32.0,--,2,6400,卖盘,2017-07-05,2017-07-05 10:19:24
10:19:33,10:19:33,32.0,--,2,6400,买盘,2017-07-05,2017-07-05 10:19:33
10:19:51,10:19:51,32.0,--,3,9600,买盘,2017-07-05,2017-07-05 10:19:51
10:20:00,10:20:00,32.0,--,5,16000,中性盘,2017-07-05,2017-07-05 10:20:00
10:20:09,10:20:09,31.99,-0.01,5,15995,卖盘,2017-07-05,2017-07-05 10:20:09
10:20:21,10:20:21,31.99,--,9,28791,卖盘,2017-07-05,2017-07-05 10:20:21
10:20:30,10:20:30,31.98,-0.01,8,25584,卖盘,2017-07-05,2017-07-05 10:20:30
10:20:36,10:20:36,31.98,--,16,51168,卖盘,2017-07-05,2017-07-05 10:20:36
10:20:45,10:20:45,31.97,-0.01,11,35167,卖盘,2017-07-05,2017-07-05 10:20:45
10:20:54,10:20:54,31.97,--,9,28773,卖盘,2017-07-05,2017-07-05 10:20:54
10:20:57,10:20:57,31.97,--,45,143865,卖盘,2017-07-05,2017-07-05 10:20:57
10:21:00,10:21:00,31.99,0.02,5,15995,买盘,2017-07-05,2017-07-05 10:21:00
10:21:15,10:21:15,31.97,-0.02,1,3197,卖盘,2017-07-05,2017-07-05 10:21:15
10:21:42,10:21:42,31.97,--,2,6394,卖盘,2017-07-05,2017-07-05 10:21:42
10:21:54,10:21:54,31.97,--,1,3197,买盘,2017-07-05,2017-07-05 10:21:54
10:22:09,10:22:09,31.95,-0.02,4,12780,卖盘,2017-07-05,2017-07-05 10:22:09
10:22:15,10:22:15,31.94,-0.01,3,9582,卖盘,2017-07-05,2017-07-05 10:22:15
10:22:21,10:22:21,31.95,0.01,3,9585,买盘,2017-07-05,2017-07-05 10:22:21
10:22:27,10:22:27,31.95,--,4,12780,买盘,2017-07-05,2017-07-05 10:22:27
10:22:48,10:22:48,31.95,--,9,28755,卖盘,2017-07-05,2017-07-05 10:22:48
10:23:09,10:23:09,31.94,-0.01,3,9582,卖盘,2017-07-05,2017-07-05 10:23:09
10:23:12,10:23:12,31.94,--,21,67074,卖盘,2017-07-05,2017-07-05 10:23:12
10:23:21,10:23:21,31.94,--,12,38328,卖盘,2017-07-05,2017-07-05 10:23:21
10:23:27,10:23:27,31.94,--,5,15970,卖盘,2017-07-05,2017-07-05 10:23:27
10:23:30,10:23:30,31.94,--,10,31940,卖盘,2017-07-05,2017-07-05 10:23:30
10:23:36,10:23:36,31.95,0.01,1,3195,买盘,2017-07-05,2017-07-05 10:23:36
10:23:42,10:23:42,31.97,0.02,5,15985,卖盘,2017-07-05,2017-07-05 10:23:42
10:23:51,10:23:51,31.97,--,4,12788,卖盘,2017-07-05,2017-07-05 10:23:51
10:24:12,10:24:12,31.98,0.01,1,3198,买盘,2017-07-05,2017-07-05 10:24:12
10:24:18,10:24:18,31.98,--,10,31980,买盘,2017-07-05,2017-07-05 10:24:18
10:24:27,10:24:27,31.95,-0.03,2,6390,卖盘,2017-07-05,2017-07-05 10:24:27
10:24:45,10:24:45,31.97,0.02,19,60743,买盘,2017-07-05,2017-07-05 10:24:45
10:24:54,10:24:54,31.98,0.01,1,3198,买盘,2017-07-05,2017-07-05 10:24:54
10:25:06,10:25:06,31.98,--,2,6396,买盘,2017-07-05,2017-07-05 10:25:06
10:25:21,10:25:21,31.99,0.01,13,41587,买盘,2017-07-05,2017-07-05 10:25:21
10:25:42,10:25:42,31.99,--,4,12796,买盘,2017-07-05,2017-07-05 10:25:42
10:25:57,10:25:57,32.0,0.01,51,163200,买盘,2017-07-05,2017-07-05 10:25:57
10:26:00,10:26:00,32.0,--,3,9600,买盘,2017-07-05,2017-07-05 10:26:00
10:26:06,10:26:06,32.0,--,2,6400,买盘,2017-07-05,2017-07-05 10:26:06
10:26:15,10:26:15,32.0,--,10,32000,买盘,2017-07-05,2017-07-05 10:26:15
10:26:30,10:26:30,32.02,0.02,2,6404,买盘,2017-07-05,2017-07-05 10:26:30
10:26:36,10:26:36,32.02,--,1,3202,买盘,2017-07-05,2017-07-05 10:26:36
10:27:03,10:27:03,32.02,--,6,19212,买盘,2017-07-05,2017-07-05 10:27:03
10:27:18,10:27:18,32.02,--,16,51232,卖盘,2017-07-05,2017-07-05 10:27:18
10:27:24,10:27:24,32.02,--,3,9606,买盘,2017-07-05,2017-07-05 10:27:24
10:27:39,10:27:39,32.02,--,1,3202,买盘,2017-07-05,2017-07-05 10:27:39
10:28:00,10:28:00,32.03,0.01,2,6406,卖盘,2017-07-05,2017-07-05 10:28:00
10:28:18,10:28:18,32.03,--,4,12812,卖盘,2017-07-05,2017-07-05 10:28:18
10:28:21,10:28:21,32.1,0.07,7,22470,买盘,2017-07-05,2017-07-05 10:28:21
10:28:42,10:28:42,32.1,--,6,19260,买盘,2017-07-05,2017-07-05 10:28:42
10:28:45,10:28:45,32.1,--,2,6420,卖盘,2017-07-05,2017-07-05 10:28:45
10:28:48,10:28:48,32.15,0.05,30,96450,买盘,2017-07-05,2017-07-05 10:28:48
10:29:06,10:29:06,32.1,-0.05,1,3210,卖盘,2017-07-05,2017-07-05 10:29:06
10:29:27,10:29:27,32.11,0.01,4,12844,中性盘,2017-07-05,2017-07-05 10:29:27
10:29:36,10:29:36,32.11,--,5,16055,买盘,2017-07-05,2017-07-05 10:29:36
10:29:39,10:29:39,32.14,0.03,3,9642,卖盘,2017-07-05,2017-07-05 10:29:39
10:30:03,10:30:03,32.1,-0.04,10,32100,卖盘,2017-07-05,2017-07-05 10:30:03
10:30:06,10:30:06,32.14,0.04,2,6428,中性盘,2017-07-05,2017-07-05 10:30:06
10:30:45,10:30:45,32.04,-0.1,1,3204,卖盘,2017-07-05,2017-07-05 10:30:45
10:31:00,10:31:00,32.12,0.08,1,3211,中性盘,2017-07-05,2017-07-05 10:31:00
10:31:06,10:31:06,32.12,--,1,3211,卖盘,2017-07-05,2017-07-05 10:31:06
10:31:09,10:31:09,32.13,0.01,11,35343,买盘,2017-07-05,2017-07-05 10:31:09
10:31:12,10:31:12,32.13,--,1,3213,卖盘,2017-07-05,2017-07-05 10:31:12
10:31:18,10:31:18,32.13,--,2,6426,买盘,2017-07-05,2017-07-05 10:31:18
10:31:36,10:31:36,32.13,--,7,22491,买盘,2017-07-05,2017-07-05 10:31:36
10:31:54,10:31:54,32.14,0.01,4,12856,买盘,2017-07-05,2017-07-05 10:31:54
10:32:03,10:32:03,32.14,--,7,22498,买盘,2017-07-05,2017-07-05 10:32:03
10:32:09,10:32:09,32.13,-0.01,21,67473,卖盘,2017-07-05,2017-07-05 10:32:09
10:32:21,10:32:21,32.13,--,1,3213,卖盘,2017-07-05,2017-07-05 10:32:21
10:32:30,10:32:30,32.14,0.01,9,28926,买盘,2017-07-05,2017-07-05 10:32:30
10:32:39,10:32:39,32.14,--,16,51424,买盘,2017-07-05,2017-07-05 10:32:39
10:32:42,10:32:42,32.14,--,7,22498,买盘,2017-07-05,2017-07-05 10:32:42
10:33:03,10:33:03,32.14,--,17,54638,买盘,2017-07-05,2017-07-05 10:33:03
10:33:06,10:33:06,32.13,-0.01,1,3213,卖盘,2017-07-05,2017-07-05 10:33:06
10:33:27,10:33:27,32.13,--,4,12852,卖盘,2017-07-05,2017-07-05 10:33:27
10:33:33,10:33:33,32.13,--,2,6426,买盘,2017-07-05,2017-07-05 10:33:33
10:33:36,10:33:36,32.12,-0.01,47,150964,卖盘,2017-07-05,2017-07-05 10:33:36
10:33:45,10:33:45,32.12,--,23,73876,卖盘,2017-07-05,2017-07-05 10:33:45
10:34:27,10:34:27,32.12,--,3,9636,买盘,2017-07-05,2017-07-05 10:34:27
10:34:39,10:34:39,32.12,--,4,12847,买盘,2017-07-05,2017-07-05 10:34:39
10:34:45,10:34:45,32.12,--,1,3211,买盘,2017-07-05,2017-07-05 10:34:45
10:35:15,10:35:15,32.13,0.01,11,35343,买盘,2017-07-05,2017-07-05 10:35:15
10:35:33,10:35:33,32.07,-0.06,3,9621,卖盘,2017-07-05,2017-07-05 10:35:33
10:36:06,10:36:06,32.1,0.03,1,3210,中性盘,2017-07-05,2017-07-05 10:36:06
10:36:09,10:36:09,32.08,-0.02,5,16040,卖盘,2017-07-05,2017-07-05 10:36:09
10:36:27,10:36:27,32.13,0.05,26,83538,买盘,2017-07-05,2017-07-05 10:36:27
10:36:30,10:36:30,32.13,--,10,32130,买盘,2017-07-05,2017-07-05 10:36:30
10:36:45,10:36:45,32.14,0.01,10,32140,买盘,2017-07-05,2017-07-05 10:36:45
10:36:51,10:36:51,32.15,0.01,7,22505,买盘,2017-07-05,2017-07-05 10:36:51
10:37:00,10:37:00,32.18,0.03,7,22526,买盘,2017-07-05,2017-07-05 10:37:00
10:37:21,10:37:21,32.18,--,24,77232,买盘,2017-07-05,2017-07-05 10:37:21
10:37:27,10:37:27,32.19,0.01,2,6438,买盘,2017-07-05,2017-07-05 10:37:27
10:37:30,10:37:30,32.18,-0.01,20,64360,卖盘,2017-07-05,2017-07-05 10:37:30
10:37:42,10:37:42,32.19,0.01,35,112664,买盘,2017-07-05,2017-07-05 10:37:42
10:37:45,10:37:45,32.18,-0.01,6,19308,卖盘,2017-07-05,2017-07-05 10:37:45
10:38:06,10:38:06,32.18,--,2,6436,买盘,2017-07-05,2017-07-05 10:38:06
10:38:12,10:38:12,32.18,--,19,61142,买盘,2017-07-05,2017-07-05 10:38:12
10:38:24,10:38:24,32.18,--,65,209170,卖盘,2017-07-05,2017-07-05 10:38:24
10:38:30,10:38:30,32.18,--,1,3218,买盘,2017-07-05,2017-07-05 10:38:30
10:38:33,10:38:33,32.18,--,12,38616,买盘,2017-07-05,2017-07-05 10:38:33
10:38:36,10:38:36,32.18,--,3,9654,买盘,2017-07-05,2017-07-05 10:38:36
10:38:39,10:38:39,32.18,--,12,38616,买盘,2017-07-05,2017-07-05 10:38:39
10:38:51,10:38:51,32.18,--,3,9654,买盘,2017-07-05,2017-07-05 10:38:51
10:38:54,10:38:54,32.18,--,3,9654,买盘,2017-07-05,2017-07-05 10:38:54
10:38:57,10:38:57,32.18,--,5,16090,买盘,2017-07-05,2017-07-05 10:38:57
10:39:03,10:39:03,32.18,--,0,3089,买盘,2017-07-05,2017-07-05 10:39:03
10:39:09,10:39:09,32.19,0.01,2,6438,买盘,2017-07-05,2017-07-05 10:39:09
10:39:21,10:39:21,32.19,--,2,6438,买盘,2017-07-05,2017-07-05 10:39:21
10:39:30,10:39:30,32.19,--,6,19314,买盘,2017-07-05,2017-07-05 10:39:30
10:39:42,10:39:42,32.19,--,10,32189,买盘,2017-07-05,2017-07-05 10:39:42
10:39:45,10:39:45,32.19,--,7,22533,买盘,2017-07-05,2017-07-05 10:39:45
10:39:51,10:39:51,32.19,--,1,3219,买盘,2017-07-05,2017-07-05 10:39:51
10:40:06,10:40:06,32.2,0.01,7,22540,买盘,2017-07-05,2017-07-05 10:40:06
10:40:09,10:40:09,32.2,--,44,141680,买盘,2017-07-05,2017-07-05 10:40:09
10:40:18,10:40:18,32.2,--,100,322000,买盘,2017-07-05,2017-07-05 10:40:18
10:40:21,10:40:21,32.2,--,6,19320,买盘,2017-07-05,2017-07-05 10:40:21
10:40:24,10:40:24,32.2,--,10,32200,买盘,2017-07-05,2017-07-05 10:40:24
10:40:33,10:40:33,32.21,0.01,1,3221,买盘,2017-07-05,2017-07-05 10:40:33
10:40:36,10:40:36,32.2,-0.01,28,90160,卖盘,2017-07-05,2017-07-05 10:40:36
10:40:39,10:40:39,32.22,0.02,15,48330,买盘,2017-07-05,2017-07-05 10:40:39
10:40:45,10:40:45,32.24,0.02,12,38688,买盘,2017-07-05,2017-07-05 10:40:45
10:40:57,10:40:57,32.24,--,2,6448,买盘,2017-07-05,2017-07-05 10:40:57
10:41:03,10:41:03,32.29,0.05,7,22603,买盘,2017-07-05,2017-07-05 10:41:03
10:41:06,10:41:06,32.29,--,8,25832,买盘,2017-07-05,2017-07-05 10:41:06
10:41:12,10:41:12,32.33,0.04,54,174582,买盘,2017-07-05,2017-07-05 10:41:12
10:41:18,10:41:18,32.32,-0.01,5,16160,中性盘,2017-07-05,2017-07-05 10:41:18
10:41:27,10:41:27,32.3,-0.02,8,25839,卖盘,2017-07-05,2017-07-05 10:41:27
10:41:30,10:41:30,32.32,0.02,24,77568,买盘,2017-07-05,2017-07-05 10:41:30
10:41:33,10:41:33,32.33,0.01,113,365329,买盘,2017-07-05,2017-07-05 10:41:33
10:41:36,10:41:36,32.32,-0.01,5,16160,卖盘,2017-07-05,2017-07-05 10:41:36
10:41:39,10:41:39,32.33,0.01,22,71126,买盘,2017-07-05,2017-07-05 10:41:39
10:41:42,10:41:42,32.32,-0.01,25,80800,卖盘,2017-07-05,2017-07-05 10:41:42
10:41:48,10:41:48,32.32,--,5,16160,买盘,2017-07-05,2017-07-05 10:41:48
10:41:54,10:41:54,32.32,--,1,3232,卖盘,2017-07-05,2017-07-05 10:41:54
10:41:57,10:41:57,32.32,--,3,9696,卖盘,2017-07-05,2017-07-05 10:41:57
10:42:00,10:42:00,32.33,0.01,32,103456,买盘,2017-07-05,2017-07-05 10:42:00
10:42:03,10:42:03,32.33,--,6,19398,买盘,2017-07-05,2017-07-05 10:42:03
10:42:06,10:42:06,32.33,--,1,3233,卖盘,2017-07-05,2017-07-05 10:42:06
10:42:09,10:42:09,32.36,0.03,2,6472,买盘,2017-07-05,2017-07-05 10:42:09
10:42:18,10:42:18,32.36,--,8,25888,买盘,2017-07-05,2017-07-05 10:42:18
10:42:24,10:42:24,32.36,--,17,55012,买盘,2017-07-05,2017-07-05 10:42:24
10:42:39,10:42:39,32.38,0.02,1,3238,买盘,2017-07-05,2017-07-05 10:42:39
10:42:48,10:42:48,32.37,-0.01,7,22659,卖盘,2017-07-05,2017-07-05 10:42:48
10:42:54,10:42:54,32.36,-0.01,25,80900,卖盘,2017-07-05,2017-07-05 10:42:54
10:42:57,10:42:57,32.36,--,9,29124,卖盘,2017-07-05,2017-07-05 10:42:57
10:43:00,10:43:00,32.37,0.01,1,3236,买盘,2017-07-05,2017-07-05 10:43:00
10:43:03,10:43:03,32.33,-0.04,29,93757,卖盘,2017-07-05,2017-07-05 10:43:03
10:43:06,10:43:06,32.37,0.04,10,32369,买盘,2017-07-05,2017-07-05 10:43:06
10:43:24,10:43:24,32.37,--,5,16184,买盘,2017-07-05,2017-07-05 10:43:24
10:43:36,10:43:36,32.33,-0.04,50,161650,卖盘,2017-07-05,2017-07-05 10:43:36
10:43:48,10:43:48,32.34,0.01,6,19404,买盘,2017-07-05,2017-07-05 10:43:48
10:43:51,10:43:51,32.33,-0.01,2,6466,卖盘,2017-07-05,2017-07-05 10:43:51
10:44:00,10:44:00,32.34,0.01,1,3234,买盘,2017-07-05,2017-07-05 10:44:00
10:44:06,10:44:06,32.33,-0.01,1,3233,卖盘,2017-07-05,2017-07-05 10:44:06
10:44:15,10:44:15,32.33,--,13,42029,卖盘,2017-07-05,2017-07-05 10:44:15
10:44:18,10:44:18,32.33,--,2,6466,卖盘,2017-07-05,2017-07-05 10:44:18
10:44:27,10:44:27,32.33,--,5,16165,卖盘,2017-07-05,2017-07-05 10:44:27
10:44:30,10:44:30,32.3,-0.03,18,58139,卖盘,2017-07-05,2017-07-05 10:44:30
10:44:39,10:44:39,32.3,--,8,25839,卖盘,2017-07-05,2017-07-05 10:44:39
10:44:42,10:44:42,32.3,--,2,6459,卖盘,2017-07-05,2017-07-05 10:44:42
10:44:54,10:44:54,32.3,--,3,9690,卖盘,2017-07-05,2017-07-05 10:44:54
10:45:03,10:45:03,32.3,--,5,16149,卖盘,2017-07-05,2017-07-05 10:45:03
10:45:09,10:45:09,32.32,0.02,1,4912,买盘,2017-07-05,2017-07-05 10:45:09
10:45:15,10:45:15,32.32,--,15,48480,买盘,2017-07-05,2017-07-05 10:45:15
10:45:21,10:45:21,32.32,--,30,96960,卖盘,2017-07-05,2017-07-05 10:45:21
10:45:27,10:45:27,32.33,0.01,9,29097,买盘,2017-07-05,2017-07-05 10:45:27
10:45:39,10:45:39,32.34,0.01,2,6468,买盘,2017-07-05,2017-07-05 10:45:39
10:45:42,10:45:42,32.34,--,5,16170,卖盘,2017-07-05,2017-07-05 10:45:42
10:45:45,10:45:45,32.34,--,1,3234,卖盘,2017-07-05,2017-07-05 10:45:45
10:45:48,10:45:48,32.36,0.02,13,42068,买盘,2017-07-05,2017-07-05 10:45:48
10:45:51,10:45:51,32.36,--,10,32360,卖盘,2017-07-05,2017-07-05 10:45:51
10:45:54,10:45:54,32.37,0.01,23,74451,买盘,2017-07-05,2017-07-05 10:45:54
10:45:57,10:45:57,32.37,--,6,19422,买盘,2017-07-05,2017-07-05 10:45:57
10:46:00,10:46:00,32.37,--,35,113294,买盘,2017-07-05,2017-07-05 10:46:00
10:46:06,10:46:06,32.37,--,1,3236,买盘,2017-07-05,2017-07-05 10:46:06
10:46:12,10:46:12,32.37,--,10,32369,买盘,2017-07-05,2017-07-05 10:46:12
10:46:18,10:46:18,32.38,0.01,65,210470,买盘,2017-07-05,2017-07-05 10:46:18
10:46:21,10:46:21,32.37,-0.01,1,3236,卖盘,2017-07-05,2017-07-05 10:46:21
10:46:24,10:46:24,32.37,--,2,6473,卖盘,2017-07-05,2017-07-05 10:46:24
10:46:27,10:46:27,32.38,0.01,1,3238,买盘,2017-07-05,2017-07-05 10:46:27
10:46:33,10:46:33,32.4,0.02,4,12960,买盘,2017-07-05,2017-07-05 10:46:33
10:46:48,10:46:48,32.41,0.01,1,3240,买盘,2017-07-05,2017-07-05 10:46:48
10:47:00,10:47:00,32.42,0.01,4,12968,买盘,2017-07-05,2017-07-05 10:47:00
10:47:03,10:47:03,32.42,--,1,3242,卖盘,2017-07-05,2017-07-05 10:47:03
10:47:09,10:47:09,32.45,0.03,3,9735,买盘,2017-07-05,2017-07-05 10:47:09
10:47:15,10:47:15,32.45,--,1,3245,中性盘,2017-07-05,2017-07-05 10:47:15
10:47:21,10:47:21,32.47,0.02,56,181832,买盘,2017-07-05,2017-07-05 10:47:21
10:47:24,10:47:24,32.46,-0.01,3,9738,买盘,2017-07-05,2017-07-05 10:47:24
10:47:27,10:47:27,32.42,-0.04,7,22694,卖盘,2017-07-05,2017-07-05 10:47:27
10:47:36,10:47:36,32.42,--,32,103744,买盘,2017-07-05,2017-07-05 10:47:36
10:47:39,10:47:39,32.42,--,7,22694,卖盘,2017-07-05,2017-07-05 10:47:39
10:47:45,10:47:45,32.42,--,37,119954,卖盘,2017-07-05,2017-07-05 10:47:45
10:47:54,10:47:54,32.38,-0.04,20,64760,卖盘,2017-07-05,2017-07-05 10:47:54
10:48:09,10:48:09,32.38,--,4,12952,卖盘,2017-07-05,2017-07-05 10:48:09
10:48:18,10:48:18,32.38,--,33,106854,卖盘,2017-07-05,2017-07-05 10:48:18
10:48:33,10:48:33,32.38,--,10,32380,卖盘,2017-07-05,2017-07-05 10:48:33
10:48:39,10:48:39,32.4,0.02,3,9720,买盘,2017-07-05,2017-07-05 10:48:39
10:48:42,10:48:42,32.4,--,2,6480,卖盘,2017-07-05,2017-07-05 10:48:42
10:48:45,10:48:45,32.4,--,3,9979,卖盘,2017-07-05,2017-07-05 10:48:45
10:48:48,10:48:48,32.38,-0.02,24,77712,卖盘,2017-07-05,2017-07-05 10:48:48
10:49:00,10:49:00,32.37,-0.01,47,152139,卖盘,2017-07-05,2017-07-05 10:49:00
10:49:06,10:49:06,32.37,--,61,200435,卖盘,2017-07-05,2017-07-05 10:49:06
10:49:09,10:49:09,32.37,--,1,3236,买盘,2017-07-05,2017-07-05 10:49:09
10:49:18,10:49:18,32.31,-0.06,25,80775,卖盘,2017-07-05,2017-07-05 10:49:18
10:49:24,10:49:24,32.31,--,5,17705,卖盘,2017-07-05,2017-07-05 10:49:24
10:49:36,10:49:36,32.31,--,4,12924,买盘,2017-07-05,2017-07-05 10:49:36
10:49:42,10:49:42,32.3,-0.01,5,16149,卖盘,2017-07-05,2017-07-05 10:49:42
10:49:45,10:49:45,32.31,0.01,2,6462,买盘,2017-07-05,2017-07-05 10:49:45
10:49:48,10:49:48,32.31,--,1,3231,买盘,2017-07-05,2017-07-05 10:49:48
10:49:54,10:49:54,32.3,-0.01,3,9690,卖盘,2017-07-05,2017-07-05 10:49:54
10:49:57,10:49:57,32.3,--,9,29069,卖盘,2017-07-05,2017-07-05 10:49:57
10:50:00,10:50:00,32.31,0.01,13,43683,买盘,2017-07-05,2017-07-05 10:50:00
10:50:39,10:50:39,32.31,--,3,9693,卖盘,2017-07-05,2017-07-05 10:50:39
10:50:54,10:50:54,32.31,--,8,27398,卖盘,2017-07-05,2017-07-05 10:50:54
10:51:00,10:51:00,32.33,0.02,2,8147,买盘,2017-07-05,2017-07-05 10:51:00
10:51:09,10:51:09,32.33,--,3,9699,卖盘,2017-07-05,2017-07-05 10:51:09
10:51:24,10:51:24,32.33,--,4,14483,卖盘,2017-07-05,2017-07-05 10:51:24
10:51:42,10:51:42,32.34,0.01,11,37255,买盘,2017-07-05,2017-07-05 10:51:42
10:52:03,10:52:03,32.35,0.01,5,16175,买盘,2017-07-05,2017-07-05 10:52:03
10:52:12,10:52:12,32.34,-0.01,13,42042,卖盘,2017-07-05,2017-07-05 10:52:12
10:52:15,10:52:15,32.34,--,5,16170,卖盘,2017-07-05,2017-07-05 10:52:15
10:52:42,10:52:42,32.35,0.01,3,9705,买盘,2017-07-05,2017-07-05 10:52:42
10:52:45,10:52:45,32.34,-0.01,9,29106,卖盘,2017-07-05,2017-07-05 10:52:45
10:52:54,10:52:54,32.36,0.02,3,9708,卖盘,2017-07-05,2017-07-05 10:52:54
10:53:12,10:53:12,32.35,-0.01,12,38820,卖盘,2017-07-05,2017-07-05 10:53:12
10:53:45,10:53:45,32.35,--,21,67935,卖盘,2017-07-05,2017-07-05 10:53:45
10:53:51,10:53:51,32.35,--,18,58230,卖盘,2017-07-05,2017-07-05 10:53:51
10:54:00,10:54:00,32.34,-0.01,2,6468,卖盘,2017-07-05,2017-07-05 10:54:00
10:54:09,10:54:09,32.3,-0.04,6,19380,卖盘,2017-07-05,2017-07-05 10:54:09
10:54:18,10:54:18,32.3,--,3,9690,买盘,2017-07-05,2017-07-05 10:54:18
10:54:27,10:54:27,32.3,--,1,3229,卖盘,2017-07-05,2017-07-05 10:54:27
10:54:36,10:54:36,32.33,0.03,3,9699,买盘,2017-07-05,2017-07-05 10:54:36
10:54:39,10:54:39,32.3,-0.03,2,6459,卖盘,2017-07-05,2017-07-05 10:54:39
10:55:03,10:55:03,32.3,--,7,22609,买盘,2017-07-05,2017-07-05 10:55:03
10:55:06,10:55:06,32.28,-0.02,6,19368,卖盘,2017-07-05,2017-07-05 10:55:06
10:55:21,10:55:21,32.28,--,1,3228,卖盘,2017-07-05,2017-07-05 10:55:21
10:55:36,10:55:36,32.28,--,2,6456,卖盘,2017-07-05,2017-07-05 10:55:36
10:55:39,10:55:39,32.28,--,1,3486,卖盘,2017-07-05,2017-07-05 10:55:39
10:56:06,10:56:06,32.27,-0.01,8,25816,卖盘,2017-07-05,2017-07-05 10:56:06
10:56:27,10:56:27,32.3,0.03,20,64599,买盘,2017-07-05,2017-07-05 10:56:27
10:56:30,10:56:30,32.28,-0.02,2,6456,卖盘,2017-07-05,2017-07-05 10:56:30
10:57:03,10:57:03,32.33,0.05,1,3233,买盘,2017-07-05,2017-07-05 10:57:03
10:57:18,10:57:18,32.33,--,4,12932,卖盘,2017-07-05,2017-07-05 10:57:18
10:57:21,10:57:21,32.34,0.01,1,3234,买盘,2017-07-05,2017-07-05 10:57:21
10:57:39,10:57:39,32.37,0.03,16,51791,买盘,2017-07-05,2017-07-05 10:57:39
10:57:45,10:57:45,32.37,--,1,3236,买盘,2017-07-05,2017-07-05 10:57:45
10:57:48,10:57:48,32.37,--,6,19422,买盘,2017-07-05,2017-07-05 10:57:48
10:58:30,10:58:30,32.36,-0.01,8,25888,中性盘,2017-07-05,2017-07-05 10:58:30
10:58:33,10:58:33,32.36,--,28,90608,买盘,2017-07-05,2017-07-05 10:58:33
10:58:48,10:58:48,32.34,-0.02,28,90552,卖盘,2017-07-05,2017-07-05 10:58:48
10:59:00,10:59:00,32.33,-0.01,3,9699,卖盘,2017-07-05,2017-07-05 10:59:00
10:59:06,10:59:06,32.33,--,13,42029,卖盘,2017-07-05,2017-07-05 10:59:06
10:59:15,10:59:15,32.33,--,49,158417,买盘,2017-07-05,2017-07-05 10:59:15
10:59:51,10:59:51,32.3,-0.03,2,6459,卖盘,2017-07-05,2017-07-05 10:59:51
11:00:09,11:00:09,32.33,0.03,2,6466,买盘,2017-07-05,2017-07-05 11:00:09
11:00:18,11:00:18,32.34,0.01,5,16170,买盘,2017-07-05,2017-07-05 11:00:18
11:00:30,11:00:30,32.34,--,2,6468,买盘,2017-07-05,2017-07-05 11:00:30
11:00:33,11:00:33,32.34,--,1,3234,买盘,2017-07-05,2017-07-05 11:00:33
11:00:42,11:00:42,32.34,--,1,3234,买盘,2017-07-05,2017-07-05 11:00:42
11:01:57,11:01:57,32.33,-0.01,2,6466,中性盘,2017-07-05,2017-07-05 11:01:57
11:02:06,11:02:06,32.3,-0.03,11,35530,卖盘,2017-07-05,2017-07-05 11:02:06
11:02:15,11:02:15,32.3,--,8,25839,卖盘,2017-07-05,2017-07-05 11:02:15
11:02:30,11:02:30,32.26,-0.04,2,6452,中性盘,2017-07-05,2017-07-05 11:02:30
11:02:33,11:02:33,32.29,0.03,3,9687,买盘,2017-07-05,2017-07-05 11:02:33
11:02:36,11:02:36,32.26,-0.03,1,3226,卖盘,2017-07-05,2017-07-05 11:02:36
11:02:42,11:02:42,32.25,-0.01,3,9675,卖盘,2017-07-05,2017-07-05 11:02:42
11:03:12,11:03:12,32.29,0.04,4,12916,买盘,2017-07-05,2017-07-05 11:03:12
11:03:21,11:03:21,32.29,--,43,138847,买盘,2017-07-05,2017-07-05 11:03:21
11:03:30,11:03:30,32.29,--,11,35519,卖盘,2017-07-05,2017-07-05 11:03:30
11:03:33,11:03:33,32.3,0.01,2,6459,买盘,2017-07-05,2017-07-05 11:03:33
11:03:42,11:03:42,32.33,0.03,2,6466,买盘,2017-07-05,2017-07-05 11:03:42
11:03:51,11:03:51,32.34,0.01,1,3234,买盘,2017-07-05,2017-07-05 11:03:51
11:03:54,11:03:54,32.34,--,9,29106,买盘,2017-07-05,2017-07-05 11:03:54
11:03:57,11:03:57,32.33,-0.01,12,38796,卖盘,2017-07-05,2017-07-05 11:03:57
11:04:24,11:04:24,32.3,-0.03,32,103359,卖盘,2017-07-05,2017-07-05 11:04:24
11:04:30,11:04:30,32.3,--,4,12919,卖盘,2017-07-05,2017-07-05 11:04:30
11:04:48,11:04:48,32.29,-0.01,1,3229,中性盘,2017-07-05,2017-07-05 11:04:48
11:04:57,11:04:57,32.27,-0.02,1,3227,卖盘,2017-07-05,2017-07-05 11:04:57
11:05:09,11:05:09,32.27,--,8,25816,中性盘,2017-07-05,2017-07-05 11:05:09
11:06:00,11:06:00,32.28,0.01,4,12912,中性盘,2017-07-05,2017-07-05 11:06:00
11:06:30,11:06:30,32.3,0.02,20,64599,买盘,2017-07-05,2017-07-05 11:06:30
11:06:33,11:06:33,32.3,--,3,9690,卖盘,2017-07-05,2017-07-05 11:06:33
11:06:39,11:06:39,32.32,0.02,3,9696,买盘,2017-07-05,2017-07-05 11:06:39
11:06:45,11:06:45,32.32,--,5,16160,卖盘,2017-07-05,2017-07-05 11:06:45
11:07:03,11:07:03,32.32,--,8,25856,卖盘,2017-07-05,2017-07-05 11:07:03
11:07:12,11:07:12,32.32,--,5,16160,买盘,2017-07-05,2017-07-05 11:07:12
11:07:21,11:07:21,32.32,--,2,6464,买盘,2017-07-05,2017-07-05 11:07:21
11:07:39,11:07:39,32.33,0.01,16,51728,买盘,2017-07-05,2017-07-05 11:07:39
11:07:42,11:07:42,32.33,--,10,32330,买盘,2017-07-05,2017-07-05 11:07:42
11:07:51,11:07:51,32.38,0.05,16,51808,买盘,2017-07-05,2017-07-05 11:07:51
11:08:03,11:08:03,32.38,--,2,6476,卖盘,2017-07-05,2017-07-05 11:08:03
11:08:06,11:08:06,32.39,0.01,1,3239,卖盘,2017-07-05,2017-07-05 11:08:06
11:08:18,11:08:18,32.4,0.01,8,25920,买盘,2017-07-05,2017-07-05 11:08:18
11:08:21,11:08:21,32.4,--,3,9720,卖盘,2017-07-05,2017-07-05 11:08:21
11:08:27,11:08:27,32.4,--,4,12960,卖盘,2017-07-05,2017-07-05 11:08:27
11:08:33,11:08:33,32.4,--,8,25920,卖盘,2017-07-05,2017-07-05 11:08:33
11:08:36,11:08:36,32.42,0.02,10,32420,买盘,2017-07-05,2017-07-05 11:08:36
11:08:39,11:08:39,32.4,-0.02,1,3240,卖盘,2017-07-05,2017-07-05 11:08:39
11:09:06,11:09:06,32.42,0.02,7,22694,买盘,2017-07-05,2017-07-05 11:09:06
11:09:12,11:09:12,32.39,-0.03,3,9717,买盘,2017-07-05,2017-07-05 11:09:12
11:09:15,11:09:15,32.38,-0.01,3,9714,卖盘,2017-07-05,2017-07-05 11:09:15
11:09:21,11:09:21,32.38,--,9,29142,卖盘,2017-07-05,2017-07-05 11:09:21
11:09:24,11:09:24,32.39,0.01,63,204057,买盘,2017-07-05,2017-07-05 11:09:24
11:09:33,11:09:33,32.33,-0.06,1,3233,卖盘,2017-07-05,2017-07-05 11:09:33
11:09:36,11:09:36,32.37,0.04,3,9711,买盘,2017-07-05,2017-07-05 11:09:36
11:09:45,11:09:45,32.38,0.01,1,3238,卖盘,2017-07-05,2017-07-05 11:09:45
11:10:00,11:10:00,32.38,--,1,3238,卖盘,2017-07-05,2017-07-05 11:10:00
11:10:03,11:10:03,32.37,-0.01,10,32369,卖盘,2017-07-05,2017-07-05 11:10:03
11:10:18,11:10:18,32.37,--,2,6473,中性盘,2017-07-05,2017-07-05 11:10:18
11:10:27,11:10:27,32.33,-0.04,17,54961,卖盘,2017-07-05,2017-07-05 11:10:27
11:10:39,11:10:39,32.33,--,9,29097,买盘,2017-07-05,2017-07-05 11:10:39
11:10:42,11:10:42,32.32,-0.01,6,19392,卖盘,2017-07-05,2017-07-05 11:10:42
11:10:45,11:10:45,32.32,--,67,216544,卖盘,2017-07-05,2017-07-05 11:10:45
11:10:48,11:10:48,32.38,0.06,30,97140,买盘,2017-07-05,2017-07-05 11:10:48
11:10:57,11:10:57,32.3,-0.08,20,64599,卖盘,2017-07-05,2017-07-05 11:10:57
11:11:42,11:11:42,32.32,0.02,20,64640,中性盘,2017-07-05,2017-07-05 11:11:42
11:11:45,11:11:45,32.32,--,6,19392,卖盘,2017-07-05,2017-07-05 11:11:45
11:12:18,11:12:18,32.33,0.01,10,32330,中性盘,2017-07-05,2017-07-05 11:12:18
11:12:33,11:12:33,32.34,0.01,10,32340,中性盘,2017-07-05,2017-07-05 11:12:33
11:13:00,11:13:00,32.34,--,1,3234,卖盘,2017-07-05,2017-07-05 11:13:00
11:13:03,11:13:03,32.34,--,3,9702,卖盘,2017-07-05,2017-07-05 11:13:03
11:13:12,11:13:12,32.33,-0.01,10,32330,卖盘,2017-07-05,2017-07-05 11:13:12
11:13:36,11:13:36,32.33,--,1,3233,中性盘,2017-07-05,2017-07-05 11:13:36
11:13:45,11:13:45,32.32,-0.01,10,32320,卖盘,2017-07-05,2017-07-05 11:13:45
11:14:00,11:14:00,32.32,--,44,142208,卖盘,2017-07-05,2017-07-05 11:14:00
11:14:12,11:14:12,32.32,--,3,9696,买盘,2017-07-05,2017-07-05 11:14:12
11:14:15,11:14:15,32.31,-0.01,36,116316,卖盘,2017-07-05,2017-07-05 11:14:15
11:14:21,11:14:21,32.3,-0.01,10,32299,卖盘,2017-07-05,2017-07-05 11:14:21
11:14:24,11:14:24,32.3,--,5,16149,卖盘,2017-07-05,2017-07-05 11:14:24
11:14:48,11:14:48,32.31,0.01,6,19386,买盘,2017-07-05,2017-07-05 11:14:48
11:14:57,11:14:57,32.31,--,4,12924,卖盘,2017-07-05,2017-07-05 11:14:57
11:15:00,11:15:00,32.31,--,3,9693,卖盘,2017-07-05,2017-07-05 11:15:00
11:15:15,11:15:15,32.31,--,5,16155,买盘,2017-07-05,2017-07-05 11:15:15
11:16:00,11:16:00,32.31,--,8,25848,卖盘,2017-07-05,2017-07-05 11:16:00
11:16:09,11:16:09,32.31,--,3,9693,卖盘,2017-07-05,2017-07-05 11:16:09
11:16:39,11:16:39,32.31,--,3,9693,卖盘,2017-07-05,2017-07-05 11:16:39
11:16:45,11:16:45,32.32,0.01,1,3232,中性盘,2017-07-05,2017-07-05 11:16:45
11:17:15,11:17:15,32.33,0.01,14,45262,买盘,2017-07-05,2017-07-05 11:17:15
11:17:18,11:17:18,32.35,0.02,1,3235,卖盘,2017-07-05,2017-07-05 11:17:18
11:17:42,11:17:42,32.32,-0.03,8,25856,买盘,2017-07-05,2017-07-05 11:17:42
11:17:54,11:17:54,32.32,--,1,3232,卖盘,2017-07-05,2017-07-05 11:17:54
11:18:30,11:18:30,32.37,0.05,4,12947,买盘,2017-07-05,2017-07-05 11:18:30
11:18:33,11:18:33,32.33,-0.04,3,9699,卖盘,2017-07-05,2017-07-05 11:18:33
11:18:45,11:18:45,32.38,0.05,10,32380,买盘,2017-07-05,2017-07-05 11:18:45
11:18:54,11:18:54,32.36,-0.02,3,9708,中性盘,2017-07-05,2017-07-05 11:18:54
11:19:27,11:19:27,32.36,--,3,9708,买盘,2017-07-05,2017-07-05 11:19:27
11:19:30,11:19:30,32.36,--,4,12944,卖盘,2017-07-05,2017-07-05 11:19:30
11:19:33,11:19:33,32.38,0.02,2,6476,买盘,2017-07-05,2017-07-05 11:19:33
11:19:45,11:19:45,32.38,--,18,58284,买盘,2017-07-05,2017-07-05 11:19:45
11:19:57,11:19:57,32.38,--,4,12952,卖盘,2017-07-05,2017-07-05 11:19:57
11:20:03,11:20:03,32.38,--,12,38856,卖盘,2017-07-05,2017-07-05 11:20:03
11:20:06,11:20:06,32.38,--,2,6476,卖盘,2017-07-05,2017-07-05 11:20:06
11:20:09,11:20:09,32.38,--,1,3238,卖盘,2017-07-05,2017-07-05 11:20:09
11:20:12,11:20:12,32.39,0.01,4,12956,买盘,2017-07-05,2017-07-05 11:20:12
11:20:24,11:20:24,32.38,-0.01,1,3238,中性盘,2017-07-05,2017-07-05 11:20:24
11:20:39,11:20:39,32.38,--,9,29142,卖盘,2017-07-05,2017-07-05 11:20:39
11:20:45,11:20:45,32.39,0.01,50,161950,买盘,2017-07-05,2017-07-05 11:20:45
11:20:48,11:20:48,32.38,-0.01,5,16190,卖盘,2017-07-05,2017-07-05 11:20:48
11:20:57,11:20:57,32.38,--,8,25904,卖盘,2017-07-05,2017-07-05 11:20:57
11:21:09,11:21:09,32.38,--,20,64760,卖盘,2017-07-05,2017-07-05 11:21:09
11:21:15,11:21:15,32.38,--,2,6476,卖盘,2017-07-05,2017-07-05 11:21:15
11:21:18,11:21:18,32.38,--,4,12952,卖盘,2017-07-05,2017-07-05 11:21:18
11:21:21,11:21:21,32.38,--,1,3238,卖盘,2017-07-05,2017-07-05 11:21:21
11:21:24,11:21:24,32.38,--,4,12952,卖盘,2017-07-05,2017-07-05 11:21:24
11:21:48,11:21:48,32.36,-0.02,2,6472,卖盘,2017-07-05,2017-07-05 11:21:48
11:22:06,11:22:06,32.35,-0.01,1,3235,卖盘,2017-07-05,2017-07-05 11:22:06
11:22:12,11:22:12,32.36,0.01,5,16180,买盘,2017-07-05,2017-07-05 11:22:12
11:22:24,11:22:24,32.33,-0.03,11,35563,卖盘,2017-07-05,2017-07-05 11:22:24
11:23:18,11:23:18,32.3,-0.03,4,12919,卖盘,2017-07-05,2017-07-05 11:23:18
11:23:48,11:23:48,32.3,--,4,12919,卖盘,2017-07-05,2017-07-05 11:23:48
11:23:54,11:23:54,32.3,--,1,3229,卖盘,2017-07-05,2017-07-05 11:23:54
11:24:06,11:24:06,32.3,--,10,32299,卖盘,2017-07-05,2017-07-05 11:24:06
11:24:30,11:24:30,32.3,--,40,129199,卖盘,2017-07-05,2017-07-05 11:24:30
11:24:45,11:24:45,32.31,0.01,1,3231,中性盘,2017-07-05,2017-07-05 11:24:45
11:24:51,11:24:51,32.31,--,2,6462,卖盘,2017-07-05,2017-07-05 11:24:51
11:25:00,11:25:00,32.31,--,1,3231,卖盘,2017-07-05,2017-07-05 11:25:00
11:25:06,11:25:06,32.31,--,1,3231,买盘,2017-07-05,2017-07-05 11:25:06
11:25:09,11:25:09,32.31,--,2,6462,买盘,2017-07-05,2017-07-05 11:25:09
11:25:18,11:25:18,32.31,--,1,3231,买盘,2017-07-05,2017-07-05 11:25:18
11:26:03,11:26:03,32.33,0.02,18,58194,买盘,2017-07-05,2017-07-05 11:26:03
11:26:30,11:26:30,32.36,0.03,2,6472,买盘,2017-07-05,2017-07-05 11:26:30
11:26:39,11:26:39,32.33,-0.03,5,16165,卖盘,2017-07-05,2017-07-05 11:26:39
11:26:54,11:26:54,32.33,--,1,3233,卖盘,2017-07-05,2017-07-05 11:26:54
11:27:57,11:27:57,32.37,0.04,4,12947,买盘,2017-07-05,2017-07-05 11:27:57
11:28:09,11:28:09,32.37,--,2,6473,买盘,2017-07-05,2017-07-05 11:28:09
11:28:18,11:28:18,32.36,-0.01,3,9708,卖盘,2017-07-05,2017-07-05 11:28:18
11:28:30,11:28:30,32.38,0.02,53,171614,买盘,2017-07-05,2017-07-05 11:28:30
11:28:39,11:28:39,32.38,--,15,48570,买盘,2017-07-05,2017-07-05 11:28:39
11:28:42,11:28:42,32.38,--,1,3238,买盘,2017-07-05,2017-07-05 11:28:42
11:29:00,11:29:00,32.38,--,7,22666,买盘,2017-07-05,2017-07-05 11:29:00
11:29:09,11:29:09,32.39,0.01,5,16195,买盘,2017-07-05,2017-07-05 11:29:09
11:29:15,11:29:15,32.39,--,15,48585,买盘,2017-07-05,2017-07-05 11:29:15
11:29:21,11:29:21,32.4,0.01,51,165240,买盘,2017-07-05,2017-07-05 11:29:21
11:29:27,11:29:27,32.41,0.01,7,22686,买盘,2017-07-05,2017-07-05 11:29:27
11:29:36,11:29:36,32.41,--,2,6481,买盘,2017-07-05,2017-07-05 11:29:36
11:29:39,11:29:39,32.41,--,4,12963,买盘,2017-07-05,2017-07-05 11:29:39
11:29:42,11:29:42,32.41,--,7,22686,买盘,2017-07-05,2017-07-05 11:29:42
11:29:48,11:29:48,32.46,0.05,53,172038,买盘,2017-07-05,2017-07-05 11:29:48
11:29:54,11:29:54,32.46,--,1,3246,买盘,2017-07-05,2017-07-05 11:29:54
11:29:57,11:29:57,32.47,0.01,2,6494,买盘,2017-07-05,2017-07-05 11:29:57
11:30:00,11:30:00,32.47,--,7,22729,买盘,2017-07-05,2017-07-05 11:30:00
13:00:00,13:00:00,35.49,3.02,2572,9128028,卖盘,2017-07-05,2017-07-05 13:00:00
13:00:03,13:00:03,35.49,--,429,1522521,卖盘,2017-07-05,2017-07-05 13:00:03
13:00:06,13:00:06,35.49,--,82,291018,卖盘,2017-07-05,2017-07-05 13:00:06
13:00:09,13:00:09,35.49,--,71,251979,卖盘,2017-07-05,2017-07-05 13:00:09
13:00:12,13:00:12,35.49,--,2,7098,卖盘,2017-07-05,2017-07-05 13:00:12
13:00:15,13:00:15,35.49,--,105,372645,卖盘,2017-07-05,2017-07-05 13:00:15
13:00:30,13:00:30,35.49,--,1,3549,卖盘,2017-07-05,2017-07-05 13:00:30
13:00:33,13:00:33,35.49,--,2,7098,卖盘,2017-07-05,2017-07-05 13:00:33
13:00:39,13:00:39,35.49,--,32,113568,卖盘,2017-07-05,2017-07-05 13:00:39
13:00:42,13:00:42,35.49,--,91,322959,卖盘,2017-07-05,2017-07-05 13:00:42
13:00:45,13:00:45,35.49,--,9,31941,卖盘,2017-07-05,2017-07-05 13:00:45
13:00:48,13:00:48,35.49,--,2,7098,卖盘,2017-07-05,2017-07-05 13:00:48
13:00:51,13:00:51,35.49,--,30,106470,卖盘,2017-07-05,2017-07-05 13:00:51
13:00:54,13:00:54,35.49,--,17,60333,卖盘,2017-07-05,2017-07-05 13:00:54
13:00:57,13:00:57,35.49,--,17,60333,卖盘,2017-07-05,2017-07-05 13:00:57
13:01:03,13:01:03,35.49,--,20,70980,卖盘,2017-07-05,2017-07-05 13:01:03
13:01:06,13:01:06,35.49,--,5,17745,卖盘,2017-07-05,2017-07-05 13:01:06
13:01:09,13:01:09,35.49,--,1,3549,卖盘,2017-07-05,2017-07-05 13:01:09
13:01:15,13:01:15,35.49,--,5,17745,卖盘,2017-07-05,2017-07-05 13:01:15
13:01:18,13:01:18,35.49,--,1,3549,卖盘,2017-07-05,2017-07-05 13:01:18
13:01:21,13:01:21,35.49,--,7,24843,卖盘,2017-07-05,2017-07-05 13:01:21
13:01:24,13:01:24,35.49,--,30,106470,卖盘,2017-07-05,2017-07-05 13:01:24
13:01:27,13:01:27,35.49,--,51,180999,卖盘,2017-07-05,2017-07-05 13:01:27
13:01:30,13:01:30,35.49,--,26,92274,卖盘,2017-07-05,2017-07-05 13:01:30
13:01:33,13:01:33,35.49,--,23,81627,卖盘,2017-07-05,2017-07-05 13:01:33
13:01:36,13:01:36,35.49,--,3,10647,卖盘,2017-07-05,2017-07-05 13:01:36
13:01:39,13:01:39,35.49,--,91,322959,卖盘,2017-07-05,2017-07-05 13:01:39
13:01:42,13:01:42,35.49,--,2,7098,卖盘,2017-07-05,2017-07-05 13:01:42
13:01:45,13:01:45,35.49,--,5,17745,卖盘,2017-07-05,2017-07-05 13:01:45
13:01:51,13:01:51,35.49,--,6,21294,卖盘,2017-07-05,2017-07-05 13:01:51
13:01:54,13:01:54,35.49,--,12,42588,卖盘,2017-07-05,2017-07-05 13:01:54
13:01:57,13:01:57,35.49,--,10,35490,卖盘,2017-07-05,2017-07-05 13:01:57
13:02:00,13:02:00,35.49,--,11,39039,卖盘,2017-07-05,2017-07-05 13:02:00
13:02:03,13:02:03,35.49,--,30,106470,卖盘,2017-07-05,2017-07-05 13:02:03
13:02:06,13:02:06,35.49,--,1,3549,卖盘,2017-07-05,2017-07-05 13:02:06
13:02:09,13:02:09,35.49,--,20,70980,卖盘,2017-07-05,2017-07-05 13:02:09
13:02:12,13:02:12,35.49,--,29,102921,卖盘,2017-07-05,2017-07-05 13:02:12
13:02:15,13:02:15,35.49,--,30,106470,卖盘,2017-07-05,2017-07-05 13:02:15
13:02:18,13:02:18,35.49,--,5,17745,卖盘,2017-07-05,2017-07-05 13:02:18
13:02:21,13:02:21,35.49,--,31,110019,卖盘,2017-07-05,2017-07-05 13:02:21
13:02:27,13:02:27,35.49,--,5,17745,卖盘,2017-07-05,2017-07-05 13:02:27
13:02:30,13:02:30,35.49,--,20,70980,卖盘,2017-07-05,2017-07-05 13:02:30
13:02:33,13:02:33,35.49,--,60,212940,卖盘,2017-07-05,2017-07-05 13:02:33
13:02:36,13:02:36,35.49,--,2,7098,卖盘,2017-07-05,2017-07-05 13:02:36
13:02:39,13:02:39,35.49,--,10,35490,卖盘,2017-07-05,2017-07-05 13:02:39
13:02:42,13:02:42,35.49,--,3,10647,卖盘,2017-07-05,2017-07-05 13:02:42
13:02:45,13:02:45,35.49,--,5,17745,卖盘,2017-07-05,2017-07-05 13:02:45
13:02:48,13:02:48,35.49,--,17,60333,卖盘,2017-07-05,2017-07-05 13:02:48
13:02:51,13:02:51,35.49,--,8,28392,卖盘,2017-07-05,2017-07-05 13:02:51
13:02:54,13:02:54,35.49,--,11,39039,卖盘,2017-07-05,2017-07-05 13:02:54
13:03:00,13:03:00,35.49,--,13,46137,卖盘,2017-07-05,2017-07-05 13:03:00
13:03:03,13:03:03,35.49,--,68,241332,卖盘,2017-07-05,2017-07-05 13:03:03
13:03:06,13:03:06,35.49,--,2,7098,卖盘,2017-07-05,2017-07-05 13:03:06
13:03:09,13:03:09,35.49,--,23,81627,卖盘,2017-07-05,2017-07-05 13:03:09
13:03:12,13:03:12,35.49,--,21,74529,卖盘,2017-07-05,2017-07-05 13:03:12
13:03:15,13:03:15,35.49,--,2,7098,卖盘,2017-07-05,2017-07-05 13:03:15
13:03:21,13:03:21,35.49,--,38,134862,卖盘,2017-07-05,2017-07-05 13:03:21
13:03:24,13:03:24,35.49,--,5,17745,卖盘,2017-07-05,2017-07-05 13:03:24
13:03:27,13:03:27,35.49,--,15,53235,卖盘,2017-07-05,2017-07-05 13:03:27
13:03:30,13:03:30,35.49,--,4,14196,卖盘,2017-07-05,2017-07-05 13:03:30
13:03:33,13:03:33,35.49,--,11,39039,卖盘,2017-07-05,2017-07-05 13:03:33
13:03:36,13:03:36,35.49,--,2,7098,卖盘,2017-07-05,2017-07-05 13:03:36
13:03:39,13:03:39,35.49,--,14,49686,卖盘,2017-07-05,2017-07-05 13:03:39
13:03:42,13:03:42,35.49,--,29,102921,卖盘,2017-07-05,2017-07-05 13:03:42
13:03:45,13:03:45,35.49,--,1,3549,卖盘,2017-07-05,2017-07-05 13:03:45
13:03:48,13:03:48,35.49,--,21,74529,卖盘,2017-07-05,2017-07-05 13:03:48
13:03:51,13:03:51,35.49,--,8,28392,卖盘,2017-07-05,2017-07-05 13:03:51
13:03:54,13:03:54,35.49,--,12,42588,卖盘,2017-07-05,2017-07-05 13:03:54
13:03:57,13:03:57,35.49,--,119,422331,卖盘,2017-07-05,2017-07-05 13:03:57
13:04:00,13:04:00,35.49,--,3,10647,卖盘,2017-07-05,2017-07-05 13:04:00
13:04:03,13:04:03,35.49,--,25,88725,卖盘,2017-07-05,2017-07-05 13:04:03
13:04:06,13:04:06,35.49,--,3,10647,卖盘,2017-07-05,2017-07-05 13:04:06
13:04:09,13:04:09,35.49,--,12,42588,卖盘,2017-07-05,2017-07-05 13:04:09
13:04:12,13:04:12,35.49,--,4,14196,卖盘,2017-07-05,2017-07-05 13:04:12
13:04:15,13:04:15,35.49,--,20,70980,卖盘,2017-07-05,2017-07-05 13:04:15
13:04:18,13:04:18,35.49,--,4,14196,卖盘,2017-07-05,2017-07-05 13:04:18
13:04:21,13:04:21,35.49,--,14,49686,卖盘,2017-07-05,2017-07-05 13:04:21
13:04:24,13:04:24,35.49,--,11,39039,卖盘,2017-07-05,2017-07-05 13:04:24
13:04:27,13:04:27,35.49,--,25,88725,卖盘,2017-07-05,2017-07-05 13:04:27
13:04:30,13:04:30,35.49,--,1,3549,卖盘,2017-07-05,2017-07-05 13:04:30
13:04:33,13:04:33,35.49,--,10,35490,卖盘,2017-07-05,2017-07-05 13:04:33
13:04:36,13:04:36,35.49,--,5,17745,卖盘,2017-07-05,2017-07-05 13:04:36
13:04:39,13:04:39,35.49,--,5,17745,卖盘,2017-07-05,2017-07-05 13:04:39
13:04:42,13:04:42,35.49,--,16,56784,卖盘,2017-07-05,2017-07-05 13:04:42
13:04:48,13:04:48,35.49,--,6,21294,卖盘,2017-07-05,2017-07-05 13:04:48
13:04:51,13:04:51,35.49,--,21,74529,卖盘,2017-07-05,2017-07-05 13:04:51
13:04:54,13:04:54,35.49,--,20,70980,卖盘,2017-07-05,2017-07-05 13:04:54
13:04:57,13:04:57,35.49,--,92,329240,卖盘,2017-07-05,2017-07-05 13:04:57
13:05:03,13:05:03,35.49,--,5,17745,卖盘,2017-07-05,2017-07-05 13:05:03
13:05:06,13:05:06,35.49,--,56,198744,卖盘,2017-07-05,2017-07-05 13:05:06
13:05:09,13:05:09,35.49,--,12,42588,卖盘,2017-07-05,2017-07-05 13:05:09
13:05:12,13:05:12,35.49,--,8,28392,卖盘,2017-07-05,2017-07-05 13:05:12
13:05:15,13:05:15,35.49,--,34,120666,卖盘,2017-07-05,2017-07-05 13:05:15
13:05:21,13:05:21,35.49,--,15,53235,卖盘,2017-07-05,2017-07-05 13:05:21
13:05:27,13:05:27,35.49,--,67,237783,卖盘,2017-07-05,2017-07-05 13:05:27
13:05:30,13:05:30,35.49,--,82,291018,卖盘,2017-07-05,2017-07-05 13:05:30
13:05:33,13:05:33,35.49,--,14,49686,卖盘,2017-07-05,2017-07-05 13:05:33
13:05:36,13:05:36,35.49,--,13,46137,卖盘,2017-07-05,2017-07-05 13:05:36
13:05:39,13:05:39,35.49,--,61,216489,卖盘,2017-07-05,2017-07-05 13:05:39
13:05:42,13:05:42,35.49,--,9,31941,卖盘,2017-07-05,2017-07-05 13:05:42
13:05:45,13:05:45,35.49,--,53,188132,卖盘,2017-07-05,2017-07-05 13:05:45
13:05:48,13:05:48,35.49,--,5,17745,卖盘,2017-07-05,2017-07-05 13:05:48
13:05:51,13:05:51,35.49,--,2,7098,卖盘,2017-07-05,2017-07-05 13:05:51
13:05:54,13:05:54,35.49,--,2,7098,卖盘,2017-07-05,2017-07-05 13:05:54
13:05:57,13:05:57,35.49,--,29,102921,卖盘,2017-07-05,2017-07-05 13:05:57
13:06:00,13:06:00,35.49,--,22,78078,卖盘,2017-07-05,2017-07-05 13:06:00
13:06:09,13:06:09,35.49,--,88,312312,卖盘,2017-07-05,2017-07-05 13:06:09
13:06:12,13:06:12,35.49,--,29,102921,卖盘,2017-07-05,2017-07-05 13:06:12
13:06:15,13:06:15,35.49,--,65,230685,卖盘,2017-07-05,2017-07-05 13:06:15
13:06:18,13:06:18,35.49,--,91,322959,卖盘,2017-07-05,2017-07-05 13:06:18
13:06:21,13:06:21,35.49,--,15,53235,卖盘,2017-07-05,2017-07-05 13:06:21
13:06:24,13:06:24,35.49,--,16,56784,卖盘,2017-07-05,2017-07-05 13:06:24
13:06:27,13:06:27,35.49,--,67,237783,卖盘,2017-07-05,2017-07-05 13:06:27
13:06:30,13:06:30,35.49,--,14,49686,卖盘,2017-07-05,2017-07-05 13:06:30
13:06:36,13:06:36,35.49,--,53,188097,卖盘,2017-07-05,2017-07-05 13:06:36
13:06:39,13:06:39,35.49,--,27,95823,卖盘,2017-07-05,2017-07-05 13:06:39
13:06:42,13:06:42,35.49,--,10,35490,卖盘,2017-07-05,2017-07-05 13:06:42
13:06:45,13:06:45,35.49,--,4,14196,卖盘,2017-07-05,2017-07-05 13:06:45
13:06:48,13:06:48,35.49,--,48,170352,卖盘,2017-07-05,2017-07-05 13:06:48
13:06:51,13:06:51,35.49,--,19,67431,卖盘,2017-07-05,2017-07-05 13:06:51
13:06:54,13:06:54,35.49,--,32,113568,卖盘,2017-07-05,2017-07-05 13:06:54
13:06:57,13:06:57,35.49,--,44,156156,卖盘,2017-07-05,2017-07-05 13:06:57
13:07:00,13:07:00,35.49,--,19,67431,卖盘,2017-07-05,2017-07-05 13:07:00
13:07:03,13:07:03,35.49,--,24,85176,卖盘,2017-07-05,2017-07-05 13:07:03
13:07:06,13:07:06,35.49,--,43,152607,卖盘,2017-07-05,2017-07-05 13:07:06
13:07:09,13:07:09,35.49,--,9,31941,卖盘,2017-07-05,2017-07-05 13:07:09
13:07:12,13:07:12,35.49,--,1,3549,卖盘,2017-07-05,2017-07-05 13:07:12
13:07:15,13:07:15,35.49,--,501,1778049,卖盘,2017-07-05,2017-07-05 13:07:15
13:07:18,13:07:18,35.49,--,8,28392,卖盘,2017-07-05,2017-07-05 13:07:18
13:07:21,13:07:21,35.49,--,19,67431,卖盘,2017-07-05,2017-07-05 13:07:21
13:07:24,13:07:24,35.49,--,4,14196,卖盘,2017-07-05,2017-07-05 13:07:24
13:07:27,13:07:27,35.49,--,4,14196,卖盘,2017-07-05,2017-07-05 13:07:27
13:07:30,13:07:30,35.49,--,2,7098,卖盘,2017-07-05,2017-07-05 13:07:30
13:07:33,13:07:33,35.49,--,8,28392,卖盘,2017-07-05,2017-07-05 13:07:33
13:07:36,13:07:36,35.49,--,50,177450,卖盘,2017-07-05,2017-07-05 13:07:36
13:07:39,13:07:39,35.49,--,20,70980,卖盘,2017-07-05,2017-07-05 13:07:39
13:07:42,13:07:42,35.49,--,1,3549,卖盘,2017-07-05,2017-07-05 13:07:42
13:07:45,13:07:45,35.49,--,5,17745,卖盘,2017-07-05,2017-07-05 13:07:45
13:07:48,13:07:48,35.49,--,18,63882,卖盘,2017-07-05,2017-07-05 13:07:48
13:07:51,13:07:51,35.49,--,2,7098,卖盘,2017-07-05,2017-07-05 13:07:51
13:07:57,13:07:57,35.49,--,37,131313,卖盘,2017-07-05,2017-07-05 13:07:57
13:08:00,13:08:00,35.49,--,12,42588,卖盘,2017-07-05,2017-07-05 13:08:00
13:08:03,13:08:03,35.49,--,1,3549,卖盘,2017-07-05,2017-07-05 13:08:03
13:08:06,13:08:06,35.49,--,6,21294,卖盘,2017-07-05,2017-07-05 13:08:06
13:08:09,13:08:09,35.49,--,11,39039,卖盘,2017-07-05,2017-07-05 13:08:09
13:08:12,13:08:12,35.49,--,11,39039,卖盘,2017-07-05,2017-07-05 13:08:12
13:08:15,13:08:15,35.49,--,18,63882,卖盘,2017-07-05,2017-07-05 13:08:15
13:08:18,13:08:18,35.49,--,19,67431,卖盘,2017-07-05,2017-07-05 13:08:18
13:08:21,13:08:21,35.49,--,4,14196,卖盘,2017-07-05,2017-07-05 13:08:21
13:08:27,13:08:27,35.49,--,5,17745,卖盘,2017-07-05,2017-07-05 13:08:27
13:08:30,13:08:30,35.49,--,11,39039,卖盘,2017-07-05,2017-07-05 13:08:30
13:08:33,13:08:33,35.49,--,7,24843,卖盘,2017-07-05,2017-07-05 13:08:33
13:08:36,13:08:36,35.49,--,21,74529,卖盘,2017-07-05,2017-07-05 13:08:36
13:08:39,13:08:39,35.49,--,84,298116,卖盘,2017-07-05,2017-07-05 13:08:39
13:08:42,13:08:42,35.49,--,14,49686,卖盘,2017-07-05,2017-07-05 13:08:42
13:08:45,13:08:45,35.49,--,16,56784,卖盘,2017-07-05,2017-07-05 13:08:45
13:08:48,13:08:48,35.49,--,8,28392,卖盘,2017-07-05,2017-07-05 13:08:48
13:08:51,13:08:51,35.49,--,28,99372,卖盘,2017-07-05,2017-07-05 13:08:51
13:08:57,13:08:57,35.49,--,1,3549,卖盘,2017-07-05,2017-07-05 13:08:57
13:09:00,13:09:00,35.49,--,36,127764,卖盘,2017-07-05,2017-07-05 13:09:00
13:09:03,13:09:03,35.49,--,78,276822,卖盘,2017-07-05,2017-07-05 13:09:03
13:09:06,13:09:06,35.49,--,2,7098,卖盘,2017-07-05,2017-07-05 13:09:06
13:09:09,13:09:09,35.49,--,50,179685,卖盘,2017-07-05,2017-07-05 13:09:09
13:09:12,13:09:12,35.49,--,144,511056,卖盘,2017-07-05,2017-07-05 13:09:12
13:09:15,13:09:15,35.49,--,58,205842,卖盘,2017-07-05,2017-07-05 13:09:15
13:09:18,13:09:18,35.49,--,39,138411,卖盘,2017-07-05,2017-07-05 13:09:18
13:09:24,13:09:24,35.49,--,80,283920,卖盘,2017-07-05,2017-07-05 13:09:24
13:09:27,13:09:27,35.49,--,40,141960,卖盘,2017-07-05,2017-07-05 13:09:27
13:09:30,13:09:30,35.49,--,26,92274,卖盘,2017-07-05,2017-07-05 13:09:30
13:09:33,13:09:33,35.49,--,48,170352,卖盘,2017-07-05,2017-07-05 13:09:33
13:09:36,13:09:36,35.49,--,16,56784,卖盘,2017-07-05,2017-07-05 13:09:36
13:09:42,13:09:42,35.49,--,14,49686,卖盘,2017-07-05,2017-07-05 13:09:42
13:09:45,13:09:45,35.49,--,24,85176,卖盘,2017-07-05,2017-07-05 13:09:45
13:09:48,13:09:48,35.49,--,6,21294,卖盘,2017-07-05,2017-07-05 13:09:48
13:09:51,13:09:51,35.49,--,21,74529,卖盘,2017-07-05,2017-07-05 13:09:51
13:09:54,13:09:54,35.49,--,13,46137,卖盘,2017-07-05,2017-07-05 13:09:54
13:09:57,13:09:57,35.49,--,5,17745,卖盘,2017-07-05,2017-07-05 13:09:57
13:10:00,13:10:00,35.49,--,17,60333,卖盘,2017-07-05,2017-07-05 13:10:00
13:10:03,13:10:03,35.49,--,46,163254,卖盘,2017-07-05,2017-07-05 13:10:03
13:10:06,13:10:06,35.49,--,29,102921,卖盘,2017-07-05,2017-07-05 13:10:06
13:10:09,13:10:09,35.49,--,7,24843,卖盘,2017-07-05,2017-07-05 13:10:09
13:10:12,13:10:12,35.49,--,80,283920,卖盘,2017-07-05,2017-07-05 13:10:12
13:10:15,13:10:15,35.49,--,21,74529,卖盘,2017-07-05,2017-07-05 13:10:15
13:10:18,13:10:18,35.49,--,38,134862,卖盘,2017-07-05,2017-07-05 13:10:18
13:10:21,13:10:21,35.49,--,25,88725,卖盘,2017-07-05,2017-07-05 13:10:21
13:10:24,13:10:24,35.49,--,118,418782,卖盘,2017-07-05,2017-07-05 13:10:24
13:10:27,13:10:27,35.49,--,36,127764,卖盘,2017-07-05,2017-07-05 13:10:27
13:10:30,13:10:30,35.49,--,12,42588,卖盘,2017-07-05,2017-07-05 13:10:30
13:10:33,13:10:33,35.49,--,27,95823,卖盘,2017-07-05,2017-07-05 13:10:33
13:10:36,13:10:36,35.49,--,14,49686,卖盘,2017-07-05,2017-07-05 13:10:36
13:10:39,13:10:39,35.49,--,5,17745,卖盘,2017-07-05,2017-07-05 13:10:39
13:10:42,13:10:42,35.49,--,4,14196,卖盘,2017-07-05,2017-07-05 13:10:42
13:10:45,13:10:45,35.49,--,10,35490,卖盘,2017-07-05,2017-07-05 13:10:45
13:10:54,13:10:54,35.49,--,3,10647,卖盘,2017-07-05,2017-07-05 13:10:54
13:10:57,13:10:57,35.49,--,2,7098,卖盘,2017-07-05,2017-07-05 13:10:57
13:11:00,13:11:00,35.49,--,5,17745,卖盘,2017-07-05,2017-07-05 13:11:00
13:11:03,13:11:03,35.49,--,34,120666,卖盘,2017-07-05,2017-07-05 13:11:03
13:11:06,13:11:06,35.49,--,3,10647,卖盘,2017-07-05,2017-07-05 13:11:06
13:11:09,13:11:09,35.49,--,3,10647,卖盘,2017-07-05,2017-07-05 13:11:09
13:11:15,13:11:15,35.49,--,2,7098,卖盘,2017-07-05,2017-07-05 13:11:15
13:11:18,13:11:18,35.49,--,1,3549,卖盘,2017-07-05,2017-07-05 13:11:18
13:11:21,13:11:21,35.49,--,13,46137,卖盘,2017-07-05,2017-07-05 13:11:21
13:11:24,13:11:24,35.49,--,31,110019,卖盘,2017-07-05,2017-07-05 13:11:24
13:11:27,13:11:27,35.49,--,12,42588,卖盘,2017-07-05,2017-07-05 13:11:27
13:11:30,13:11:30,35.49,--,6,21294,卖盘,2017-07-05,2017-07-05 13:11:30
13:11:33,13:11:33,35.49,--,6,21294,卖盘,2017-07-05,2017-07-05 13:11:33
13:11:36,13:11:36,35.49,--,12,42588,卖盘,2017-07-05,2017-07-05 13:11:36
13:11:42,13:11:42,35.49,--,61,216489,卖盘,2017-07-05,2017-07-05 13:11:42
13:11:45,13:11:45,35.49,--,3,10647,卖盘,2017-07-05,2017-07-05 13:11:45
13:11:48,13:11:48,35.49,--,4,14196,卖盘,2017-07-05,2017-07-05 13:11:48
13:11:51,13:11:51,35.49,--,5,17745,卖盘,2017-07-05,2017-07-05 13:11:51
13:11:57,13:11:57,35.49,--,24,85176,卖盘,2017-07-05,2017-07-05 13:11:57
13:12:00,13:12:00,35.49,--,4,14196,卖盘,2017-07-05,2017-07-05 13:12:00
13:12:03,13:12:03,35.49,--,2,7098,卖盘,2017-07-05,2017-07-05 13:12:03
13:12:06,13:12:06,35.49,--,16,56784,卖盘,2017-07-05,2017-07-05 13:12:06
13:12:09,13:12:09,35.49,--,1,3549,卖盘,2017-07-05,2017-07-05 13:12:09
13:12:12,13:12:12,35.49,--,31,110019,卖盘,2017-07-05,2017-07-05 13:12:12
13:12:15,13:12:15,35.49,--,14,49686,卖盘,2017-07-05,2017-07-05 13:12:15
13:12:18,13:12:18,35.49,--,40,141960,卖盘,2017-07-05,2017-07-05 13:12:18
13:12:21,13:12:21,35.49,--,6,21294,卖盘,2017-07-05,2017-07-05 13:12:21
13:12:27,13:12:27,35.49,--,14,49686,卖盘,2017-07-05,2017-07-05 13:12:27
13:12:30,13:12:30,35.49,--,1,3549,卖盘,2017-07-05,2017-07-05 13:12:30
13:12:33,13:12:33,35.49,--,920,3265080,卖盘,2017-07-05,2017-07-05 13:12:33
13:12:36,13:12:36,35.49,--,1,3549,卖盘,2017-07-05,2017-07-05 13:12:36
13:12:39,13:12:39,35.49,--,5,17745,卖盘,2017-07-05,2017-07-05 13:12:39
13:12:42,13:12:42,35.49,--,1,3549,卖盘,2017-07-05,2017-07-05 13:12:42
13:12:45,13:12:45,35.49,--,5,17745,卖盘,2017-07-05,2017-07-05 13:12:45
13:12:48,13:12:48,35.49,--,7,24843,卖盘,2017-07-05,2017-07-05 13:12:48
13:12:51,13:12:51,35.49,--,7,24843,卖盘,2017-07-05,2017-07-05 13:12:51
13:12:54,13:12:54,35.49,--,6,21294,卖盘,2017-07-05,2017-07-05 13:12:54
13:12:57,13:12:57,35.49,--,35,124215,卖盘,2017-07-05,2017-07-05 13:12:57
13:13:03,13:13:03,35.49,--,54,191646,卖盘,2017-07-05,2017-07-05 13:13:03
13:13:09,13:13:09,35.49,--,38,134862,卖盘,2017-07-05,2017-07-05 13:13:09
13:13:12,13:13:12,35.49,--,5,17745,卖盘,2017-07-05,2017-07-05 13:13:12
13:13:15,13:13:15,35.49,--,5,17745,卖盘,2017-07-05,2017-07-05 13:13:15
13:13:18,13:13:18,35.49,--,14,49686,卖盘,2017-07-05,2017-07-05 13:13:18
13:13:21,13:13:21,35.49,--,6,21294,卖盘,2017-07-05,2017-07-05 13:13:21
13:13:24,13:13:24,35.49,--,25,88725,卖盘,2017-07-05,2017-07-05 13:13:24
13:13:27,13:13:27,35.49,--,26,92274,卖盘,2017-07-05,2017-07-05 13:13:27
13:13:33,13:13:33,35.49,--,6,21294,卖盘,2017-07-05,2017-07-05 13:13:33
13:13:42,13:13:42,35.49,--,1,3549,卖盘,2017-07-05,2017-07-05 13:13:42
13:13:45,13:13:45,35.49,--,2,7098,卖盘,2017-07-05,2017-07-05 13:13:45
13:13:48,13:13:48,35.49,--,1,3549,卖盘,2017-07-05,2017-07-05 13:13:48
13:13:51,13:13:51,35.49,--,18,63882,卖盘,2017-07-05,2017-07-05 13:13:51
13:13:54,13:13:54,35.49,--,3,10647,卖盘,2017-07-05,2017-07-05 13:13:54
13:14:09,13:14:09,35.49,--,29,102921,卖盘,2017-07-05,2017-07-05 13:14:09
13:14:15,13:14:15,35.49,--,5,17745,卖盘,2017-07-05,2017-07-05 13:14:15
13:14:18,13:14:18,35.49,--,7,24843,卖盘,2017-07-05,2017-07-05 13:14:18
13:14:21,13:14:21,35.49,--,8,28392,卖盘,2017-07-05,2017-07-05 13:14:21
13:14:27,13:14:27,35.49,--,10,35490,卖盘,2017-07-05,2017-07-05 13:14:27
13:14:33,13:14:33,35.49,--,1,3549,卖盘,2017-07-05,2017-07-05 13:14:33
13:14:36,13:14:36,35.49,--,3,10647,卖盘,2017-07-05,2017-07-05 13:14:36
13:14:42,13:14:42,35.49,--,31,110019,卖盘,2017-07-05,2017-07-05 13:14:42
13:14:45,13:14:45,35.49,--,53,188097,卖盘,2017-07-05,2017-07-05 13:14:45
13:14:48,13:14:48,35.49,--,26,92274,卖盘,2017-07-05,2017-07-05 13:14:48
13:14:51,13:14:51,35.49,--,31,110019,卖盘,2017-07-05,2017-07-05 13:14:51
13:14:57,13:14:57,35.49,--,5,17745,卖盘,2017-07-05,2017-07-05 13:14:57
13:15:00,13:15:00,35.49,--,3,10647,卖盘,2017-07-05,2017-07-05 13:15:00
13:15:06,13:15:06,35.49,--,5,17745,卖盘,2017-07-05,2017-07-05 13:15:06
13:15:09,13:15:09,35.49,--,103,365547,卖盘,2017-07-05,2017-07-05 13:15:09
13:15:12,13:15:12,35.49,--,2,7098,卖盘,2017-07-05,2017-07-05 13:15:12
13:15:15,13:15:15,35.49,--,10,35490,卖盘,2017-07-05,2017-07-05 13:15:15
13:15:18,13:15:18,35.49,--,13,46137,卖盘,2017-07-05,2017-07-05 13:15:18
13:15:21,13:15:21,35.49,--,17,60333,卖盘,2017-07-05,2017-07-05 13:15:21
13:15:24,13:15:24,35.49,--,13,46137,卖盘,2017-07-05,2017-07-05 13:15:24
13:15:27,13:15:27,35.49,--,12,42588,卖盘,2017-07-05,2017-07-05 13:15:27
13:15:30,13:15:30,35.49,--,1,3549,卖盘,2017-07-05,2017-07-05 13:15:30
13:15:33,13:15:33,35.49,--,18,63882,卖盘,2017-07-05,2017-07-05 13:15:33
13:15:36,13:15:36,35.49,--,6,21294,卖盘,2017-07-05,2017-07-05 13:15:36
13:15:39,13:15:39,35.49,--,6,21294,卖盘,2017-07-05,2017-07-05 13:15:39
13:15:45,13:15:45,35.49,--,1,3549,卖盘,2017-07-05,2017-07-05 13:15:45
13:15:48,13:15:48,35.49,--,7,24843,卖盘,2017-07-05,2017-07-05 13:15:48
13:15:54,13:15:54,35.49,--,10,35490,卖盘,2017-07-05,2017-07-05 13:15:54
13:16:00,13:16:00,35.49,--,33,117117,卖盘,2017-07-05,2017-07-05 13:16:00
13:16:06,13:16:06,35.49,--,10,35490,卖盘,2017-07-05,2017-07-05 13:16:06
13:16:12,13:16:12,35.49,--,9,31941,卖盘,2017-07-05,2017-07-05 13:16:12
13:16:15,13:16:15,35.49,--,41,145509,卖盘,2017-07-05,2017-07-05 13:16:15
13:16:18,13:16:18,35.49,--,5,17745,卖盘,2017-07-05,2017-07-05 13:16:18
13:16:21,13:16:21,35.49,--,5,17745,卖盘,2017-07-05,2017-07-05 13:16:21
13:16:24,13:16:24,35.49,--,6,21294,卖盘,2017-07-05,2017-07-05 13:16:24
13:16:27,13:16:27,35.49,--,6,21294,卖盘,2017-07-05,2017-07-05 13:16:27
13:16:33,13:16:33,35.49,--,7,24843,卖盘,2017-07-05,2017-07-05 13:16:33
13:16:36,13:16:36,35.49,--,5,17745,卖盘,2017-07-05,2017-07-05 13:16:36
13:16:39,13:16:39,35.49,--,1,3549,卖盘,2017-07-05,2017-07-05 13:16:39
13:16:42,13:16:42,35.49,--,1,3549,卖盘,2017-07-05,2017-07-05 13:16:42
13:16:45,13:16:45,35.49,--,51,180999,卖盘,2017-07-05,2017-07-05 13:16:45
13:16:51,13:16:51,35.49,--,2,7098,卖盘,2017-07-05,2017-07-05 13:16:51
13:16:54,13:16:54,35.49,--,1,3549,卖盘,2017-07-05,2017-07-05 13:16:54
13:16:57,13:16:57,35.49,--,10,35490,卖盘,2017-07-05,2017-07-05 13:16:57
13:17:03,13:17:03,35.49,--,2,7098,卖盘,2017-07-05,2017-07-05 13:17:03
13:17:06,13:17:06,35.49,--,5,17745,卖盘,2017-07-05,2017-07-05 13:17:06
13:17:12,13:17:12,35.49,--,1,3549,卖盘,2017-07-05,2017-07-05 13:17:12
13:17:15,13:17:15,35.49,--,5,17745,卖盘,2017-07-05,2017-07-05 13:17:15
13:17:21,13:17:21,35.49,--,4,14196,卖盘,2017-07-05,2017-07-05 13:17:21
13:17:24,13:17:24,35.49,--,2,7098,卖盘,2017-07-05,2017-07-05 13:17:24
13:17:27,13:17:27,35.49,--,1,3549,卖盘,2017-07-05,2017-07-05 13:17:27
13:17:33,13:17:33,35.49,--,3,10647,卖盘,2017-07-05,2017-07-05 13:17:33
13:17:39,13:17:39,35.49,--,7,24843,卖盘,2017-07-05,2017-07-05 13:17:39
13:17:42,13:17:42,35.49,--,8,28392,卖盘,2017-07-05,2017-07-05 13:17:42
13:17:48,13:17:48,35.49,--,1,3549,卖盘,2017-07-05,2017-07-05 13:17:48
13:17:54,13:17:54,35.49,--,4,14196,卖盘,2017-07-05,2017-07-05 13:17:54
13:17:57,13:17:57,35.49,--,7,24843,卖盘,2017-07-05,2017-07-05 13:17:57
13:18:00,13:18:00,35.49,--,31,110019,卖盘,2017-07-05,2017-07-05 13:18:00
13:18:03,13:18:03,35.49,--,5,17745,卖盘,2017-07-05,2017-07-05 13:18:03
13:18:06,13:18:06,35.49,--,2,7098,卖盘,2017-07-05,2017-07-05 13:18:06
13:18:09,13:18:09,35.49,--,1,3549,卖盘,2017-07-05,2017-07-05 13:18:09
13:18:12,13:18:12,35.49,--,10,35490,卖盘,2017-07-05,2017-07-05 13:18:12
13:18:18,13:18:18,35.49,--,5,17745,卖盘,2017-07-05,2017-07-05 13:18:18
13:18:21,13:18:21,35.49,--,5,17745,卖盘,2017-07-05,2017-07-05 13:18:21
13:18:27,13:18:27,35.49,--,12,42588,卖盘,2017-07-05,2017-07-05 13:18:27
13:18:42,13:18:42,35.49,--,2,7098,卖盘,2017-07-05,2017-07-05 13:18:42
13:18:51,13:18:51,35.49,--,10,35490,卖盘,2017-07-05,2017-07-05 13:18:51
13:18:57,13:18:57,35.49,--,1,3549,卖盘,2017-07-05,2017-07-05 13:18:57
13:19:03,13:19:03,35.49,--,3,10647,卖盘,2017-07-05,2017-07-05 13:19:03
13:19:06,13:19:06,35.49,--,6,21294,卖盘,2017-07-05,2017-07-05 13:19:06
13:19:12,13:19:12,35.49,--,8,28392,卖盘,2017-07-05,2017-07-05 13:19:12
13:19:18,13:19:18,35.49,--,3,10647,卖盘,2017-07-05,2017-07-05 13:19:18
13:19:30,13:19:30,35.49,--,6,21294,卖盘,2017-07-05,2017-07-05 13:19:30
13:19:36,13:19:36,35.49,--,9,31941,卖盘,2017-07-05,2017-07-05 13:19:36
13:19:39,13:19:39,35.49,--,10,35490,卖盘,2017-07-05,2017-07-05 13:19:39
13:19:45,13:19:45,35.49,--,6,21294,卖盘,2017-07-05,2017-07-05 13:19:45
13:19:48,13:19:48,35.49,--,19,67431,卖盘,2017-07-05,2017-07-05 13:19:48
13:19:51,13:19:51,35.49,--,22,78078,卖盘,2017-07-05,2017-07-05 13:19:51
13:19:54,13:19:54,35.49,--,6,21294,卖盘,2017-07-05,2017-07-05 13:19:54
13:19:57,13:19:57,35.49,--,3,10647,卖盘,2017-07-05,2017-07-05 13:19:57
13:20:00,13:20:00,35.49,--,4,14196,卖盘,2017-07-05,2017-07-05 13:20:00
13:20:03,13:20:03,35.49,--,10,35490,卖盘,2017-07-05,2017-07-05 13:20:03
13:20:06,13:20:06,35.49,--,1,3549,卖盘,2017-07-05,2017-07-05 13:20:06
13:20:12,13:20:12,35.49,--,7,24843,卖盘,2017-07-05,2017-07-05 13:20:12
13:20:21,13:20:21,35.49,--,2,7098,卖盘,2017-07-05,2017-07-05 13:20:21
13:20:30,13:20:30,35.49,--,1,3549,卖盘,2017-07-05,2017-07-05 13:20:30
13:20:33,13:20:33,35.49,--,3,10647,卖盘,2017-07-05,2017-07-05 13:20:33
13:20:36,13:20:36,35.49,--,10,35490,卖盘,2017-07-05,2017-07-05 13:20:36
13:20:39,13:20:39,35.49,--,1,3549,卖盘,2017-07-05,2017-07-05 13:20:39
13:20:42,13:20:42,35.49,--,6,21294,卖盘,2017-07-05,2017-07-05 13:20:42
13:20:45,13:20:45,35.49,--,4,14196,卖盘,2017-07-05,2017-07-05 13:20:45
13:20:48,13:20:48,35.49,--,2,7098,卖盘,2017-07-05,2017-07-05 13:20:48
13:20:57,13:20:57,35.49,--,1,3549,卖盘,2017-07-05,2017-07-05 13:20:57
13:21:00,13:21:00,35.49,--,9,31941,卖盘,2017-07-05,2017-07-05 13:21:00
13:21:06,13:21:06,35.49,--,1,3549,卖盘,2017-07-05,2017-07-05 13:21:06
13:21:09,13:21:09,35.49,--,7,24843,卖盘,2017-07-05,2017-07-05 13:21:09
13:21:15,13:21:15,35.49,--,3,10647,卖盘,2017-07-05,2017-07-05 13:21:15
13:21:30,13:21:30,35.49,--,3,10647,卖盘,2017-07-05,2017-07-05 13:21:30
13:21:36,13:21:36,35.49,--,1,3549,卖盘,2017-07-05,2017-07-05 13:21:36
13:21:39,13:21:39,35.49,--,3,10647,卖盘,2017-07-05,2017-07-05 13:21:39
13:21:45,13:21:45,35.49,--,5,17745,卖盘,2017-07-05,2017-07-05 13:21:45
13:21:48,13:21:48,35.49,--,4,14196,卖盘,2017-07-05,2017-07-05 13:21:48
13:21:51,13:21:51,35.49,--,15,53235,卖盘,2017-07-05,2017-07-05 13:21:51
13:21:54,13:21:54,35.49,--,8,28392,卖盘,2017-07-05,2017-07-05 13:21:54
13:21:57,13:21:57,35.49,--,1,3549,卖盘,2017-07-05,2017-07-05 13:21:57
13:22:00,13:22:00,35.49,--,2,7098,卖盘,2017-07-05,2017-07-05 13:22:00
13:22:15,13:22:15,35.49,--,2,7098,卖盘,2017-07-05,2017-07-05 13:22:15
13:22:27,13:22:27,35.49,--,1,3549,卖盘,2017-07-05,2017-07-05 13:22:27
13:22:36,13:22:36,35.49,--,12,42588,卖盘,2017-07-05,2017-07-05 13:22:36
13:22:39,13:22:39,35.49,--,6,21294,卖盘,2017-07-05,2017-07-05 13:22:39
13:22:42,13:22:42,35.49,--,12,42588,卖盘,2017-07-05,2017-07-05 13:22:42
13:22:45,13:22:45,35.49,--,1,3549,卖盘,2017-07-05,2017-07-05 13:22:45
13:22:51,13:22:51,35.49,--,49,173901,卖盘,2017-07-05,2017-07-05 13:22:51
13:22:57,13:22:57,35.49,--,1,3549,卖盘,2017-07-05,2017-07-05 13:22:57
13:23:03,13:23:03,35.49,--,2,7098,卖盘,2017-07-05,2017-07-05 13:23:03
13:23:24,13:23:24,35.49,--,1,3549,卖盘,2017-07-05,2017-07-05 13:23:24
13:23:27,13:23:27,35.49,--,2,7098,卖盘,2017-07-05,2017-07-05 13:23:27
13:23:33,13:23:33,35.49,--,1,3549,卖盘,2017-07-05,2017-07-05 13:23:33
13:23:54,13:23:54,35.49,--,1,3549,卖盘,2017-07-05,2017-07-05 13:23:54
13:24:09,13:24:09,35.49,--,1,3549,卖盘,2017-07-05,2017-07-05 13:24:09
13:24:18,13:24:18,35.49,--,6,21294,卖盘,2017-07-05,2017-07-05 13:24:18
13:24:21,13:24:21,35.49,--,4,14196,卖盘,2017-07-05,2017-07-05 13:24:21
13:24:27,13:24:27,35.49,--,2,7098,卖盘,2017-07-05,2017-07-05 13:24:27
13:24:30,13:24:30,35.49,--,7,24843,卖盘,2017-07-05,2017-07-05 13:24:30
13:24:39,13:24:39,35.49,--,1,3549,卖盘,2017-07-05,2017-07-05 13:24:39
13:24:48,13:24:48,35.49,--,13,46137,卖盘,2017-07-05,2017-07-05 13:24:48
13:24:51,13:24:51,35.49,--,10,35490,卖盘,2017-07-05,2017-07-05 13:24:51
13:24:54,13:24:54,35.49,--,10,35490,卖盘,2017-07-05,2017-07-05 13:24:54
13:25:00,13:25:00,35.49,--,7,24843,卖盘,2017-07-05,2017-07-05 13:25:00
13:25:12,13:25:12,35.49,--,9,31941,卖盘,2017-07-05,2017-07-05 13:25:12
13:25:18,13:25:18,35.49,--,2,7098,卖盘,2017-07-05,2017-07-05 13:25:18
13:25:21,13:25:21,35.49,--,4,14196,卖盘,2017-07-05,2017-07-05 13:25:21
13:25:27,13:25:27,35.49,--,4,14196,卖盘,2017-07-05,2017-07-05 13:25:27
13:25:30,13:25:30,35.49,--,10,35490,卖盘,2017-07-05,2017-07-05 13:25:30
13:25:33,13:25:33,35.49,--,15,53235,卖盘,2017-07-05,2017-07-05 13:25:33
13:25:36,13:25:36,35.49,--,1,3549,卖盘,2017-07-05,2017-07-05 13:25:36
13:25:42,13:25:42,35.49,--,5,17745,卖盘,2017-07-05,2017-07-05 13:25:42
13:25:45,13:25:45,35.49,--,4,14196,卖盘,2017-07-05,2017-07-05 13:25:45
13:25:57,13:25:57,35.49,--,2,7098,卖盘,2017-07-05,2017-07-05 13:25:57
13:26:03,13:26:03,35.49,--,1,3549,卖盘,2017-07-05,2017-07-05 13:26:03
13:26:06,13:26:06,35.49,--,50,177450,卖盘,2017-07-05,2017-07-05 13:26:06
13:26:09,13:26:09,35.49,--,47,166803,卖盘,2017-07-05,2017-07-05 13:26:09
13:26:15,13:26:15,35.49,--,2,7098,卖盘,2017-07-05,2017-07-05 13:26:15
13:26:18,13:26:18,35.49,--,3,10647,卖盘,2017-07-05,2017-07-05 13:26:18
13:26:27,13:26:27,35.49,--,4,14196,卖盘,2017-07-05,2017-07-05 13:26:27
13:26:30,13:26:30,35.49,--,1,3549,卖盘,2017-07-05,2017-07-05 13:26:30
13:26:33,13:26:33,35.49,--,5,17745,卖盘,2017-07-05,2017-07-05 13:26:33
13:26:36,13:26:36,35.49,--,5,17745,卖盘,2017-07-05,2017-07-05 13:26:36
13:26:48,13:26:48,35.49,--,3,10647,卖盘,2017-07-05,2017-07-05 13:26:48
13:26:51,13:26:51,35.49,--,7,24843,卖盘,2017-07-05,2017-07-05 13:26:51
13:26:54,13:26:54,35.49,--,20,70980,卖盘,2017-07-05,2017-07-05 13:26:54
13:26:57,13:26:57,35.49,--,6,21294,卖盘,2017-07-05,2017-07-05 13:26:57
13:27:00,13:27:00,35.49,--,4,14196,卖盘,2017-07-05,2017-07-05 13:27:00
13:27:09,13:27:09,35.49,--,2,7168,卖盘,2017-07-05,2017-07-05 13:27:09
13:27:12,13:27:12,35.49,--,3,10647,卖盘,2017-07-05,2017-07-05 13:27:12
13:27:15,13:27:15,35.49,--,2,7098,卖盘,2017-07-05,2017-07-05 13:27:15
13:27:18,13:27:18,35.49,--,10,35490,卖盘,2017-07-05,2017-07-05 13:27:18
13:27:21,13:27:21,35.49,--,10,35490,卖盘,2017-07-05,2017-07-05 13:27:21
13:27:27,13:27:27,35.49,--,1,3549,卖盘,2017-07-05,2017-07-05 13:27:27
13:27:30,13:27:30,35.49,--,17,60333,卖盘,2017-07-05,2017-07-05 13:27:30
13:27:39,13:27:39,35.49,--,8,28392,卖盘,2017-07-05,2017-07-05 13:27:39
13:27:42,13:27:42,35.49,--,2,7098,卖盘,2017-07-05,2017-07-05 13:27:42
13:27:45,13:27:45,35.49,--,1,3549,卖盘,2017-07-05,2017-07-05 13:27:45
13:27:48,13:27:48,35.49,--,49,173901,卖盘,2017-07-05,2017-07-05 13:27:48
13:28:00,13:28:00,35.49,--,1,3549,卖盘,2017-07-05,2017-07-05 13:28:00
13:28:33,13:28:33,35.49,--,1,3549,卖盘,2017-07-05,2017-07-05 13:28:33
13:28:36,13:28:36,35.49,--,2,7098,卖盘,2017-07-05,2017-07-05 13:28:36
13:28:45,13:28:45,35.49,--,10,35490,卖盘,2017-07-05,2017-07-05 13:28:45
13:28:48,13:28:48,35.49,--,2,7098,卖盘,2017-07-05,2017-07-05 13:28:48
13:29:06,13:29:06,35.49,--,10,35490,卖盘,2017-07-05,2017-07-05 13:29:06
13:29:15,13:29:15,35.49,--,41,145509,卖盘,2017-07-05,2017-07-05 13:29:15
13:29:18,13:29:18,35.49,--,13,47450,卖盘,2017-07-05,2017-07-05 13:29:18
13:29:21,13:29:21,35.49,--,1,3549,卖盘,2017-07-05,2017-07-05 13:29:21
13:29:27,13:29:27,35.49,--,3,10647,卖盘,2017-07-05,2017-07-05 13:29:27
13:29:30,13:29:30,35.49,--,16,56784,卖盘,2017-07-05,2017-07-05 13:29:30
13:29:36,13:29:36,35.49,--,2,7098,卖盘,2017-07-05,2017-07-05 13:29:36
13:29:42,13:29:42,35.49,--,9,31941,卖盘,2017-07-05,2017-07-05 13:29:42
13:29:45,13:29:45,35.49,--,4,14196,卖盘,2017-07-05,2017-07-05 13:29:45
13:29:51,13:29:51,35.49,--,1,3549,卖盘,2017-07-05,2017-07-05 13:29:51
13:29:54,13:29:54,35.49,--,5,17745,卖盘,2017-07-05,2017-07-05 13:29:54
13:30:03,13:30:03,35.49,--,2,7098,卖盘,2017-07-05,2017-07-05 13:30:03
13:30:09,13:30:09,35.49,--,2,7098,卖盘,2017-07-05,2017-07-05 13:30:09
13:30:15,13:30:15,35.49,--,1,3549,卖盘,2017-07-05,2017-07-05 13:30:15
13:30:18,13:30:18,35.49,--,2,7098,卖盘,2017-07-05,2017-07-05 13:30:18
13:30:27,13:30:27,35.49,--,36,127764,卖盘,2017-07-05,2017-07-05 13:30:27
13:30:36,13:30:36,35.49,--,1,3549,卖盘,2017-07-05,2017-07-05 13:30:36
13:30:39,13:30:39,35.49,--,2,7098,卖盘,2017-07-05,2017-07-05 13:30:39
13:30:51,13:30:51,35.49,--,5,17745,卖盘,2017-07-05,2017-07-05 13:30:51
13:31:00,13:31:00,35.49,--,2,7098,卖盘,2017-07-05,2017-07-05 13:31:00
13:31:03,13:31:03,35.49,--,26,92274,卖盘,2017-07-05,2017-07-05 13:31:03
13:31:09,13:31:09,35.49,--,4,14196,卖盘,2017-07-05,2017-07-05 13:31:09
13:31:12,13:31:12,35.49,--,4,14196,卖盘,2017-07-05,2017-07-05 13:31:12
13:31:15,13:31:15,35.49,--,2,7098,卖盘,2017-07-05,2017-07-05 13:31:15
13:31:21,13:31:21,35.49,--,5,17745,卖盘,2017-07-05,2017-07-05 13:31:21
13:31:24,13:31:24,35.49,--,5,17745,卖盘,2017-07-05,2017-07-05 13:31:24
13:31:33,13:31:33,35.49,--,10,35490,卖盘,2017-07-05,2017-07-05 13:31:33
13:32:00,13:32:00,35.49,--,1,3549,卖盘,2017-07-05,2017-07-05 13:32:00
13:32:03,13:32:03,35.49,--,5,17745,卖盘,2017-07-05,2017-07-05 13:32:03
13:32:09,13:32:09,35.49,--,4,14196,卖盘,2017-07-05,2017-07-05 13:32:09
13:32:12,13:32:12,35.49,--,1,3549,卖盘,2017-07-05,2017-07-05 13:32:12
13:32:15,13:32:15,35.49,--,8,28392,卖盘,2017-07-05,2017-07-05 13:32:15
13:32:39,13:32:39,35.49,--,7,24843,卖盘,2017-07-05,2017-07-05 13:32:39
13:32:42,13:32:42,35.49,--,30,106470,卖盘,2017-07-05,2017-07-05 13:32:42
13:32:54,13:32:54,35.49,--,2,7098,卖盘,2017-07-05,2017-07-05 13:32:54
13:33:09,13:33:09,35.49,--,3,10647,卖盘,2017-07-05,2017-07-05 13:33:09
13:33:15,13:33:15,35.49,--,1,3549,卖盘,2017-07-05,2017-07-05 13:33:15
13:33:18,13:33:18,35.49,--,4,14196,卖盘,2017-07-05,2017-07-05 13:33:18
13:33:21,13:33:21,35.49,--,1,3549,卖盘,2017-07-05,2017-07-05 13:33:21
13:33:24,13:33:24,35.49,--,7,24843,卖盘,2017-07-05,2017-07-05 13:33:24
13:33:33,13:33:33,35.49,--,0,532,卖盘,2017-07-05,2017-07-05 13:33:33
13:33:39,13:33:39,35.49,--,2,7098,卖盘,2017-07-05,2017-07-05 13:33:39
13:33:42,13:33:42,35.49,--,1,3549,卖盘,2017-07-05,2017-07-05 13:33:42
13:33:51,13:33:51,35.49,--,3,10647,卖盘,2017-07-05,2017-07-05 13:33:51
13:33:57,13:33:57,35.49,--,1,3549,卖盘,2017-07-05,2017-07-05 13:33:57
13:34:06,13:34:06,35.49,--,2,7098,卖盘,2017-07-05,2017-07-05 13:34:06
13:34:21,13:34:21,35.49,--,5,17745,卖盘,2017-07-05,2017-07-05 13:34:21
13:34:33,13:34:33,35.49,--,2,7098,卖盘,2017-07-05,2017-07-05 13:34:33
13:34:45,13:34:45,35.49,--,5,17745,卖盘,2017-07-05,2017-07-05 13:34:45
13:34:51,13:34:51,35.49,--,3,10647,卖盘,2017-07-05,2017-07-05 13:34:51
13:35:03,13:35:03,35.49,--,7,24843,卖盘,2017-07-05,2017-07-05 13:35:03
13:35:06,13:35:06,35.49,--,2,7098,卖盘,2017-07-05,2017-07-05 13:35:06
13:35:12,13:35:12,35.49,--,10,35490,卖盘,2017-07-05,2017-07-05 13:35:12
13:35:18,13:35:18,35.49,--,1,3549,卖盘,2017-07-05,2017-07-05 13:35:18
13:35:27,13:35:27,35.49,--,49,173901,卖盘,2017-07-05,2017-07-05 13:35:27
13:35:33,13:35:33,35.49,--,2,7098,卖盘,2017-07-05,2017-07-05 13:35:33
13:35:39,13:35:39,35.49,--,3,10647,卖盘,2017-07-05,2017-07-05 13:35:39
13:35:51,13:35:51,35.49,--,10,35490,卖盘,2017-07-05,2017-07-05 13:35:51
13:36:00,13:36:00,35.49,--,5,17745,卖盘,2017-07-05,2017-07-05 13:36:00
13:36:03,13:36:03,35.49,--,10,35490,卖盘,2017-07-05,2017-07-05 13:36:03
13:36:09,13:36:09,35.49,--,3,10647,卖盘,2017-07-05,2017-07-05 13:36:09
13:36:15,13:36:15,35.49,--,3,10647,卖盘,2017-07-05,2017-07-05 13:36:15
13:36:18,13:36:18,35.49,--,10,35490,卖盘,2017-07-05,2017-07-05 13:36:18
13:36:27,13:36:27,35.49,--,3,10647,卖盘,2017-07-05,2017-07-05 13:36:27
13:36:42,13:36:42,35.49,--,1,3549,卖盘,2017-07-05,2017-07-05 13:36:42
13:36:45,13:36:45,35.49,--,2,7098,卖盘,2017-07-05,2017-07-05 13:36:45
13:36:57,13:36:57,35.49,--,8,28392,卖盘,2017-07-05,2017-07-05 13:36:57
13:37:03,13:37:03,35.49,--,1,3549,卖盘,2017-07-05,2017-07-05 13:37:03
13:37:24,13:37:24,35.49,--,5,17745,卖盘,2017-07-05,2017-07-05 13:37:24
13:37:36,13:37:36,35.49,--,3,10647,卖盘,2017-07-05,2017-07-05 13:37:36
13:37:45,13:37:45,35.49,--,1,3549,卖盘,2017-07-05,2017-07-05 13:37:45
13:37:57,13:37:57,35.49,--,3,10647,卖盘,2017-07-05,2017-07-05 13:37:57
13:38:03,13:38:03,35.49,--,3,10647,卖盘,2017-07-05,2017-07-05 13:38:03
13:38:09,13:38:09,35.49,--,5,17745,卖盘,2017-07-05,2017-07-05 13:38:09
13:38:18,13:38:18,35.49,--,5,17745,卖盘,2017-07-05,2017-07-05 13:38:18
13:38:21,13:38:21,35.49,--,1,3549,卖盘,2017-07-05,2017-07-05 13:38:21
13:38:30,13:38:30,35.49,--,1,3549,卖盘,2017-07-05,2017-07-05 13:38:30
13:38:39,13:38:39,35.49,--,1,3549,卖盘,2017-07-05,2017-07-05 13:38:39
13:38:42,13:38:42,35.49,--,2,7098,卖盘,2017-07-05,2017-07-05 13:38:42
13:38:48,13:38:48,35.49,--,11,39039,卖盘,2017-07-05,2017-07-05 13:38:48
13:38:57,13:38:57,35.49,--,3,10647,卖盘,2017-07-05,2017-07-05 13:38:57
13:39:09,13:39:09,35.49,--,10,35490,卖盘,2017-07-05,2017-07-05 13:39:09
13:39:18,13:39:18,35.49,--,3,10647,卖盘,2017-07-05,2017-07-05 13:39:18
13:39:24,13:39:24,35.49,--,4,14196,卖盘,2017-07-05,2017-07-05 13:39:24
13:39:54,13:39:54,35.49,--,61,216489,卖盘,2017-07-05,2017-07-05 13:39:54
13:40:12,13:40:12,35.49,--,12,42588,卖盘,2017-07-05,2017-07-05 13:40:12
13:40:24,13:40:24,35.49,--,9,31941,卖盘,2017-07-05,2017-07-05 13:40:24
13:40:27,13:40:27,35.49,--,4,14196,卖盘,2017-07-05,2017-07-05 13:40:27
13:40:33,13:40:33,35.49,--,3,10647,卖盘,2017-07-05,2017-07-05 13:40:33
13:40:39,13:40:39,35.49,--,2,7098,卖盘,2017-07-05,2017-07-05 13:40:39
13:40:48,13:40:48,35.49,--,3,10647,卖盘,2017-07-05,2017-07-05 13:40:48
13:40:51,13:40:51,35.49,--,22,78078,卖盘,2017-07-05,2017-07-05 13:40:51
13:40:57,13:40:57,35.49,--,1,3549,卖盘,2017-07-05,2017-07-05 13:40:57
13:41:12,13:41:12,35.49,--,3,10647,卖盘,2017-07-05,2017-07-05 13:41:12
13:41:15,13:41:15,35.49,--,10,35490,卖盘,2017-07-05,2017-07-05 13:41:15
13:41:18,13:41:18,35.49,--,5,17745,卖盘,2017-07-05,2017-07-05 13:41:18
13:41:27,13:41:27,35.49,--,10,35490,卖盘,2017-07-05,2017-07-05 13:41:27
13:41:33,13:41:33,35.49,--,4,14196,卖盘,2017-07-05,2017-07-05 13:41:33
13:41:39,13:41:39,35.49,--,1,3549,卖盘,2017-07-05,2017-07-05 13:41:39
13:41:48,13:41:48,35.49,--,3,10647,卖盘,2017-07-05,2017-07-05 13:41:48
13:41:51,13:41:51,35.49,--,2,7098,卖盘,2017-07-05,2017-07-05 13:41:51
13:42:03,13:42:03,35.49,--,10,35490,卖盘,2017-07-05,2017-07-05 13:42:03
13:42:06,13:42:06,35.49,--,2,7098,卖盘,2017-07-05,2017-07-05 13:42:06
13:42:15,13:42:15,35.49,--,18,63882,卖盘,2017-07-05,2017-07-05 13:42:15
13:42:24,13:42:24,35.49,--,9,31941,卖盘,2017-07-05,2017-07-05 13:42:24
13:42:36,13:42:36,35.49,--,1,3549,卖盘,2017-07-05,2017-07-05 13:42:36
13:42:42,13:42:42,35.49,--,2,7098,卖盘,2017-07-05,2017-07-05 13:42:42
13:42:51,13:42:51,35.49,--,10,35490,卖盘,2017-07-05,2017-07-05 13:42:51
13:42:57,13:42:57,35.49,--,10,35490,卖盘,2017-07-05,2017-07-05 13:42:57
13:43:09,13:43:09,35.49,--,4,14196,卖盘,2017-07-05,2017-07-05 13:43:09
13:43:15,13:43:15,35.49,--,1,3549,卖盘,2017-07-05,2017-07-05 13:43:15
13:43:24,13:43:24,35.49,--,2,7098,卖盘,2017-07-05,2017-07-05 13:43:24
13:43:36,13:43:36,35.49,--,2,7098,卖盘,2017-07-05,2017-07-05 13:43:36
13:43:42,13:43:42,35.49,--,4,14196,卖盘,2017-07-05,2017-07-05 13:43:42
13:43:54,13:43:54,35.49,--,1,3549,卖盘,2017-07-05,2017-07-05 13:43:54
13:44:00,13:44:00,35.49,--,2,7098,卖盘,2017-07-05,2017-07-05 13:44:00
13:44:15,13:44:15,35.49,--,29,102921,卖盘,2017-07-05,2017-07-05 13:44:15
13:44:18,13:44:18,35.49,--,5,17745,卖盘,2017-07-05,2017-07-05 13:44:18
13:44:24,13:44:24,35.49,--,19,67431,卖盘,2017-07-05,2017-07-05 13:44:24
13:44:30,13:44:30,35.49,--,2,7098,卖盘,2017-07-05,2017-07-05 13:44:30
13:45:15,13:45:15,35.49,--,1,3549,卖盘,2017-07-05,2017-07-05 13:45:15
13:45:21,13:45:21,35.49,--,20,70980,卖盘,2017-07-05,2017-07-05 13:45:21
13:45:36,13:45:36,35.49,--,2,7098,卖盘,2017-07-05,2017-07-05 13:45:36
13:45:39,13:45:39,35.49,--,20,70980,卖盘,2017-07-05,2017-07-05 13:45:39
13:45:42,13:45:42,35.49,--,30,106470,卖盘,2017-07-05,2017-07-05 13:45:42
13:46:03,13:46:03,35.49,--,1,3549,卖盘,2017-07-05,2017-07-05 13:46:03
13:46:06,13:46:06,35.49,--,5,17745,卖盘,2017-07-05,2017-07-05 13:46:06
13:46:12,13:46:12,35.49,--,2,7098,卖盘,2017-07-05,2017-07-05 13:46:12
13:46:30,13:46:30,35.49,--,1,3549,卖盘,2017-07-05,2017-07-05 13:46:30
13:46:33,13:46:33,35.49,--,1,3549,卖盘,2017-07-05,2017-07-05 13:46:33
13:46:42,13:46:42,35.49,--,4,14196,卖盘,2017-07-05,2017-07-05 13:46:42
13:47:15,13:47:15,35.49,--,7,24843,卖盘,2017-07-05,2017-07-05 13:47:15
13:47:27,13:47:27,35.49,--,2,7098,卖盘,2017-07-05,2017-07-05 13:47:27
13:47:30,13:47:30,35.49,--,5,17745,卖盘,2017-07-05,2017-07-05 13:47:30
13:47:45,13:47:45,35.49,--,3,10647,卖盘,2017-07-05,2017-07-05 13:47:45
13:47:48,13:47:48,35.49,--,6,21294,卖盘,2017-07-05,2017-07-05 13:47:48
13:47:54,13:47:54,35.49,--,4,14196,卖盘,2017-07-05,2017-07-05 13:47:54
13:48:00,13:48:00,35.49,--,1,3549,卖盘,2017-07-05,2017-07-05 13:48:00
13:48:12,13:48:12,35.49,--,2,7098,卖盘,2017-07-05,2017-07-05 13:48:12
13:48:21,13:48:21,35.49,--,3,10647,卖盘,2017-07-05,2017-07-05 13:48:21
13:48:48,13:48:48,35.49,--,1,3549,卖盘,2017-07-05,2017-07-05 13:48:48
13:48:57,13:48:57,35.49,--,8,28392,卖盘,2017-07-05,2017-07-05 13:48:57
13:49:15,13:49:15,35.49,--,1,3549,卖盘,2017-07-05,2017-07-05 13:49:15
13:49:18,13:49:18,35.49,--,1,3549,卖盘,2017-07-05,2017-07-05 13:49:18
13:49:21,13:49:21,35.49,--,3,10647,卖盘,2017-07-05,2017-07-05 13:49:21
13:49:27,13:49:27,35.49,--,9,31941,卖盘,2017-07-05,2017-07-05 13:49:27
13:49:57,13:49:57,35.49,--,1,3549,卖盘,2017-07-05,2017-07-05 13:49:57
13:50:12,13:50:12,35.49,--,10,35490,卖盘,2017-07-05,2017-07-05 13:50:12
13:50:54,13:50:54,35.49,--,2,7098,卖盘,2017-07-05,2017-07-05 13:50:54
13:50:57,13:50:57,35.49,--,4,14196,卖盘,2017-07-05,2017-07-05 13:50:57
13:51:06,13:51:06,35.49,--,5,17745,卖盘,2017-07-05,2017-07-05 13:51:06
13:51:21,13:51:21,35.49,--,1,3549,卖盘,2017-07-05,2017-07-05 13:51:21
13:51:30,13:51:30,35.49,--,1,3549,卖盘,2017-07-05,2017-07-05 13:51:30
13:51:33,13:51:33,35.49,--,1,3549,卖盘,2017-07-05,2017-07-05 13:51:33
13:51:42,13:51:42,35.49,--,1,3549,卖盘,2017-07-05,2017-07-05 13:51:42
13:51:48,13:51:48,35.49,--,1,3549,卖盘,2017-07-05,2017-07-05 13:51:48
13:51:54,13:51:54,35.49,--,20,70980,卖盘,2017-07-05,2017-07-05 13:51:54
13:51:57,13:51:57,35.49,--,20,70980,卖盘,2017-07-05,2017-07-05 13:51:57
13:52:00,13:52:00,35.49,--,5,17745,卖盘,2017-07-05,2017-07-05 13:52:00
13:52:03,13:52:03,35.49,--,1,3549,卖盘,2017-07-05,2017-07-05 13:52:03
13:52:09,13:52:09,35.49,--,6,21294,卖盘,2017-07-05,2017-07-05 13:52:09
13:52:15,13:52:15,35.49,--,2,7098,卖盘,2017-07-05,2017-07-05 13:52:15
13:52:21,13:52:21,35.49,--,3,10647,卖盘,2017-07-05,2017-07-05 13:52:21
13:52:24,13:52:24,35.49,--,5,17745,卖盘,2017-07-05,2017-07-05 13:52:24
13:52:30,13:52:30,35.49,--,10,35490,卖盘,2017-07-05,2017-07-05 13:52:30
13:52:33,13:52:33,35.49,--,3,10647,卖盘,2017-07-05,2017-07-05 13:52:33
13:52:42,13:52:42,35.49,--,3,10647,卖盘,2017-07-05,2017-07-05 13:52:42
13:52:48,13:52:48,35.49,--,5,17745,卖盘,2017-07-05,2017-07-05 13:52:48
13:53:00,13:53:00,35.49,--,1,3549,卖盘,2017-07-05,2017-07-05 13:53:00
13:53:03,13:53:03,35.49,--,8,28392,卖盘,2017-07-05,2017-07-05 13:53:03
13:53:27,13:53:27,35.49,--,4,14196,卖盘,2017-07-05,2017-07-05 13:53:27
13:53:33,13:53:33,35.49,--,1,3549,卖盘,2017-07-05,2017-07-05 13:53:33
13:53:42,13:53:42,35.49,--,1,3549,卖盘,2017-07-05,2017-07-05 13:53:42
13:53:45,13:53:45,35.49,--,2,7098,卖盘,2017-07-05,2017-07-05 13:53:45
13:53:51,13:53:51,35.49,--,4,14196,卖盘,2017-07-05,2017-07-05 13:53:51
13:54:00,13:54:00,35.49,--,2,7098,卖盘,2017-07-05,2017-07-05 13:54:00
13:54:06,13:54:06,35.49,--,10,35490,卖盘,2017-07-05,2017-07-05 13:54:06
13:54:15,13:54:15,35.49,--,2,7098,卖盘,2017-07-05,2017-07-05 13:54:15
13:54:39,13:54:39,35.49,--,2,7098,卖盘,2017-07-05,2017-07-05 13:54:39
13:54:54,13:54:54,35.49,--,15,53235,卖盘,2017-07-05,2017-07-05 13:54:54
13:55:09,13:55:09,35.49,--,2,7098,卖盘,2017-07-05,2017-07-05 13:55:09
13:55:18,13:55:18,35.49,--,2,7098,卖盘,2017-07-05,2017-07-05 13:55:18
13:55:39,13:55:39,35.49,--,6,21294,卖盘,2017-07-05,2017-07-05 13:55:39
13:56:06,13:56:06,35.49,--,10,35490,卖盘,2017-07-05,2017-07-05 13:56:06
13:56:42,13:56:42,35.49,--,10,35490,卖盘,2017-07-05,2017-07-05 13:56:42
13:56:45,13:56:45,35.49,--,5,17745,卖盘,2017-07-05,2017-07-05 13:56:45
13:57:21,13:57:21,35.49,--,2,7098,卖盘,2017-07-05,2017-07-05 13:57:21
13:57:57,13:57:57,35.49,--,2,7098,卖盘,2017-07-05,2017-07-05 13:57:57
13:58:00,13:58:00,35.49,--,28,99372,卖盘,2017-07-05,2017-07-05 13:58:00
13:58:06,13:58:06,35.49,--,5,17745,卖盘,2017-07-05,2017-07-05 13:58:06
13:58:15,13:58:15,35.49,--,6,21294,卖盘,2017-07-05,2017-07-05 13:58:15
13:58:39,13:58:39,35.49,--,2,7098,卖盘,2017-07-05,2017-07-05 13:58:39
13:58:42,13:58:42,35.49,--,2,7098,卖盘,2017-07-05,2017-07-05 13:58:42
13:58:54,13:58:54,35.49,--,2,7098,卖盘,2017-07-05,2017-07-05 13:58:54
13:59:06,13:59:06,35.49,--,6,21294,卖盘,2017-07-05,2017-07-05 13:59:06
13:59:33,13:59:33,35.49,--,5,17745,卖盘,2017-07-05,2017-07-05 13:59:33
13:59:45,13:59:45,35.49,--,8,28392,卖盘,2017-07-05,2017-07-05 13:59:45
14:00:06,14:00:06,35.49,--,3,10647,卖盘,2017-07-05,2017-07-05 14:00:06
14:00:12,14:00:12,35.49,--,10,35490,卖盘,2017-07-05,2017-07-05 14:00:12
14:00:15,14:00:15,35.49,--,4,14196,卖盘,2017-07-05,2017-07-05 14:00:15
14:00:21,14:00:21,35.49,--,3,10647,卖盘,2017-07-05,2017-07-05 14:00:21
14:00:27,14:00:27,35.49,--,5,17745,卖盘,2017-07-05,2017-07-05 14:00:27
14:00:30,14:00:30,35.49,--,2,7098,卖盘,2017-07-05,2017-07-05 14:00:30
14:00:36,14:00:36,35.49,--,2,7098,卖盘,2017-07-05,2017-07-05 14:00:36
14:00:42,14:00:42,35.49,--,5,17745,卖盘,2017-07-05,2017-07-05 14:00:42
14:00:54,14:00:54,35.49,--,5,17745,卖盘,2017-07-05,2017-07-05 14:00:54
14:00:57,14:00:57,35.49,--,3,10647,卖盘,2017-07-05,2017-07-05 14:00:57
14:01:09,14:01:09,35.49,--,9,31941,卖盘,2017-07-05,2017-07-05 14:01:09
14:01:15,14:01:15,35.49,--,10,35490,卖盘,2017-07-05,2017-07-05 14:01:15
14:01:42,14:01:42,35.49,--,10,35490,卖盘,2017-07-05,2017-07-05 14:01:42
14:01:45,14:01:45,35.49,--,3,10647,卖盘,2017-07-05,2017-07-05 14:01:45
14:02:06,14:02:06,35.49,--,20,70980,卖盘,2017-07-05,2017-07-05 14:02:06
14:02:18,14:02:18,35.49,--,18,63882,卖盘,2017-07-05,2017-07-05 14:02:18
14:02:57,14:02:57,35.49,--,8,28392,卖盘,2017-07-05,2017-07-05 14:02:57
14:03:06,14:03:06,35.49,--,3,10647,卖盘,2017-07-05,2017-07-05 14:03:06
14:03:15,14:03:15,35.49,--,1,3549,卖盘,2017-07-05,2017-07-05 14:03:15
14:03:24,14:03:24,35.49,--,6,21294,卖盘,2017-07-05,2017-07-05 14:03:24
14:03:27,14:03:27,35.49,--,3,10647,卖盘,2017-07-05,2017-07-05 14:03:27
14:03:45,14:03:45,35.49,--,3,10647,卖盘,2017-07-05,2017-07-05 14:03:45
14:04:00,14:04:00,35.49,--,11,39039,卖盘,2017-07-05,2017-07-05 14:04:00
14:04:03,14:04:03,35.49,--,1,3549,卖盘,2017-07-05,2017-07-05 14:04:03
14:04:09,14:04:09,35.49,--,10,35490,卖盘,2017-07-05,2017-07-05 14:04:09
14:04:12,14:04:12,35.49,--,1,3549,卖盘,2017-07-05,2017-07-05 14:04:12
14:04:15,14:04:15,35.49,--,3,10647,卖盘,2017-07-05,2017-07-05 14:04:15
14:04:18,14:04:18,35.49,--,3,10647,卖盘,2017-07-05,2017-07-05 14:04:18
14:05:06,14:05:06,35.49,--,31,110019,卖盘,2017-07-05,2017-07-05 14:05:06
14:05:30,14:05:30,35.49,--,2,7098,卖盘,2017-07-05,2017-07-05 14:05:30
14:05:33,14:05:33,35.49,--,2,7098,卖盘,2017-07-05,2017-07-05 14:05:33
14:05:36,14:05:36,35.49,--,1,3549,卖盘,2017-07-05,2017-07-05 14:05:36
14:05:45,14:05:45,35.49,--,3,10647,卖盘,2017-07-05,2017-07-05 14:05:45
14:05:48,14:05:48,35.49,--,2,7098,卖盘,2017-07-05,2017-07-05 14:05:48
14:06:03,14:06:03,35.49,--,3,10647,卖盘,2017-07-05,2017-07-05 14:06:03
14:06:39,14:06:39,35.49,--,2,7098,卖盘,2017-07-05,2017-07-05 14:06:39
14:06:45,14:06:45,35.49,--,3,10647,卖盘,2017-07-05,2017-07-05 14:06:45
14:07:15,14:07:15,35.49,--,10,35490,卖盘,2017-07-05,2017-07-05 14:07:15
14:07:18,14:07:18,35.49,--,1,3549,卖盘,2017-07-05,2017-07-05 14:07:18
14:07:21,14:07:21,35.49,--,4,14196,卖盘,2017-07-05,2017-07-05 14:07:21
14:07:33,14:07:33,35.49,--,5,17745,卖盘,2017-07-05,2017-07-05 14:07:33
14:07:36,14:07:36,35.49,--,1,3549,卖盘,2017-07-05,2017-07-05 14:07:36
14:08:03,14:08:03,35.49,--,32,113568,卖盘,2017-07-05,2017-07-05 14:08:03
14:08:06,14:08:06,35.49,--,4,14196,卖盘,2017-07-05,2017-07-05 14:08:06
14:08:12,14:08:12,35.49,--,34,120666,卖盘,2017-07-05,2017-07-05 14:08:12
14:08:27,14:08:27,35.49,--,11,39039,卖盘,2017-07-05,2017-07-05 14:08:27
14:08:48,14:08:48,35.49,--,13,46137,卖盘,2017-07-05,2017-07-05 14:08:48
14:08:54,14:08:54,35.49,--,6,21294,卖盘,2017-07-05,2017-07-05 14:08:54
14:09:21,14:09:21,35.49,--,6,21294,卖盘,2017-07-05,2017-07-05 14:09:21
14:10:03,14:10:03,35.49,--,2,7098,卖盘,2017-07-05,2017-07-05 14:10:03
14:10:21,14:10:21,35.49,--,50,177450,卖盘,2017-07-05,2017-07-05 14:10:21
14:10:33,14:10:33,35.49,--,1,3549,卖盘,2017-07-05,2017-07-05 14:10:33
14:10:39,14:10:39,35.49,--,2,7098,卖盘,2017-07-05,2017-07-05 14:10:39
14:11:30,14:11:30,35.49,--,20,70980,卖盘,2017-07-05,2017-07-05 14:11:30
14:11:39,14:11:39,35.49,--,22,78078,卖盘,2017-07-05,2017-07-05 14:11:39
14:11:42,14:11:42,35.49,--,1,3549,卖盘,2017-07-05,2017-07-05 14:11:42
14:11:48,14:11:48,35.49,--,7,24843,卖盘,2017-07-05,2017-07-05 14:11:48
14:11:54,14:11:54,35.49,--,1,3549,卖盘,2017-07-05,2017-07-05 14:11:54
14:12:27,14:12:27,35.49,--,1,3549,卖盘,2017-07-05,2017-07-05 14:12:27
14:12:30,14:12:30,35.49,--,4,14196,卖盘,2017-07-05,2017-07-05 14:12:30
14:12:36,14:12:36,35.49,--,1,3549,卖盘,2017-07-05,2017-07-05 14:12:36
14:13:00,14:13:00,35.49,--,2,7098,卖盘,2017-07-05,2017-07-05 14:13:00
14:13:27,14:13:27,35.49,--,20,70980,卖盘,2017-07-05,2017-07-05 14:13:27
14:13:33,14:13:33,35.49,--,30,106470,卖盘,2017-07-05,2017-07-05 14:13:33
14:13:36,14:13:36,35.49,--,1,3549,卖盘,2017-07-05,2017-07-05 14:13:36
14:13:39,14:13:39,35.49,--,2,7098,卖盘,2017-07-05,2017-07-05 14:13:39
14:13:42,14:13:42,35.49,--,2,10505,卖盘,2017-07-05,2017-07-05 14:13:42
14:13:45,14:13:45,35.49,--,1,3549,卖盘,2017-07-05,2017-07-05 14:13:45
14:14:18,14:14:18,35.49,--,10,35490,卖盘,2017-07-05,2017-07-05 14:14:18
14:14:24,14:14:24,35.49,--,5,17745,卖盘,2017-07-05,2017-07-05 14:14:24
14:14:27,14:14:27,35.49,--,2,7098,卖盘,2017-07-05,2017-07-05 14:14:27
14:14:48,14:14:48,35.49,--,4,14196,卖盘,2017-07-05,2017-07-05 14:14:48
14:14:51,14:14:51,35.49,--,1,3549,卖盘,2017-07-05,2017-07-05 14:14:51
14:14:57,14:14:57,35.49,--,1,3549,卖盘,2017-07-05,2017-07-05 14:14:57
14:15:00,14:15:00,35.49,--,10,35490,卖盘,2017-07-05,2017-07-05 14:15:00
14:15:33,14:15:33,35.49,--,1,3549,卖盘,2017-07-05,2017-07-05 14:15:33
14:16:15,14:16:15,35.49,--,5,17745,卖盘,2017-07-05,2017-07-05 14:16:15
14:16:30,14:16:30,35.49,--,1,3549,卖盘,2017-07-05,2017-07-05 14:16:30
14:16:45,14:16:45,35.49,--,6,21294,卖盘,2017-07-05,2017-07-05 14:16:45
14:17:12,14:17:12,35.49,--,4,14196,卖盘,2017-07-05,2017-07-05 14:17:12
14:17:18,14:17:18,35.49,--,1,3549,卖盘,2017-07-05,2017-07-05 14:17:18
14:17:21,14:17:21,35.49,--,3,10647,卖盘,2017-07-05,2017-07-05 14:17:21
14:17:27,14:17:27,35.49,--,1,3549,卖盘,2017-07-05,2017-07-05 14:17:27
14:17:33,14:17:33,35.49,--,2,7098,卖盘,2017-07-05,2017-07-05 14:17:33
14:17:42,14:17:42,35.49,--,22,78078,卖盘,2017-07-05,2017-07-05 14:17:42
14:17:45,14:17:45,35.49,--,4,14196,卖盘,2017-07-05,2017-07-05 14:17:45
14:18:06,14:18:06,35.49,--,4,14196,卖盘,2017-07-05,2017-07-05 14:18:06
14:18:15,14:18:15,35.49,--,3,10647,卖盘,2017-07-05,2017-07-05 14:18:15
14:18:21,14:18:21,35.49,--,7,24843,卖盘,2017-07-05,2017-07-05 14:18:21
14:18:36,14:18:36,35.49,--,1,3549,卖盘,2017-07-05,2017-07-05 14:18:36
14:18:39,14:18:39,35.49,--,4,14196,卖盘,2017-07-05,2017-07-05 14:18:39
14:19:30,14:19:30,35.49,--,5,17745,卖盘,2017-07-05,2017-07-05 14:19:30
14:19:42,14:19:42,35.49,--,10,35490,卖盘,2017-07-05,2017-07-05 14:19:42
14:19:48,14:19:48,35.49,--,1,3549,卖盘,2017-07-05,2017-07-05 14:19:48
14:19:54,14:19:54,35.49,--,1,3549,卖盘,2017-07-05,2017-07-05 14:19:54
