idx_time,time,price,change,volume,amount,type,date,date_time
09:25:03,09:25:03,8.17,8.17,43,35131,买盘,2017-07-04,2017-07-04 09:25:03
09:30:00,09:30:00,8.17,--,0,0,买盘,2017-07-04,2017-07-04 09:30:00
09:30:03,09:30:03,8.16,-0.01,123,100368,卖盘,2017-07-04,2017-07-04 09:30:03
09:30:06,09:30:06,8.16,--,1,816,买盘,2017-07-04,2017-07-04 09:30:06
09:30:09,09:30:09,8.16,--,18,14688,买盘,2017-07-04,2017-07-04 09:30:09
09:30:39,09:30:39,8.16,--,20,16320,买盘,2017-07-04,2017-07-04 09:30:39
09:30:45,09:30:45,8.15,-0.01,9,7335,卖盘,2017-07-04,2017-07-04 09:30:45
09:30:48,09:30:48,8.15,--,90,73350,卖盘,2017-07-04,2017-07-04 09:30:48
09:30:51,09:30:51,8.15,--,7,5705,买盘,2017-07-04,2017-07-04 09:30:51
09:30:54,09:30:54,8.14,-0.01,5,4070,卖盘,2017-07-04,2017-07-04 09:30:54
09:31:00,09:31:00,8.15,0.01,69,56235,买盘,2017-07-04,2017-07-04 09:31:00
09:31:15,09:31:15,8.14,-0.01,1,814,卖盘,2017-07-04,2017-07-04 09:31:15
09:31:21,09:31:21,8.14,--,10,8140,卖盘,2017-07-04,2017-07-04 09:31:21
09:31:27,09:31:27,8.15,0.01,98,79870,买盘,2017-07-04,2017-07-04 09:31:27
09:31:30,09:31:30,8.15,--,31,25265,买盘,2017-07-04,2017-07-04 09:31:30
09:31:36,09:31:36,8.15,--,21,17115,买盘,2017-07-04,2017-07-04 09:31:36
09:31:39,09:31:39,8.15,--,11,8965,买盘,2017-07-04,2017-07-04 09:31:39
09:31:54,09:31:54,8.16,0.01,7,5712,买盘,2017-07-04,2017-07-04 09:31:54
09:31:57,09:31:57,8.16,--,20,16320,买盘,2017-07-04,2017-07-04 09:31:57
09:32:00,09:32:00,8.16,--,48,39168,买盘,2017-07-04,2017-07-04 09:32:00
09:32:09,09:32:09,8.16,--,30,24480,卖盘,2017-07-04,2017-07-04 09:32:09
09:32:18,09:32:18,8.17,0.01,48,39216,买盘,2017-07-04,2017-07-04 09:32:18
09:32:21,09:32:21,8.17,--,2,1634,买盘,2017-07-04,2017-07-04 09:32:21
09:32:33,09:32:33,8.17,--,101,82517,买盘,2017-07-04,2017-07-04 09:32:33
09:32:42,09:32:42,8.17,--,132,107844,买盘,2017-07-04,2017-07-04 09:32:42
09:32:51,09:32:51,8.17,--,18,14706,卖盘,2017-07-04,2017-07-04 09:32:51
09:33:09,09:33:09,8.18,0.01,72,58896,买盘,2017-07-04,2017-07-04 09:33:09
09:33:33,09:33:33,8.17,-0.01,1,817,卖盘,2017-07-04,2017-07-04 09:33:33
09:33:36,09:33:36,8.18,0.01,181,148058,买盘,2017-07-04,2017-07-04 09:33:36
09:33:45,09:33:45,8.18,--,17,13906,买盘,2017-07-04,2017-07-04 09:33:45
09:33:51,09:33:51,8.18,--,36,29448,买盘,2017-07-04,2017-07-04 09:33:51
09:34:00,09:34:00,8.18,--,50,40900,卖盘,2017-07-04,2017-07-04 09:34:00
09:34:12,09:34:12,8.19,0.01,96,78624,买盘,2017-07-04,2017-07-04 09:34:12
09:34:15,09:34:15,8.19,--,4,3276,卖盘,2017-07-04,2017-07-04 09:34:15
09:34:18,09:34:18,8.17,-0.02,14,11438,卖盘,2017-07-04,2017-07-04 09:34:18
09:34:36,09:34:36,8.18,0.01,9,7362,中性盘,2017-07-04,2017-07-04 09:34:36
09:34:39,09:34:39,8.18,--,4,3272,买盘,2017-07-04,2017-07-04 09:34:39
09:34:42,09:34:42,8.17,-0.01,10,8170,卖盘,2017-07-04,2017-07-04 09:34:42
09:35:12,09:35:12,8.19,0.02,6,4914,买盘,2017-07-04,2017-07-04 09:35:12
09:35:21,09:35:21,8.19,--,10,8189,买盘,2017-07-04,2017-07-04 09:35:21
09:35:39,09:35:39,8.18,-0.01,34,27812,卖盘,2017-07-04,2017-07-04 09:35:39
09:35:42,09:35:42,8.17,-0.01,6,4902,卖盘,2017-07-04,2017-07-04 09:35:42
09:36:06,09:36:06,8.18,0.01,10,8180,买盘,2017-07-04,2017-07-04 09:36:06
09:36:15,09:36:15,8.18,--,163,133334,买盘,2017-07-04,2017-07-04 09:36:15
09:36:24,09:36:24,8.18,--,9,7362,买盘,2017-07-04,2017-07-04 09:36:24
09:36:30,09:36:30,8.18,--,6,4908,买盘,2017-07-04,2017-07-04 09:36:30
09:36:33,09:36:33,8.18,--,5,4090,买盘,2017-07-04,2017-07-04 09:36:33
09:36:45,09:36:45,8.18,--,5,4090,买盘,2017-07-04,2017-07-04 09:36:45
09:36:51,09:36:51,8.18,--,9,7362,买盘,2017-07-04,2017-07-04 09:36:51
09:36:54,09:36:54,8.18,--,6,4908,买盘,2017-07-04,2017-07-04 09:36:54
09:36:57,09:36:57,8.18,--,16,13088,买盘,2017-07-04,2017-07-04 09:36:57
09:37:03,09:37:03,8.18,--,58,47444,买盘,2017-07-04,2017-07-04 09:37:03
09:37:15,09:37:15,8.18,--,1,818,买盘,2017-07-04,2017-07-04 09:37:15
09:37:24,09:37:24,8.18,--,93,76074,买盘,2017-07-04,2017-07-04 09:37:24
09:37:36,09:37:36,8.18,--,12,9816,买盘,2017-07-04,2017-07-04 09:37:36
09:37:39,09:37:39,8.18,--,12,9816,买盘,2017-07-04,2017-07-04 09:37:39
09:37:48,09:37:48,8.18,--,20,16360,买盘,2017-07-04,2017-07-04 09:37:48
09:37:54,09:37:54,8.18,--,10,8180,买盘,2017-07-04,2017-07-04 09:37:54
09:38:06,09:38:06,8.17,-0.01,73,59641,卖盘,2017-07-04,2017-07-04 09:38:06
09:38:33,09:38:33,8.17,--,2,1634,卖盘,2017-07-04,2017-07-04 09:38:33
09:38:36,09:38:36,8.17,--,30,24510,卖盘,2017-07-04,2017-07-04 09:38:36
09:38:42,09:38:42,8.17,--,14,11438,卖盘,2017-07-04,2017-07-04 09:38:42
09:38:48,09:38:48,8.17,--,14,11438,卖盘,2017-07-04,2017-07-04 09:38:48
09:38:51,09:38:51,8.17,--,10,8170,卖盘,2017-07-04,2017-07-04 09:38:51
09:39:24,09:39:24,8.17,--,22,17974,卖盘,2017-07-04,2017-07-04 09:39:24
09:39:33,09:39:33,8.17,--,10,8170,买盘,2017-07-04,2017-07-04 09:39:33
09:39:45,09:39:45,8.17,--,8,6536,买盘,2017-07-04,2017-07-04 09:39:45
09:39:57,09:39:57,8.17,--,10,8170,买盘,2017-07-04,2017-07-04 09:39:57
09:40:00,09:40:00,8.17,--,214,174838,卖盘,2017-07-04,2017-07-04 09:40:00
09:40:06,09:40:06,8.17,--,10,8170,买盘,2017-07-04,2017-07-04 09:40:06
09:40:12,09:40:12,8.16,-0.01,36,29376,卖盘,2017-07-04,2017-07-04 09:40:12
09:40:18,09:40:18,8.16,--,20,16320,卖盘,2017-07-04,2017-07-04 09:40:18
09:40:24,09:40:24,8.16,--,20,16320,卖盘,2017-07-04,2017-07-04 09:40:24
09:40:27,09:40:27,8.16,--,41,33456,卖盘,2017-07-04,2017-07-04 09:40:27
09:40:33,09:40:33,8.16,--,20,16320,卖盘,2017-07-04,2017-07-04 09:40:33
09:40:36,09:40:36,8.16,--,10,8160,卖盘,2017-07-04,2017-07-04 09:40:36
09:40:42,09:40:42,8.16,--,1,816,卖盘,2017-07-04,2017-07-04 09:40:42
09:40:45,09:40:45,8.16,--,12,9792,卖盘,2017-07-04,2017-07-04 09:40:45
09:41:00,09:41:00,8.16,--,637,519792,卖盘,2017-07-04,2017-07-04 09:41:00
09:41:09,09:41:09,8.15,-0.01,24,19560,卖盘,2017-07-04,2017-07-04 09:41:09
09:41:36,09:41:36,8.15,--,79,64385,卖盘,2017-07-04,2017-07-04 09:41:36
09:41:42,09:41:42,8.15,--,15,12225,卖盘,2017-07-04,2017-07-04 09:41:42
09:41:51,09:41:51,8.15,--,50,40750,卖盘,2017-07-04,2017-07-04 09:41:51
09:41:54,09:41:54,8.16,0.01,3,2448,买盘,2017-07-04,2017-07-04 09:41:54
09:41:57,09:41:57,8.15,-0.01,1,815,卖盘,2017-07-04,2017-07-04 09:41:57
09:42:09,09:42:09,8.16,0.01,5,4080,买盘,2017-07-04,2017-07-04 09:42:09
09:42:12,09:42:12,8.15,-0.01,12,9780,卖盘,2017-07-04,2017-07-04 09:42:12
09:42:30,09:42:30,8.15,--,331,269765,卖盘,2017-07-04,2017-07-04 09:42:30
09:42:33,09:42:33,8.16,0.01,6,4896,买盘,2017-07-04,2017-07-04 09:42:33
09:42:42,09:42:42,8.16,--,3,2448,卖盘,2017-07-04,2017-07-04 09:42:42
09:43:03,09:43:03,8.17,0.01,7,5719,买盘,2017-07-04,2017-07-04 09:43:03
09:43:06,09:43:06,8.16,-0.01,5,4080,卖盘,2017-07-04,2017-07-04 09:43:06
09:43:27,09:43:27,8.16,--,19,15504,卖盘,2017-07-04,2017-07-04 09:43:27
09:43:30,09:43:30,8.16,--,2,1632,卖盘,2017-07-04,2017-07-04 09:43:30
09:43:33,09:43:33,8.16,--,6,4896,卖盘,2017-07-04,2017-07-04 09:43:33
09:43:57,09:43:57,8.16,--,52,42432,卖盘,2017-07-04,2017-07-04 09:43:57
09:44:00,09:44:00,8.16,--,6,4896,卖盘,2017-07-04,2017-07-04 09:44:00
09:44:03,09:44:03,8.16,--,16,13056,卖盘,2017-07-04,2017-07-04 09:44:03
09:44:06,09:44:06,8.15,-0.01,165,134475,卖盘,2017-07-04,2017-07-04 09:44:06
09:44:27,09:44:27,8.15,--,15,12225,卖盘,2017-07-04,2017-07-04 09:44:27
09:44:30,09:44:30,8.15,--,5,4075,卖盘,2017-07-04,2017-07-04 09:44:30
09:44:36,09:44:36,8.16,0.01,4,3264,买盘,2017-07-04,2017-07-04 09:44:36
09:44:54,09:44:54,8.16,--,4,3264,买盘,2017-07-04,2017-07-04 09:44:54
09:45:03,09:45:03,8.15,-0.01,271,220865,卖盘,2017-07-04,2017-07-04 09:45:03
09:45:06,09:45:06,8.15,--,5,4075,卖盘,2017-07-04,2017-07-04 09:45:06
09:45:12,09:45:12,8.15,--,37,30155,中性盘,2017-07-04,2017-07-04 09:45:12
09:45:39,09:45:39,8.14,-0.01,17,13838,卖盘,2017-07-04,2017-07-04 09:45:39
09:45:48,09:45:48,8.14,--,30,24420,卖盘,2017-07-04,2017-07-04 09:45:48
09:46:03,09:46:03,8.14,--,118,96052,卖盘,2017-07-04,2017-07-04 09:46:03
09:46:09,09:46:09,8.14,--,2,1628,买盘,2017-07-04,2017-07-04 09:46:09
09:46:36,09:46:36,8.14,--,100,81400,卖盘,2017-07-04,2017-07-04 09:46:36
09:46:51,09:46:51,8.14,--,13,10582,卖盘,2017-07-04,2017-07-04 09:46:51
09:46:54,09:46:54,8.13,-0.01,243,197559,卖盘,2017-07-04,2017-07-04 09:46:54
09:47:03,09:47:03,8.15,0.02,9,7335,买盘,2017-07-04,2017-07-04 09:47:03
09:47:09,09:47:09,8.15,--,28,22820,买盘,2017-07-04,2017-07-04 09:47:09
09:47:27,09:47:27,8.15,--,21,17115,卖盘,2017-07-04,2017-07-04 09:47:27
09:47:48,09:47:48,8.14,-0.01,25,20350,卖盘,2017-07-04,2017-07-04 09:47:48
09:48:00,09:48:00,8.14,--,19,15466,卖盘,2017-07-04,2017-07-04 09:48:00
09:48:03,09:48:03,8.15,0.01,20,16300,买盘,2017-07-04,2017-07-04 09:48:03
09:48:09,09:48:09,8.15,--,41,33415,买盘,2017-07-04,2017-07-04 09:48:09
09:48:15,09:48:15,8.15,--,154,125510,买盘,2017-07-04,2017-07-04 09:48:15
09:48:27,09:48:27,8.15,--,20,16300,卖盘,2017-07-04,2017-07-04 09:48:27
09:48:39,09:48:39,8.16,0.01,6,4896,买盘,2017-07-04,2017-07-04 09:48:39
09:48:45,09:48:45,8.16,--,1,816,买盘,2017-07-04,2017-07-04 09:48:45
09:48:48,09:48:48,8.16,--,61,49776,买盘,2017-07-04,2017-07-04 09:48:48
09:48:54,09:48:54,8.15,-0.01,20,16300,卖盘,2017-07-04,2017-07-04 09:48:54
09:49:00,09:49:00,8.16,0.01,50,40800,买盘,2017-07-04,2017-07-04 09:49:00
09:49:06,09:49:06,8.16,--,30,24480,买盘,2017-07-04,2017-07-04 09:49:06
09:49:18,09:49:18,8.16,--,63,51408,买盘,2017-07-04,2017-07-04 09:49:18
09:49:21,09:49:21,8.16,--,20,16320,买盘,2017-07-04,2017-07-04 09:49:21
09:49:42,09:49:42,8.17,0.01,24,19608,买盘,2017-07-04,2017-07-04 09:49:42
09:50:00,09:50:00,8.17,--,10,8170,买盘,2017-07-04,2017-07-04 09:50:00
09:50:03,09:50:03,8.17,--,1,817,买盘,2017-07-04,2017-07-04 09:50:03
09:50:15,09:50:15,8.17,--,5,4085,买盘,2017-07-04,2017-07-04 09:50:15
09:50:21,09:50:21,8.17,--,1,817,买盘,2017-07-04,2017-07-04 09:50:21
09:50:27,09:50:27,8.16,-0.01,5,4080,卖盘,2017-07-04,2017-07-04 09:50:27
09:50:33,09:50:33,8.17,0.01,2,1634,买盘,2017-07-04,2017-07-04 09:50:33
09:50:39,09:50:39,8.17,--,20,16340,买盘,2017-07-04,2017-07-04 09:50:39
09:50:42,09:50:42,8.16,-0.01,6,4896,卖盘,2017-07-04,2017-07-04 09:50:42
09:50:51,09:50:51,8.17,0.01,100,81700,买盘,2017-07-04,2017-07-04 09:50:51
09:50:54,09:50:54,8.16,-0.01,1,816,卖盘,2017-07-04,2017-07-04 09:50:54
09:51:09,09:51:09,8.16,--,30,24480,卖盘,2017-07-04,2017-07-04 09:51:09
09:51:12,09:51:12,8.16,--,10,8160,卖盘,2017-07-04,2017-07-04 09:51:12
09:51:15,09:51:15,8.17,0.01,1,817,买盘,2017-07-04,2017-07-04 09:51:15
09:51:18,09:51:18,8.16,-0.01,100,81600,卖盘,2017-07-04,2017-07-04 09:51:18
09:51:21,09:51:21,8.16,--,7,5712,卖盘,2017-07-04,2017-07-04 09:51:21
09:51:24,09:51:24,8.16,--,70,57120,卖盘,2017-07-04,2017-07-04 09:51:24
09:51:36,09:51:36,8.16,--,39,31824,买盘,2017-07-04,2017-07-04 09:51:36
09:51:39,09:51:39,8.16,--,3,2448,买盘,2017-07-04,2017-07-04 09:51:39
09:51:54,09:51:54,8.15,-0.01,30,24450,卖盘,2017-07-04,2017-07-04 09:51:54
09:52:06,09:52:06,8.16,0.01,21,17136,中性盘,2017-07-04,2017-07-04 09:52:06
09:52:15,09:52:15,8.16,--,8,6528,买盘,2017-07-04,2017-07-04 09:52:15
09:52:33,09:52:33,8.15,-0.01,50,40750,卖盘,2017-07-04,2017-07-04 09:52:33
09:52:57,09:52:57,8.15,--,10,8150,卖盘,2017-07-04,2017-07-04 09:52:57
09:53:09,09:53:09,8.16,0.01,136,110976,买盘,2017-07-04,2017-07-04 09:53:09
09:53:18,09:53:18,8.16,--,8,6528,买盘,2017-07-04,2017-07-04 09:53:18
09:53:45,09:53:45,8.16,--,21,17136,买盘,2017-07-04,2017-07-04 09:53:45
09:53:48,09:53:48,8.16,--,16,13056,买盘,2017-07-04,2017-07-04 09:53:48
09:54:00,09:54:00,8.15,-0.01,10,8150,卖盘,2017-07-04,2017-07-04 09:54:00
09:54:12,09:54:12,8.16,0.01,5,4080,买盘,2017-07-04,2017-07-04 09:54:12
09:54:48,09:54:48,8.15,-0.01,3,2445,卖盘,2017-07-04,2017-07-04 09:54:48
09:54:51,09:54:51,8.15,--,74,60310,卖盘,2017-07-04,2017-07-04 09:54:51
09:54:54,09:54:54,8.16,0.01,8,6528,买盘,2017-07-04,2017-07-04 09:54:54
09:55:06,09:55:06,8.16,--,31,25296,买盘,2017-07-04,2017-07-04 09:55:06
09:55:09,09:55:09,8.15,-0.01,20,16300,卖盘,2017-07-04,2017-07-04 09:55:09
09:55:57,09:55:57,8.15,--,50,40750,卖盘,2017-07-04,2017-07-04 09:55:57
09:56:15,09:56:15,8.16,0.01,16,13056,买盘,2017-07-04,2017-07-04 09:56:15
09:56:18,09:56:18,8.16,--,6,4896,买盘,2017-07-04,2017-07-04 09:56:18
09:56:42,09:56:42,8.15,-0.01,30,24450,卖盘,2017-07-04,2017-07-04 09:56:42
09:56:54,09:56:54,8.16,0.01,50,40800,买盘,2017-07-04,2017-07-04 09:56:54
09:56:57,09:56:57,8.15,-0.01,211,171965,卖盘,2017-07-04,2017-07-04 09:56:57
09:57:00,09:57:00,8.15,--,23,18745,卖盘,2017-07-04,2017-07-04 09:57:00
09:57:12,09:57:12,8.15,--,10,8150,卖盘,2017-07-04,2017-07-04 09:57:12
09:57:15,09:57:15,8.15,--,48,39120,卖盘,2017-07-04,2017-07-04 09:57:15
09:57:39,09:57:39,8.15,--,46,37490,卖盘,2017-07-04,2017-07-04 09:57:39
09:58:00,09:58:00,8.15,--,5,4075,买盘,2017-07-04,2017-07-04 09:58:00
09:58:03,09:58:03,8.15,--,179,145885,买盘,2017-07-04,2017-07-04 09:58:03
09:58:09,09:58:09,8.15,--,4,3260,买盘,2017-07-04,2017-07-04 09:58:09
09:58:12,09:58:12,8.15,--,62,50530,买盘,2017-07-04,2017-07-04 09:58:12
09:58:18,09:58:18,8.15,--,10,8150,买盘,2017-07-04,2017-07-04 09:58:18
09:58:21,09:58:21,8.15,--,4,3260,买盘,2017-07-04,2017-07-04 09:58:21
09:58:24,09:58:24,8.15,--,15,12225,买盘,2017-07-04,2017-07-04 09:58:24
09:58:27,09:58:27,8.15,--,11,8965,卖盘,2017-07-04,2017-07-04 09:58:27
09:59:00,09:59:00,8.15,--,12,9780,卖盘,2017-07-04,2017-07-04 09:59:00
09:59:15,09:59:15,8.15,--,3,2445,卖盘,2017-07-04,2017-07-04 09:59:15
09:59:42,09:59:42,8.15,--,342,278730,卖盘,2017-07-04,2017-07-04 09:59:42
09:59:54,09:59:54,8.15,--,3,2445,买盘,2017-07-04,2017-07-04 09:59:54
10:00:09,10:00:09,8.15,--,5,4075,买盘,2017-07-04,2017-07-04 10:00:09
10:00:12,10:00:12,8.16,0.01,35,28560,买盘,2017-07-04,2017-07-04 10:00:12
10:00:15,10:00:15,8.15,-0.01,32,26080,卖盘,2017-07-04,2017-07-04 10:00:15
10:00:18,10:00:18,8.15,--,14,11410,卖盘,2017-07-04,2017-07-04 10:00:18
10:00:27,10:00:27,8.15,--,84,68460,卖盘,2017-07-04,2017-07-04 10:00:27
10:00:33,10:00:33,8.15,--,220,179300,买盘,2017-07-04,2017-07-04 10:00:33
10:00:36,10:00:36,8.15,--,3,2445,买盘,2017-07-04,2017-07-04 10:00:36
10:00:42,10:00:42,8.17,0.02,1451,1185467,买盘,2017-07-04,2017-07-04 10:00:42
10:01:00,10:01:00,8.18,0.01,53,43354,买盘,2017-07-04,2017-07-04 10:01:00
10:01:06,10:01:06,8.17,-0.01,10,8170,卖盘,2017-07-04,2017-07-04 10:01:06
10:01:12,10:01:12,8.17,--,2,1634,卖盘,2017-07-04,2017-07-04 10:01:12
10:01:15,10:01:15,8.17,--,31,25327,卖盘,2017-07-04,2017-07-04 10:01:15
10:01:18,10:01:18,8.17,--,2,1634,卖盘,2017-07-04,2017-07-04 10:01:18
10:01:24,10:01:24,8.17,--,2,1634,卖盘,2017-07-04,2017-07-04 10:01:24
10:01:30,10:01:30,8.18,0.01,40,32720,买盘,2017-07-04,2017-07-04 10:01:30
10:01:48,10:01:48,8.18,--,14,11452,买盘,2017-07-04,2017-07-04 10:01:48
10:01:54,10:01:54,8.18,--,2,1636,买盘,2017-07-04,2017-07-04 10:01:54
10:02:03,10:02:03,8.18,--,7,5726,买盘,2017-07-04,2017-07-04 10:02:03
10:02:06,10:02:06,8.17,-0.01,30,24510,卖盘,2017-07-04,2017-07-04 10:02:06
10:02:09,10:02:09,8.18,0.01,7,5726,买盘,2017-07-04,2017-07-04 10:02:09
10:02:36,10:02:36,8.18,--,251,205318,买盘,2017-07-04,2017-07-04 10:02:36
10:02:42,10:02:42,8.18,--,9,7362,卖盘,2017-07-04,2017-07-04 10:02:42
10:02:51,10:02:51,8.19,0.01,134,109746,买盘,2017-07-04,2017-07-04 10:02:51
10:03:00,10:03:00,8.19,--,62,50778,卖盘,2017-07-04,2017-07-04 10:03:00
10:03:06,10:03:06,8.19,--,3,2457,卖盘,2017-07-04,2017-07-04 10:03:06
10:03:09,10:03:09,8.2,0.01,588,482159,买盘,2017-07-04,2017-07-04 10:03:09
10:03:12,10:03:12,8.2,--,6,4920,卖盘,2017-07-04,2017-07-04 10:03:12
10:03:15,10:03:15,8.21,0.01,400,328400,买盘,2017-07-04,2017-07-04 10:03:15
10:03:21,10:03:21,8.2,-0.01,6,4920,卖盘,2017-07-04,2017-07-04 10:03:21
10:03:24,10:03:24,8.2,--,31,25419,卖盘,2017-07-04,2017-07-04 10:03:24
10:03:30,10:03:30,8.21,0.01,58,47618,买盘,2017-07-04,2017-07-04 10:03:30
10:03:33,10:03:33,8.2,-0.01,6,4920,卖盘,2017-07-04,2017-07-04 10:03:33
10:03:36,10:03:36,8.21,0.01,142,116582,买盘,2017-07-04,2017-07-04 10:03:36
10:03:39,10:03:39,8.21,--,14,11494,卖盘,2017-07-04,2017-07-04 10:03:39
10:03:42,10:03:42,8.22,0.01,60,49320,买盘,2017-07-04,2017-07-04 10:03:42
10:03:45,10:03:45,8.21,-0.01,17,13957,卖盘,2017-07-04,2017-07-04 10:03:45
10:03:48,10:03:48,8.22,0.01,378,310716,买盘,2017-07-04,2017-07-04 10:03:48
10:03:51,10:03:51,8.21,-0.01,38,31198,卖盘,2017-07-04,2017-07-04 10:03:51
10:03:54,10:03:54,8.22,0.01,100,82200,买盘,2017-07-04,2017-07-04 10:03:54
10:04:00,10:04:00,8.21,-0.01,10,8210,卖盘,2017-07-04,2017-07-04 10:04:00
10:04:03,10:04:03,8.22,0.01,4,3288,买盘,2017-07-04,2017-07-04 10:04:03
10:04:06,10:04:06,8.21,-0.01,80,65680,卖盘,2017-07-04,2017-07-04 10:04:06
10:04:09,10:04:09,8.22,0.01,66,54252,买盘,2017-07-04,2017-07-04 10:04:09
10:04:12,10:04:12,8.22,--,12,9864,买盘,2017-07-04,2017-07-04 10:04:12
10:04:21,10:04:21,8.21,-0.01,88,72248,卖盘,2017-07-04,2017-07-04 10:04:21
10:04:24,10:04:24,8.21,--,332,272572,卖盘,2017-07-04,2017-07-04 10:04:24
10:04:27,10:04:27,8.21,--,139,114119,卖盘,2017-07-04,2017-07-04 10:04:27
10:04:30,10:04:30,8.2,-0.01,17,13939,卖盘,2017-07-04,2017-07-04 10:04:30
10:04:33,10:04:33,8.2,--,5,4100,卖盘,2017-07-04,2017-07-04 10:04:33
10:04:36,10:04:36,8.21,0.01,61,50081,买盘,2017-07-04,2017-07-04 10:04:36
10:04:45,10:04:45,8.2,-0.01,46,37720,中性盘,2017-07-04,2017-07-04 10:04:45
10:04:48,10:04:48,8.21,0.01,6,4926,买盘,2017-07-04,2017-07-04 10:04:48
10:04:54,10:04:54,8.2,-0.01,14,11479,卖盘,2017-07-04,2017-07-04 10:04:54
10:04:57,10:04:57,8.2,--,14,11479,买盘,2017-07-04,2017-07-04 10:04:57
10:05:06,10:05:06,8.2,--,17,13939,买盘,2017-07-04,2017-07-04 10:05:06
10:05:09,10:05:09,8.2,--,3,2460,买盘,2017-07-04,2017-07-04 10:05:09
10:05:27,10:05:27,8.2,--,54,44279,买盘,2017-07-04,2017-07-04 10:05:27
10:05:30,10:05:30,8.2,--,67,54939,买盘,2017-07-04,2017-07-04 10:05:30
10:05:33,10:05:33,8.2,--,70,57399,卖盘,2017-07-04,2017-07-04 10:05:33
10:05:36,10:05:36,8.2,--,28,22959,卖盘,2017-07-04,2017-07-04 10:05:36
10:05:42,10:05:42,8.2,--,1,819,买盘,2017-07-04,2017-07-04 10:05:42
10:05:48,10:05:48,8.21,0.01,68,55828,买盘,2017-07-04,2017-07-04 10:05:48
10:05:57,10:05:57,8.2,-0.01,10,8200,买盘,2017-07-04,2017-07-04 10:05:57
10:06:00,10:06:00,8.2,--,32,26239,买盘,2017-07-04,2017-07-04 10:06:00
10:06:06,10:06:06,8.2,--,12,9840,买盘,2017-07-04,2017-07-04 10:06:06
10:06:18,10:06:18,8.2,--,20,16400,买盘,2017-07-04,2017-07-04 10:06:18
10:06:21,10:06:21,8.19,-0.01,9,7371,卖盘,2017-07-04,2017-07-04 10:06:21
10:06:30,10:06:30,8.19,--,20,16379,卖盘,2017-07-04,2017-07-04 10:06:30
10:06:33,10:06:33,8.2,0.01,3,2460,买盘,2017-07-04,2017-07-04 10:06:33
10:06:45,10:06:45,8.19,-0.01,110,90090,卖盘,2017-07-04,2017-07-04 10:06:45
10:07:00,10:07:00,8.19,--,68,55692,卖盘,2017-07-04,2017-07-04 10:07:00
10:07:06,10:07:06,8.2,0.01,25,20500,买盘,2017-07-04,2017-07-04 10:07:06
10:07:12,10:07:12,8.19,-0.01,27,22113,卖盘,2017-07-04,2017-07-04 10:07:12
10:07:15,10:07:15,8.2,0.01,12,9840,买盘,2017-07-04,2017-07-04 10:07:15
10:07:33,10:07:33,8.2,--,100,82000,买盘,2017-07-04,2017-07-04 10:07:33
10:07:42,10:07:42,8.2,--,40,32800,买盘,2017-07-04,2017-07-04 10:07:42
10:07:45,10:07:45,8.2,--,26,21319,买盘,2017-07-04,2017-07-04 10:07:45
10:07:48,10:07:48,8.19,-0.01,10,8189,卖盘,2017-07-04,2017-07-04 10:07:48
10:07:57,10:07:57,8.19,--,5,4094,卖盘,2017-07-04,2017-07-04 10:07:57
10:08:00,10:08:00,8.19,--,24,19656,卖盘,2017-07-04,2017-07-04 10:08:00
10:08:15,10:08:15,8.19,--,1,819,买盘,2017-07-04,2017-07-04 10:08:15
10:08:24,10:08:24,8.18,-0.01,20,16360,卖盘,2017-07-04,2017-07-04 10:08:24
10:08:27,10:08:27,8.18,--,50,40900,卖盘,2017-07-04,2017-07-04 10:08:27
10:08:33,10:08:33,8.19,0.01,41,33579,买盘,2017-07-04,2017-07-04 10:08:33
10:08:54,10:08:54,8.19,--,10,8189,买盘,2017-07-04,2017-07-04 10:08:54
10:08:57,10:08:57,8.19,--,22,18018,买盘,2017-07-04,2017-07-04 10:08:57
10:09:21,10:09:21,8.19,--,20,16379,买盘,2017-07-04,2017-07-04 10:09:21
10:09:30,10:09:30,8.19,--,18,14742,买盘,2017-07-04,2017-07-04 10:09:30
10:09:45,10:09:45,8.19,--,49,40131,买盘,2017-07-04,2017-07-04 10:09:45
10:09:48,10:09:48,8.19,--,7,5733,买盘,2017-07-04,2017-07-04 10:09:48
10:10:00,10:10:00,8.19,--,9,7371,买盘,2017-07-04,2017-07-04 10:10:00
10:10:12,10:10:12,8.18,-0.01,5,4090,卖盘,2017-07-04,2017-07-04 10:10:12
10:10:21,10:10:21,8.19,0.01,67,54873,买盘,2017-07-04,2017-07-04 10:10:21
10:10:24,10:10:24,8.19,--,25,20606,买盘,2017-07-04,2017-07-04 10:10:24
10:10:27,10:10:27,8.2,0.01,17,13939,买盘,2017-07-04,2017-07-04 10:10:27
10:10:45,10:10:45,8.2,--,34,27879,买盘,2017-07-04,2017-07-04 10:10:45
10:10:54,10:10:54,8.2,--,3,2460,买盘,2017-07-04,2017-07-04 10:10:54
10:11:03,10:11:03,8.2,--,15,12299,买盘,2017-07-04,2017-07-04 10:11:03
10:11:12,10:11:12,8.2,--,302,247639,买盘,2017-07-04,2017-07-04 10:11:12
10:11:24,10:11:24,8.19,-0.01,12,9828,卖盘,2017-07-04,2017-07-04 10:11:24
10:11:27,10:11:27,8.2,0.01,40,32800,买盘,2017-07-04,2017-07-04 10:11:27
10:11:30,10:11:30,8.2,--,1,819,买盘,2017-07-04,2017-07-04 10:11:30
10:11:33,10:11:33,8.2,--,41,33693,买盘,2017-07-04,2017-07-04 10:11:33
10:11:36,10:11:36,8.2,--,13,10659,卖盘,2017-07-04,2017-07-04 10:11:36
10:11:39,10:11:39,8.2,--,541,444366,卖盘,2017-07-04,2017-07-04 10:11:39
10:11:45,10:11:45,8.2,--,6,4920,买盘,2017-07-04,2017-07-04 10:11:45
10:12:03,10:12:03,8.19,-0.01,20,16379,卖盘,2017-07-04,2017-07-04 10:12:03
10:12:06,10:12:06,8.19,--,10,8189,卖盘,2017-07-04,2017-07-04 10:12:06
10:12:12,10:12:12,8.19,--,4,3276,卖盘,2017-07-04,2017-07-04 10:12:12
10:12:24,10:12:24,8.2,0.01,43,35260,买盘,2017-07-04,2017-07-04 10:12:24
10:12:36,10:12:36,8.2,--,112,91839,买盘,2017-07-04,2017-07-04 10:12:36
10:12:39,10:12:39,8.19,-0.01,197,161343,卖盘,2017-07-04,2017-07-04 10:12:39
10:12:45,10:12:45,8.19,--,14,12153,卖盘,2017-07-04,2017-07-04 10:12:45
10:12:54,10:12:54,8.2,0.01,22,18171,买盘,2017-07-04,2017-07-04 10:12:54
10:13:24,10:13:24,8.2,--,70,57399,买盘,2017-07-04,2017-07-04 10:13:24
10:13:27,10:13:27,8.2,--,7,5739,买盘,2017-07-04,2017-07-04 10:13:27
10:13:36,10:13:36,8.2,--,9,7379,买盘,2017-07-04,2017-07-04 10:13:36
10:14:00,10:14:00,8.2,--,100,82000,买盘,2017-07-04,2017-07-04 10:14:00
10:14:09,10:14:09,8.2,--,6,4920,买盘,2017-07-04,2017-07-04 10:14:09
10:14:12,10:14:12,8.2,--,40,32800,买盘,2017-07-04,2017-07-04 10:14:12
10:14:18,10:14:18,8.19,-0.01,100,81900,卖盘,2017-07-04,2017-07-04 10:14:18
10:14:21,10:14:21,8.2,0.01,50,41000,买盘,2017-07-04,2017-07-04 10:14:21
10:14:24,10:14:24,8.2,--,5,4100,买盘,2017-07-04,2017-07-04 10:14:24
10:14:30,10:14:30,8.21,0.01,68,55828,买盘,2017-07-04,2017-07-04 10:14:30
10:14:36,10:14:36,8.19,-0.02,16,13104,卖盘,2017-07-04,2017-07-04 10:14:36
10:14:48,10:14:48,8.21,0.02,10,8210,买盘,2017-07-04,2017-07-04 10:14:48
10:14:54,10:14:54,8.21,--,100,82100,买盘,2017-07-04,2017-07-04 10:14:54
10:15:00,10:15:00,8.2,-0.01,9,7379,买盘,2017-07-04,2017-07-04 10:15:00
10:15:03,10:15:03,8.2,--,5,4100,买盘,2017-07-04,2017-07-04 10:15:03
10:15:06,10:15:06,8.2,--,6,4920,买盘,2017-07-04,2017-07-04 10:15:06
10:15:18,10:15:18,8.21,0.01,16,13136,买盘,2017-07-04,2017-07-04 10:15:18
10:15:24,10:15:24,8.2,-0.01,8,6559,卖盘,2017-07-04,2017-07-04 10:15:24
10:15:33,10:15:33,8.2,--,32,26239,卖盘,2017-07-04,2017-07-04 10:15:33
10:15:48,10:15:48,8.2,--,100,82000,卖盘,2017-07-04,2017-07-04 10:15:48
10:15:57,10:15:57,8.2,--,7,5739,卖盘,2017-07-04,2017-07-04 10:15:57
10:16:03,10:16:03,8.2,--,26,21319,卖盘,2017-07-04,2017-07-04 10:16:03
10:16:09,10:16:09,8.2,--,79,64779,卖盘,2017-07-04,2017-07-04 10:16:09
10:16:12,10:16:12,8.2,--,27,22139,买盘,2017-07-04,2017-07-04 10:16:12
10:16:27,10:16:27,8.2,--,50,41000,卖盘,2017-07-04,2017-07-04 10:16:27
10:16:51,10:16:51,8.2,--,58,47559,卖盘,2017-07-04,2017-07-04 10:16:51
10:16:54,10:16:54,8.2,--,10,8200,买盘,2017-07-04,2017-07-04 10:16:54
10:17:03,10:17:03,8.2,--,9,7379,买盘,2017-07-04,2017-07-04 10:17:03
10:17:09,10:17:09,8.2,--,100,82000,买盘,2017-07-04,2017-07-04 10:17:09
10:17:18,10:17:18,8.2,--,2,1639,买盘,2017-07-04,2017-07-04 10:17:18
10:17:21,10:17:21,8.2,--,17,13939,买盘,2017-07-04,2017-07-04 10:17:21
10:17:27,10:17:27,8.2,--,8,6559,卖盘,2017-07-04,2017-07-04 10:17:27
10:17:39,10:17:39,8.2,--,7,5739,卖盘,2017-07-04,2017-07-04 10:17:39
10:17:42,10:17:42,8.2,--,25,20500,卖盘,2017-07-04,2017-07-04 10:17:42
10:17:57,10:17:57,8.2,--,7,5739,卖盘,2017-07-04,2017-07-04 10:17:57
10:18:00,10:18:00,8.2,--,41,33620,卖盘,2017-07-04,2017-07-04 10:18:00
10:18:21,10:18:21,8.2,--,1,819,买盘,2017-07-04,2017-07-04 10:18:21
10:18:27,10:18:27,8.2,--,1,819,买盘,2017-07-04,2017-07-04 10:18:27
10:18:36,10:18:36,8.19,-0.01,30,24570,卖盘,2017-07-04,2017-07-04 10:18:36
10:18:39,10:18:39,8.2,0.01,11,9020,买盘,2017-07-04,2017-07-04 10:18:39
10:18:51,10:18:51,8.2,--,2,1639,买盘,2017-07-04,2017-07-04 10:18:51
10:19:18,10:19:18,8.2,--,2,1639,买盘,2017-07-04,2017-07-04 10:19:18
10:19:21,10:19:21,8.19,-0.01,13,10647,卖盘,2017-07-04,2017-07-04 10:19:21
10:19:33,10:19:33,8.19,--,11,9009,卖盘,2017-07-04,2017-07-04 10:19:33
10:19:39,10:19:39,8.2,0.01,8,6559,买盘,2017-07-04,2017-07-04 10:19:39
10:19:48,10:19:48,8.19,-0.01,10,8189,卖盘,2017-07-04,2017-07-04 10:19:48
10:19:51,10:19:51,8.19,--,10,8189,卖盘,2017-07-04,2017-07-04 10:19:51
10:19:54,10:19:54,8.19,--,6,4914,卖盘,2017-07-04,2017-07-04 10:19:54
10:20:15,10:20:15,8.19,--,10,8189,卖盘,2017-07-04,2017-07-04 10:20:15
10:20:18,10:20:18,8.19,--,50,40950,卖盘,2017-07-04,2017-07-04 10:20:18
10:20:21,10:20:21,8.19,--,6,4914,卖盘,2017-07-04,2017-07-04 10:20:21
10:20:33,10:20:33,8.19,--,210,171990,卖盘,2017-07-04,2017-07-04 10:20:33
10:20:42,10:20:42,8.18,-0.01,147,120246,卖盘,2017-07-04,2017-07-04 10:20:42
10:20:51,10:20:51,8.18,--,10,8180,卖盘,2017-07-04,2017-07-04 10:20:51
10:20:57,10:20:57,8.18,--,20,16360,卖盘,2017-07-04,2017-07-04 10:20:57
10:21:09,10:21:09,8.18,--,10,8180,卖盘,2017-07-04,2017-07-04 10:21:09
10:21:24,10:21:24,8.19,0.01,17,13923,买盘,2017-07-04,2017-07-04 10:21:24
10:21:27,10:21:27,8.18,-0.01,30,24540,卖盘,2017-07-04,2017-07-04 10:21:27
10:21:45,10:21:45,8.19,0.01,25,20475,买盘,2017-07-04,2017-07-04 10:21:45
10:22:12,10:22:12,8.18,-0.01,2,1636,卖盘,2017-07-04,2017-07-04 10:22:12
10:22:18,10:22:18,8.19,0.01,9,7371,买盘,2017-07-04,2017-07-04 10:22:18
10:23:00,10:23:00,8.18,-0.01,6,4908,卖盘,2017-07-04,2017-07-04 10:23:00
10:23:15,10:23:15,8.19,0.01,13,10647,买盘,2017-07-04,2017-07-04 10:23:15
10:23:18,10:23:18,8.19,--,44,36036,买盘,2017-07-04,2017-07-04 10:23:18
10:23:21,10:23:21,8.19,--,6,4914,买盘,2017-07-04,2017-07-04 10:23:21
10:23:24,10:23:24,8.18,-0.01,5,4090,卖盘,2017-07-04,2017-07-04 10:23:24
10:23:45,10:23:45,8.18,--,24,19632,卖盘,2017-07-04,2017-07-04 10:23:45
10:24:03,10:24:03,8.18,--,10,8180,卖盘,2017-07-04,2017-07-04 10:24:03
10:24:27,10:24:27,8.19,0.01,1,819,买盘,2017-07-04,2017-07-04 10:24:27
10:25:03,10:25:03,8.19,--,3,2457,买盘,2017-07-04,2017-07-04 10:25:03
10:25:12,10:25:12,8.19,--,111,90909,买盘,2017-07-04,2017-07-04 10:25:12
10:25:15,10:25:15,8.19,--,6,4914,买盘,2017-07-04,2017-07-04 10:25:15
10:25:24,10:25:24,8.18,-0.01,8,6544,卖盘,2017-07-04,2017-07-04 10:25:24
10:25:30,10:25:30,8.19,0.01,171,140049,买盘,2017-07-04,2017-07-04 10:25:30
10:25:36,10:25:36,8.19,--,2,1638,卖盘,2017-07-04,2017-07-04 10:25:36
10:25:39,10:25:39,8.19,--,57,46683,卖盘,2017-07-04,2017-07-04 10:25:39
10:25:57,10:25:57,8.18,-0.01,8,6544,卖盘,2017-07-04,2017-07-04 10:25:57
10:26:12,10:26:12,8.18,--,1,818,卖盘,2017-07-04,2017-07-04 10:26:12
10:26:42,10:26:42,8.18,--,200,163600,卖盘,2017-07-04,2017-07-04 10:26:42
10:27:12,10:27:12,8.18,--,100,81800,卖盘,2017-07-04,2017-07-04 10:27:12
10:27:15,10:27:15,8.15,-0.03,489,398535,卖盘,2017-07-04,2017-07-04 10:27:15
10:27:36,10:27:36,8.15,--,1,815,卖盘,2017-07-04,2017-07-04 10:27:36
10:28:21,10:28:21,8.18,0.03,10,8180,买盘,2017-07-04,2017-07-04 10:28:21
10:28:51,10:28:51,8.17,-0.01,10,8170,中性盘,2017-07-04,2017-07-04 10:28:51
10:29:15,10:29:15,8.17,--,9,7353,买盘,2017-07-04,2017-07-04 10:29:15
10:29:42,10:29:42,8.17,--,1,817,卖盘,2017-07-04,2017-07-04 10:29:42
10:29:51,10:29:51,8.17,--,1,817,买盘,2017-07-04,2017-07-04 10:29:51
10:30:15,10:30:15,8.16,-0.01,30,24480,卖盘,2017-07-04,2017-07-04 10:30:15
10:30:33,10:30:33,8.17,0.01,18,14706,买盘,2017-07-04,2017-07-04 10:30:33
10:30:42,10:30:42,8.17,--,1,817,卖盘,2017-07-04,2017-07-04 10:30:42
10:30:48,10:30:48,8.17,--,175,142975,卖盘,2017-07-04,2017-07-04 10:30:48
10:30:54,10:30:54,8.17,--,12,9804,买盘,2017-07-04,2017-07-04 10:30:54
10:31:06,10:31:06,8.16,-0.01,40,32640,卖盘,2017-07-04,2017-07-04 10:31:06
10:31:09,10:31:09,8.17,0.01,2,1634,买盘,2017-07-04,2017-07-04 10:31:09
10:31:15,10:31:15,8.16,-0.01,13,10608,卖盘,2017-07-04,2017-07-04 10:31:15
10:31:18,10:31:18,8.17,0.01,10,8170,买盘,2017-07-04,2017-07-04 10:31:18
10:31:21,10:31:21,8.17,--,3,2451,买盘,2017-07-04,2017-07-04 10:31:21
10:31:45,10:31:45,8.17,--,6,4902,买盘,2017-07-04,2017-07-04 10:31:45
10:31:54,10:31:54,8.16,-0.01,55,44880,卖盘,2017-07-04,2017-07-04 10:31:54
10:32:24,10:32:24,8.16,--,163,133008,卖盘,2017-07-04,2017-07-04 10:32:24
10:32:48,10:32:48,8.16,--,1,816,买盘,2017-07-04,2017-07-04 10:32:48
10:33:12,10:33:12,8.16,--,11,8976,买盘,2017-07-04,2017-07-04 10:33:12
10:33:15,10:33:15,8.16,--,1,816,买盘,2017-07-04,2017-07-04 10:33:15
10:33:18,10:33:18,8.16,--,2,1632,买盘,2017-07-04,2017-07-04 10:33:18
10:33:27,10:33:27,8.15,-0.01,7,5705,卖盘,2017-07-04,2017-07-04 10:33:27
10:33:36,10:33:36,8.16,0.01,14,11424,买盘,2017-07-04,2017-07-04 10:33:36
10:33:39,10:33:39,8.16,--,10,8160,买盘,2017-07-04,2017-07-04 10:33:39
10:33:42,10:33:42,8.15,-0.01,58,47270,卖盘,2017-07-04,2017-07-04 10:33:42
10:33:57,10:33:57,8.15,--,50,40750,卖盘,2017-07-04,2017-07-04 10:33:57
10:34:15,10:34:15,8.15,--,20,16300,卖盘,2017-07-04,2017-07-04 10:34:15
10:34:27,10:34:27,8.16,0.01,113,92208,买盘,2017-07-04,2017-07-04 10:34:27
10:34:33,10:34:33,8.16,--,34,27744,买盘,2017-07-04,2017-07-04 10:34:33
10:35:03,10:35:03,8.17,0.01,22,17974,买盘,2017-07-04,2017-07-04 10:35:03
10:35:09,10:35:09,8.17,--,53,43301,卖盘,2017-07-04,2017-07-04 10:35:09
10:35:48,10:35:48,8.18,0.01,3,2454,买盘,2017-07-04,2017-07-04 10:35:48
10:35:54,10:35:54,8.17,-0.01,38,31046,卖盘,2017-07-04,2017-07-04 10:35:54
10:36:09,10:36:09,8.17,--,20,16340,卖盘,2017-07-04,2017-07-04 10:36:09
10:36:18,10:36:18,8.18,0.01,8,6544,买盘,2017-07-04,2017-07-04 10:36:18
10:36:39,10:36:39,8.17,-0.01,21,17157,卖盘,2017-07-04,2017-07-04 10:36:39
10:36:45,10:36:45,8.18,0.01,10,8180,买盘,2017-07-04,2017-07-04 10:36:45
10:37:15,10:37:15,8.18,--,1,818,买盘,2017-07-04,2017-07-04 10:37:15
10:37:24,10:37:24,8.17,-0.01,62,50654,卖盘,2017-07-04,2017-07-04 10:37:24
10:37:36,10:37:36,8.18,0.01,1,818,买盘,2017-07-04,2017-07-04 10:37:36
10:37:51,10:37:51,8.17,-0.01,10,8170,卖盘,2017-07-04,2017-07-04 10:37:51
10:38:03,10:38:03,8.17,--,149,121733,卖盘,2017-07-04,2017-07-04 10:38:03
10:38:09,10:38:09,8.16,-0.01,39,31824,卖盘,2017-07-04,2017-07-04 10:38:09
10:38:18,10:38:18,8.17,0.01,86,70262,买盘,2017-07-04,2017-07-04 10:38:18
10:38:45,10:38:45,8.17,--,20,16340,买盘,2017-07-04,2017-07-04 10:38:45
10:38:54,10:38:54,8.16,-0.01,28,22848,卖盘,2017-07-04,2017-07-04 10:38:54
10:39:00,10:39:00,8.17,0.01,100,81700,买盘,2017-07-04,2017-07-04 10:39:00
10:39:15,10:39:15,8.16,-0.01,5,4080,卖盘,2017-07-04,2017-07-04 10:39:15
10:39:39,10:39:39,8.16,--,26,21216,卖盘,2017-07-04,2017-07-04 10:39:39
10:40:24,10:40:24,8.16,--,39,31824,卖盘,2017-07-04,2017-07-04 10:40:24
10:40:33,10:40:33,8.16,--,91,74256,卖盘,2017-07-04,2017-07-04 10:40:33
10:40:39,10:40:39,8.16,--,30,24480,买盘,2017-07-04,2017-07-04 10:40:39
10:40:54,10:40:54,8.16,--,10,8160,买盘,2017-07-04,2017-07-04 10:40:54
10:41:00,10:41:00,8.16,--,10,8160,买盘,2017-07-04,2017-07-04 10:41:00
10:41:09,10:41:09,8.15,-0.01,100,81500,卖盘,2017-07-04,2017-07-04 10:41:09
10:41:45,10:41:45,8.15,--,1,815,卖盘,2017-07-04,2017-07-04 10:41:45
10:41:51,10:41:51,8.15,--,100,81500,卖盘,2017-07-04,2017-07-04 10:41:51
10:42:18,10:42:18,8.16,0.01,10,8160,买盘,2017-07-04,2017-07-04 10:42:18
10:42:36,10:42:36,8.15,-0.01,59,48085,卖盘,2017-07-04,2017-07-04 10:42:36
10:42:39,10:42:39,8.15,--,200,163000,卖盘,2017-07-04,2017-07-04 10:42:39
10:42:48,10:42:48,8.15,--,249,202935,卖盘,2017-07-04,2017-07-04 10:42:48
10:43:12,10:43:12,8.15,--,10,8150,卖盘,2017-07-04,2017-07-04 10:43:12
10:43:24,10:43:24,8.15,--,100,81500,卖盘,2017-07-04,2017-07-04 10:43:24
10:43:45,10:43:45,8.15,--,10,8150,卖盘,2017-07-04,2017-07-04 10:43:45
10:44:00,10:44:00,8.16,0.01,34,27744,买盘,2017-07-04,2017-07-04 10:44:00
10:44:06,10:44:06,8.16,--,10,8160,卖盘,2017-07-04,2017-07-04 10:44:06
10:44:09,10:44:09,8.16,--,23,18768,卖盘,2017-07-04,2017-07-04 10:44:09
10:44:18,10:44:18,8.16,--,8,6528,卖盘,2017-07-04,2017-07-04 10:44:18
10:44:27,10:44:27,8.16,--,9,7344,卖盘,2017-07-04,2017-07-04 10:44:27
10:44:33,10:44:33,8.17,0.01,30,24510,买盘,2017-07-04,2017-07-04 10:44:33
10:44:54,10:44:54,8.16,-0.01,5,4080,卖盘,2017-07-04,2017-07-04 10:44:54
10:44:57,10:44:57,8.16,--,10,8160,卖盘,2017-07-04,2017-07-04 10:44:57
10:45:00,10:45:00,8.16,--,2,1632,卖盘,2017-07-04,2017-07-04 10:45:00
10:45:03,10:45:03,8.16,--,3,2448,买盘,2017-07-04,2017-07-04 10:45:03
10:45:15,10:45:15,8.15,-0.01,67,54605,卖盘,2017-07-04,2017-07-04 10:45:15
10:45:39,10:45:39,8.15,--,100,81500,卖盘,2017-07-04,2017-07-04 10:45:39
10:46:06,10:46:06,8.15,--,7,5705,卖盘,2017-07-04,2017-07-04 10:46:06
10:46:24,10:46:24,8.16,0.01,31,25296,买盘,2017-07-04,2017-07-04 10:46:24
10:46:48,10:46:48,8.16,--,50,40800,买盘,2017-07-04,2017-07-04 10:46:48
10:47:06,10:47:06,8.16,--,5,4080,买盘,2017-07-04,2017-07-04 10:47:06
10:48:30,10:48:30,8.16,--,100,81600,买盘,2017-07-04,2017-07-04 10:48:30
10:48:45,10:48:45,8.16,--,4,3264,买盘,2017-07-04,2017-07-04 10:48:45
10:48:57,10:48:57,8.16,--,28,22848,买盘,2017-07-04,2017-07-04 10:48:57
10:49:30,10:49:30,8.15,-0.01,6,4890,卖盘,2017-07-04,2017-07-04 10:49:30
10:49:33,10:49:33,8.15,--,14,11410,卖盘,2017-07-04,2017-07-04 10:49:33
10:50:06,10:50:06,8.16,0.01,20,16320,买盘,2017-07-04,2017-07-04 10:50:06
10:50:12,10:50:12,8.16,--,3,2448,买盘,2017-07-04,2017-07-04 10:50:12
10:50:21,10:50:21,8.15,-0.01,1,815,卖盘,2017-07-04,2017-07-04 10:50:21
10:50:51,10:50:51,8.15,--,2,1630,卖盘,2017-07-04,2017-07-04 10:50:51
10:51:09,10:51:09,8.16,0.01,2,1632,买盘,2017-07-04,2017-07-04 10:51:09
10:51:45,10:51:45,8.16,--,30,24480,买盘,2017-07-04,2017-07-04 10:51:45
10:51:51,10:51:51,8.16,--,2,1632,买盘,2017-07-04,2017-07-04 10:51:51
10:51:54,10:51:54,8.15,-0.01,82,66830,卖盘,2017-07-04,2017-07-04 10:51:54
10:52:00,10:52:00,8.16,0.01,20,16320,买盘,2017-07-04,2017-07-04 10:52:00
10:52:15,10:52:15,8.15,-0.01,5,4075,卖盘,2017-07-04,2017-07-04 10:52:15
10:52:42,10:52:42,8.16,0.01,14,11424,买盘,2017-07-04,2017-07-04 10:52:42
10:54:00,10:54:00,8.16,--,2,1632,卖盘,2017-07-04,2017-07-04 10:54:00
10:54:12,10:54:12,8.16,--,30,24480,卖盘,2017-07-04,2017-07-04 10:54:12
10:55:18,10:55:18,8.17,0.01,2,1634,买盘,2017-07-04,2017-07-04 10:55:18
10:55:27,10:55:27,8.16,-0.01,12,9792,卖盘,2017-07-04,2017-07-04 10:55:27
10:56:03,10:56:03,8.16,--,2,1632,买盘,2017-07-04,2017-07-04 10:56:03
10:56:06,10:56:06,8.16,--,10,8160,买盘,2017-07-04,2017-07-04 10:56:06
10:56:15,10:56:15,8.16,--,15,12240,买盘,2017-07-04,2017-07-04 10:56:15
10:56:30,10:56:30,8.16,--,2,1632,买盘,2017-07-04,2017-07-04 10:56:30
10:56:36,10:56:36,8.16,--,159,129744,买盘,2017-07-04,2017-07-04 10:56:36
10:57:12,10:57:12,8.16,--,52,42432,卖盘,2017-07-04,2017-07-04 10:57:12
10:57:21,10:57:21,8.16,--,11,8976,卖盘,2017-07-04,2017-07-04 10:57:21
10:57:39,10:57:39,8.15,-0.01,9,7335,卖盘,2017-07-04,2017-07-04 10:57:39
10:58:45,10:58:45,8.16,0.01,4,3264,买盘,2017-07-04,2017-07-04 10:58:45
10:59:12,10:59:12,8.16,--,403,328848,买盘,2017-07-04,2017-07-04 10:59:12
10:59:54,10:59:54,8.15,-0.01,1,815,卖盘,2017-07-04,2017-07-04 10:59:54
11:00:03,11:00:03,8.16,0.01,20,16320,买盘,2017-07-04,2017-07-04 11:00:03
11:00:21,11:00:21,8.15,-0.01,8,6520,卖盘,2017-07-04,2017-07-04 11:00:21
11:00:48,11:00:48,8.15,--,20,16300,卖盘,2017-07-04,2017-07-04 11:00:48
11:02:45,11:02:45,8.15,--,859,700085,卖盘,2017-07-04,2017-07-04 11:02:45
11:03:12,11:03:12,8.14,-0.01,979,796906,卖盘,2017-07-04,2017-07-04 11:03:12
11:03:33,11:03:33,8.14,--,10,8140,买盘,2017-07-04,2017-07-04 11:03:33
11:03:39,11:03:39,8.14,--,2,1628,买盘,2017-07-04,2017-07-04 11:03:39
11:03:45,11:03:45,8.14,--,9,7326,买盘,2017-07-04,2017-07-04 11:03:45
11:04:00,11:04:00,8.15,0.01,200,163000,买盘,2017-07-04,2017-07-04 11:04:00
11:04:03,11:04:03,8.14,-0.01,23,18722,卖盘,2017-07-04,2017-07-04 11:04:03
11:04:09,11:04:09,8.15,0.01,1,815,买盘,2017-07-04,2017-07-04 11:04:09
11:04:48,11:04:48,8.15,--,1,815,买盘,2017-07-04,2017-07-04 11:04:48
11:04:51,11:04:51,8.15,--,12,9780,买盘,2017-07-04,2017-07-04 11:04:51
11:05:06,11:05:06,8.15,--,35,28525,买盘,2017-07-04,2017-07-04 11:05:06
11:05:21,11:05:21,8.14,-0.01,5,4070,卖盘,2017-07-04,2017-07-04 11:05:21
11:05:33,11:05:33,8.14,--,5,4070,卖盘,2017-07-04,2017-07-04 11:05:33
11:06:27,11:06:27,8.14,--,3,2442,卖盘,2017-07-04,2017-07-04 11:06:27
11:06:33,11:06:33,8.15,0.01,20,16300,买盘,2017-07-04,2017-07-04 11:06:33
11:06:54,11:06:54,8.15,--,10,8150,买盘,2017-07-04,2017-07-04 11:06:54
11:07:06,11:07:06,8.14,-0.01,100,81400,卖盘,2017-07-04,2017-07-04 11:07:06
11:07:12,11:07:12,8.15,0.01,15,12225,买盘,2017-07-04,2017-07-04 11:07:12
11:07:45,11:07:45,8.15,--,24,19560,买盘,2017-07-04,2017-07-04 11:07:45
11:08:15,11:08:15,8.14,-0.01,28,22792,卖盘,2017-07-04,2017-07-04 11:08:15
11:08:33,11:08:33,8.15,0.01,17,13855,买盘,2017-07-04,2017-07-04 11:08:33
11:08:39,11:08:39,8.14,-0.01,2,1628,卖盘,2017-07-04,2017-07-04 11:08:39
11:08:45,11:08:45,8.14,--,117,95238,卖盘,2017-07-04,2017-07-04 11:08:45
11:09:36,11:09:36,8.14,--,8,6512,买盘,2017-07-04,2017-07-04 11:09:36
11:10:00,11:10:00,8.14,--,28,22792,买盘,2017-07-04,2017-07-04 11:10:00
11:10:45,11:10:45,8.14,--,15,12210,买盘,2017-07-04,2017-07-04 11:10:45
11:11:21,11:11:21,8.14,--,7,5698,卖盘,2017-07-04,2017-07-04 11:11:21
11:11:33,11:11:33,8.14,--,4,3256,买盘,2017-07-04,2017-07-04 11:11:33
11:11:39,11:11:39,8.14,--,1,814,卖盘,2017-07-04,2017-07-04 11:11:39
11:11:54,11:11:54,8.14,--,5,4070,卖盘,2017-07-04,2017-07-04 11:11:54
11:12:00,11:12:00,8.13,-0.01,148,120324,卖盘,2017-07-04,2017-07-04 11:12:00
11:12:06,11:12:06,8.13,--,3,2439,卖盘,2017-07-04,2017-07-04 11:12:06
11:12:15,11:12:15,8.13,--,13,10569,卖盘,2017-07-04,2017-07-04 11:12:15
11:12:39,11:12:39,8.13,--,1,813,卖盘,2017-07-04,2017-07-04 11:12:39
11:13:03,11:13:03,8.13,--,20,16260,卖盘,2017-07-04,2017-07-04 11:13:03
11:13:36,11:13:36,8.13,--,109,88617,卖盘,2017-07-04,2017-07-04 11:13:36
11:13:42,11:13:42,8.13,--,10,8130,卖盘,2017-07-04,2017-07-04 11:13:42
11:14:12,11:14:12,8.13,--,13,10569,卖盘,2017-07-04,2017-07-04 11:14:12
11:14:30,11:14:30,8.14,0.01,15,12210,中性盘,2017-07-04,2017-07-04 11:14:30
11:15:06,11:15:06,8.14,--,1,814,卖盘,2017-07-04,2017-07-04 11:15:06
11:15:18,11:15:18,8.15,0.01,1,815,买盘,2017-07-04,2017-07-04 11:15:18
11:15:24,11:15:24,8.15,--,1,815,买盘,2017-07-04,2017-07-04 11:15:24
11:16:21,11:16:21,8.14,-0.01,20,16280,卖盘,2017-07-04,2017-07-04 11:16:21
11:16:30,11:16:30,8.14,--,1,814,卖盘,2017-07-04,2017-07-04 11:16:30
11:16:36,11:16:36,8.15,0.01,5,4075,买盘,2017-07-04,2017-07-04 11:16:36
11:19:30,11:19:30,8.15,--,10,8150,买盘,2017-07-04,2017-07-04 11:19:30
11:19:33,11:19:33,8.14,-0.01,0,81,卖盘,2017-07-04,2017-07-04 11:19:33
11:19:45,11:19:45,8.14,--,0,8,卖盘,2017-07-04,2017-07-04 11:19:45
11:20:57,11:20:57,8.15,0.01,20,16300,买盘,2017-07-04,2017-07-04 11:20:57
11:21:09,11:21:09,8.15,--,138,112470,买盘,2017-07-04,2017-07-04 11:21:09
11:21:15,11:21:15,8.15,--,22,17930,买盘,2017-07-04,2017-07-04 11:21:15
11:21:21,11:21:21,8.15,--,5,4075,买盘,2017-07-04,2017-07-04 11:21:21
11:21:24,11:21:24,8.15,--,4,3260,买盘,2017-07-04,2017-07-04 11:21:24
11:22:06,11:22:06,8.15,--,17,13855,卖盘,2017-07-04,2017-07-04 11:22:06
11:22:09,11:22:09,8.16,0.01,8,6528,买盘,2017-07-04,2017-07-04 11:22:09
11:22:51,11:22:51,8.15,-0.01,30,24450,卖盘,2017-07-04,2017-07-04 11:22:51
11:22:54,11:22:54,8.16,0.01,14,11424,买盘,2017-07-04,2017-07-04 11:22:54
11:22:57,11:22:57,8.16,--,1,816,买盘,2017-07-04,2017-07-04 11:22:57
11:23:30,11:23:30,8.16,--,11,8976,买盘,2017-07-04,2017-07-04 11:23:30
11:23:33,11:23:33,8.16,--,5,4080,买盘,2017-07-04,2017-07-04 11:23:33
11:24:00,11:24:00,8.16,--,1,816,买盘,2017-07-04,2017-07-04 11:24:00
11:24:03,11:24:03,8.16,--,1,816,买盘,2017-07-04,2017-07-04 11:24:03
11:24:48,11:24:48,8.16,--,25,20400,买盘,2017-07-04,2017-07-04 11:24:48
11:24:51,11:24:51,8.16,--,12,9792,买盘,2017-07-04,2017-07-04 11:24:51
11:24:57,11:24:57,8.15,-0.01,10,8150,卖盘,2017-07-04,2017-07-04 11:24:57
11:25:00,11:25:00,8.16,0.01,12,9792,买盘,2017-07-04,2017-07-04 11:25:00
11:25:03,11:25:03,8.16,--,3,2448,买盘,2017-07-04,2017-07-04 11:25:03
11:25:12,11:25:12,8.16,--,279,227664,买盘,2017-07-04,2017-07-04 11:25:12
11:25:15,11:25:15,8.17,0.01,15,12255,买盘,2017-07-04,2017-07-04 11:25:15
11:25:21,11:25:21,8.17,--,200,163400,买盘,2017-07-04,2017-07-04 11:25:21
11:25:24,11:25:24,8.17,--,8,6536,买盘,2017-07-04,2017-07-04 11:25:24
11:25:36,11:25:36,8.17,--,24,19608,买盘,2017-07-04,2017-07-04 11:25:36
11:25:42,11:25:42,8.18,0.01,127,103886,买盘,2017-07-04,2017-07-04 11:25:42
11:25:45,11:25:45,8.17,-0.01,96,78432,卖盘,2017-07-04,2017-07-04 11:25:45
11:25:54,11:25:54,8.17,--,4,3268,买盘,2017-07-04,2017-07-04 11:25:54
11:25:57,11:25:57,8.18,0.01,7,5726,买盘,2017-07-04,2017-07-04 11:25:57
11:26:00,11:26:00,8.17,-0.01,96,78432,卖盘,2017-07-04,2017-07-04 11:26:00
11:26:03,11:26:03,8.2,0.03,500,409999,买盘,2017-07-04,2017-07-04 11:26:03
11:26:09,11:26:09,8.21,0.01,1500,1231500,买盘,2017-07-04,2017-07-04 11:26:09
11:26:12,11:26:12,8.21,--,28,22988,买盘,2017-07-04,2017-07-04 11:26:12
11:26:21,11:26:21,8.21,--,113,92773,买盘,2017-07-04,2017-07-04 11:26:21
11:26:24,11:26:24,8.2,-0.01,110,90199,买盘,2017-07-04,2017-07-04 11:26:24
11:26:30,11:26:30,8.21,0.01,1,821,买盘,2017-07-04,2017-07-04 11:26:30
11:26:33,11:26:33,8.22,0.01,679,558138,买盘,2017-07-04,2017-07-04 11:26:33
11:26:36,11:26:36,8.23,0.01,161,132503,买盘,2017-07-04,2017-07-04 11:26:36
11:26:42,11:26:42,8.23,--,657,540743,买盘,2017-07-04,2017-07-04 11:26:42
11:26:45,11:26:45,8.23,--,3,2469,卖盘,2017-07-04,2017-07-04 11:26:45
11:26:48,11:26:48,8.23,--,257,211511,卖盘,2017-07-04,2017-07-04 11:26:48
11:26:51,11:26:51,8.23,--,437,359651,卖盘,2017-07-04,2017-07-04 11:26:51
11:26:54,11:26:54,8.25,0.02,870,718542,买盘,2017-07-04,2017-07-04 11:26:54
11:26:57,11:26:57,8.24,-0.01,66,54384,卖盘,2017-07-04,2017-07-04 11:26:57
11:27:00,11:27:00,8.26,0.02,788,650921,买盘,2017-07-04,2017-07-04 11:27:00
11:27:03,11:27:03,8.26,--,152,125552,买盘,2017-07-04,2017-07-04 11:27:03
11:27:06,11:27:06,8.27,0.01,1259,1041193,买盘,2017-07-04,2017-07-04 11:27:06
11:27:09,11:27:09,8.28,0.01,469,388331,买盘,2017-07-04,2017-07-04 11:27:09
11:27:12,11:27:12,8.28,--,312,258335,买盘,2017-07-04,2017-07-04 11:27:12
11:27:15,11:27:15,8.28,--,536,443807,买盘,2017-07-04,2017-07-04 11:27:15
11:27:18,11:27:18,8.29,0.01,678,562062,买盘,2017-07-04,2017-07-04 11:27:18
11:27:21,11:27:21,8.3,0.01,679,563570,买盘,2017-07-04,2017-07-04 11:27:21
11:27:24,11:27:24,8.34,0.04,682,568788,买盘,2017-07-04,2017-07-04 11:27:24
11:27:27,11:27:27,8.3,-0.04,172,142760,卖盘,2017-07-04,2017-07-04 11:27:27
11:27:30,11:27:30,8.3,--,212,175960,卖盘,2017-07-04,2017-07-04 11:27:30
11:27:33,11:27:33,8.32,0.02,150,124800,买盘,2017-07-04,2017-07-04 11:27:33
11:27:36,11:27:36,8.31,-0.01,175,145425,中性盘,2017-07-04,2017-07-04 11:27:36
11:27:39,11:27:39,8.31,--,159,132129,买盘,2017-07-04,2017-07-04 11:27:39
11:27:42,11:27:42,8.3,-0.01,453,375990,卖盘,2017-07-04,2017-07-04 11:27:42
11:27:45,11:27:45,8.3,--,110,91300,卖盘,2017-07-04,2017-07-04 11:27:45
11:27:48,11:27:48,8.31,0.01,264,219384,买盘,2017-07-04,2017-07-04 11:27:48
11:27:51,11:27:51,8.3,-0.01,49,40670,中性盘,2017-07-04,2017-07-04 11:27:51
11:27:54,11:27:54,8.3,--,271,224930,买盘,2017-07-04,2017-07-04 11:27:54
11:27:57,11:27:57,8.29,-0.01,512,424447,中性盘,2017-07-04,2017-07-04 11:27:57
11:28:00,11:28:00,8.3,0.01,141,117030,买盘,2017-07-04,2017-07-04 11:28:00
11:28:03,11:28:03,8.3,--,220,182600,买盘,2017-07-04,2017-07-04 11:28:03
11:28:06,11:28:06,8.3,--,99,82170,卖盘,2017-07-04,2017-07-04 11:28:06
11:28:09,11:28:09,8.31,0.01,862,716322,买盘,2017-07-04,2017-07-04 11:28:09
11:28:12,11:28:12,8.29,-0.02,126,104453,卖盘,2017-07-04,2017-07-04 11:28:12
11:28:15,11:28:15,8.3,0.01,1455,1207650,买盘,2017-07-04,2017-07-04 11:28:15
11:28:18,11:28:18,8.31,0.01,166,137946,买盘,2017-07-04,2017-07-04 11:28:18
11:28:21,11:28:21,8.31,--,78,64818,卖盘,2017-07-04,2017-07-04 11:28:21
11:28:24,11:28:24,8.33,0.02,40,33320,买盘,2017-07-04,2017-07-04 11:28:24
11:28:27,11:28:27,8.34,0.01,240,200160,买盘,2017-07-04,2017-07-04 11:28:27
11:28:30,11:28:30,8.34,--,143,119262,买盘,2017-07-04,2017-07-04 11:28:30
11:28:33,11:28:33,8.32,-0.02,336,279552,卖盘,2017-07-04,2017-07-04 11:28:33
11:28:36,11:28:36,8.33,0.01,345,287385,买盘,2017-07-04,2017-07-04 11:28:36
11:28:39,11:28:39,8.33,--,239,199087,买盘,2017-07-04,2017-07-04 11:28:39
11:28:42,11:28:42,8.31,-0.02,156,129636,卖盘,2017-07-04,2017-07-04 11:28:42
11:28:45,11:28:45,8.33,0.02,281,234073,买盘,2017-07-04,2017-07-04 11:28:45
11:28:48,11:28:48,8.33,--,172,143276,买盘,2017-07-04,2017-07-04 11:28:48
11:28:51,11:28:51,8.33,--,443,369019,卖盘,2017-07-04,2017-07-04 11:28:51
11:28:54,11:28:54,8.33,--,134,111622,买盘,2017-07-04,2017-07-04 11:28:54
11:28:57,11:28:57,8.32,-0.01,60,49920,卖盘,2017-07-04,2017-07-04 11:28:57
11:29:00,11:29:00,8.34,0.02,578,482052,买盘,2017-07-04,2017-07-04 11:29:00
11:29:03,11:29:03,8.33,-0.01,63,52479,卖盘,2017-07-04,2017-07-04 11:29:03
11:29:06,11:29:06,8.34,0.01,377,314993,买盘,2017-07-04,2017-07-04 11:29:06
11:29:09,11:29:09,8.32,-0.02,274,228225,卖盘,2017-07-04,2017-07-04 11:29:09
11:29:12,11:29:12,8.31,-0.01,154,127974,卖盘,2017-07-04,2017-07-04 11:29:12
11:29:15,11:29:15,8.33,0.02,52,43316,买盘,2017-07-04,2017-07-04 11:29:15
11:29:18,11:29:18,8.33,--,110,91630,买盘,2017-07-04,2017-07-04 11:29:18
11:29:21,11:29:21,8.33,--,281,234073,买盘,2017-07-04,2017-07-04 11:29:21
11:29:24,11:29:24,8.33,--,96,79968,买盘,2017-07-04,2017-07-04 11:29:24
11:29:27,11:29:27,8.32,-0.01,102,84864,卖盘,2017-07-04,2017-07-04 11:29:27
11:29:30,11:29:30,8.32,--,355,295360,卖盘,2017-07-04,2017-07-04 11:29:30
11:29:33,11:29:33,8.32,--,113,94016,买盘,2017-07-04,2017-07-04 11:29:33
11:29:36,11:29:36,8.32,--,112,93184,买盘,2017-07-04,2017-07-04 11:29:36
11:29:39,11:29:39,8.31,-0.01,957,795267,卖盘,2017-07-04,2017-07-04 11:29:39
11:29:42,11:29:42,8.33,0.02,5,4165,买盘,2017-07-04,2017-07-04 11:29:42
11:29:45,11:29:45,8.31,-0.02,2,1662,中性盘,2017-07-04,2017-07-04 11:29:45
11:29:48,11:29:48,8.31,--,67,55677,买盘,2017-07-04,2017-07-04 11:29:48
11:29:51,11:29:51,8.32,0.01,31,25792,买盘,2017-07-04,2017-07-04 11:29:51
11:29:54,11:29:54,8.3,-0.02,879,729570,卖盘,2017-07-04,2017-07-04 11:29:54
11:29:57,11:29:57,8.3,--,68,56440,买盘,2017-07-04,2017-07-04 11:29:57
11:30:00,11:30:00,8.3,--,69,57270,买盘,2017-07-04,2017-07-04 11:30:00
13:00:00,13:00:00,8.32,0.02,335,278720,买盘,2017-07-04,2017-07-04 13:00:00
13:00:03,13:00:03,8.3,-0.02,2172,1802760,卖盘,2017-07-04,2017-07-04 13:00:03
13:00:06,13:00:06,8.3,--,46,38180,卖盘,2017-07-04,2017-07-04 13:00:06
13:00:09,13:00:09,8.31,0.01,41,34071,买盘,2017-07-04,2017-07-04 13:00:09
13:00:12,13:00:12,8.31,--,31,25761,买盘,2017-07-04,2017-07-04 13:00:12
13:00:15,13:00:15,8.31,--,225,186975,卖盘,2017-07-04,2017-07-04 13:00:15
13:00:24,13:00:24,8.32,0.01,2,1664,买盘,2017-07-04,2017-07-04 13:00:24
13:00:27,13:00:27,8.32,--,191,158912,买盘,2017-07-04,2017-07-04 13:00:27
13:00:30,13:00:30,8.35,0.03,2182,1821970,买盘,2017-07-04,2017-07-04 13:00:30
13:00:36,13:00:36,8.34,-0.01,17,14178,买盘,2017-07-04,2017-07-04 13:00:36
13:00:39,13:00:39,8.33,-0.01,116,96628,卖盘,2017-07-04,2017-07-04 13:00:39
13:00:42,13:00:42,8.35,0.02,186,155310,买盘,2017-07-04,2017-07-04 13:00:42
13:00:45,13:00:45,8.34,-0.01,116,96744,卖盘,2017-07-04,2017-07-04 13:00:45
13:00:51,13:00:51,8.34,--,120,100080,买盘,2017-07-04,2017-07-04 13:00:51
13:00:54,13:00:54,8.33,-0.01,41,34153,买盘,2017-07-04,2017-07-04 13:00:54
13:00:57,13:00:57,8.34,0.01,90,75060,买盘,2017-07-04,2017-07-04 13:00:57
13:01:03,13:01:03,8.33,-0.01,101,84133,卖盘,2017-07-04,2017-07-04 13:01:03
13:01:06,13:01:06,8.34,0.01,608,507072,买盘,2017-07-04,2017-07-04 13:01:06
13:01:09,13:01:09,8.34,--,789,658026,买盘,2017-07-04,2017-07-04 13:01:09
13:01:12,13:01:12,8.34,--,68,56712,卖盘,2017-07-04,2017-07-04 13:01:12
13:01:15,13:01:15,8.34,--,206,171804,卖盘,2017-07-04,2017-07-04 13:01:15
13:01:18,13:01:18,8.34,--,36,30024,卖盘,2017-07-04,2017-07-04 13:01:18
13:01:21,13:01:21,8.34,--,241,200994,买盘,2017-07-04,2017-07-04 13:01:21
13:01:24,13:01:24,8.34,--,111,92574,买盘,2017-07-04,2017-07-04 13:01:24
13:01:27,13:01:27,8.34,--,15,12510,买盘,2017-07-04,2017-07-04 13:01:27
13:01:30,13:01:30,8.33,-0.01,47,39151,卖盘,2017-07-04,2017-07-04 13:01:30
13:01:33,13:01:33,8.33,--,173,144109,买盘,2017-07-04,2017-07-04 13:01:33
13:01:39,13:01:39,8.33,--,221,184093,买盘,2017-07-04,2017-07-04 13:01:39
13:01:42,13:01:42,8.33,--,32,26656,卖盘,2017-07-04,2017-07-04 13:01:42
13:01:45,13:01:45,8.34,0.01,35,29190,买盘,2017-07-04,2017-07-04 13:01:45
13:01:48,13:01:48,8.33,-0.01,146,121618,卖盘,2017-07-04,2017-07-04 13:01:48
13:01:51,13:01:51,8.34,0.01,1089,908659,买盘,2017-07-04,2017-07-04 13:01:51
13:01:54,13:01:54,8.32,-0.02,233,194255,卖盘,2017-07-04,2017-07-04 13:01:54
13:01:57,13:01:57,8.33,0.01,546,454818,买盘,2017-07-04,2017-07-04 13:01:57
13:02:00,13:02:00,8.33,--,15,12495,买盘,2017-07-04,2017-07-04 13:02:00
13:02:06,13:02:06,8.33,--,37,30821,买盘,2017-07-04,2017-07-04 13:02:06
13:02:09,13:02:09,8.32,-0.01,1,832,卖盘,2017-07-04,2017-07-04 13:02:09
13:02:12,13:02:12,8.33,0.01,142,118286,买盘,2017-07-04,2017-07-04 13:02:12
13:02:15,13:02:15,8.32,-0.01,57,47424,卖盘,2017-07-04,2017-07-04 13:02:15
13:02:18,13:02:18,8.32,--,649,540625,卖盘,2017-07-04,2017-07-04 13:02:18
13:02:21,13:02:21,8.32,--,21,17472,卖盘,2017-07-04,2017-07-04 13:02:21
13:02:24,13:02:24,8.32,--,558,464256,卖盘,2017-07-04,2017-07-04 13:02:24
13:02:27,13:02:27,8.31,-0.01,57,47541,卖盘,2017-07-04,2017-07-04 13:02:27
13:02:30,13:02:30,8.31,--,14,11634,卖盘,2017-07-04,2017-07-04 13:02:30
13:02:33,13:02:33,8.31,--,37,30747,卖盘,2017-07-04,2017-07-04 13:02:33
13:02:36,13:02:36,8.31,--,130,108030,卖盘,2017-07-04,2017-07-04 13:02:36
13:02:39,13:02:39,8.31,--,10,8310,卖盘,2017-07-04,2017-07-04 13:02:39
13:02:42,13:02:42,8.31,--,2,1662,卖盘,2017-07-04,2017-07-04 13:02:42
13:02:45,13:02:45,8.31,--,154,127974,卖盘,2017-07-04,2017-07-04 13:02:45
13:02:48,13:02:48,8.32,0.01,115,95680,买盘,2017-07-04,2017-07-04 13:02:48
13:02:51,13:02:51,8.31,-0.01,295,245145,卖盘,2017-07-04,2017-07-04 13:02:51
13:02:54,13:02:54,8.32,0.01,194,161408,买盘,2017-07-04,2017-07-04 13:02:54
13:02:57,13:02:57,8.32,--,14,11648,买盘,2017-07-04,2017-07-04 13:02:57
13:03:00,13:03:00,8.32,--,123,102336,买盘,2017-07-04,2017-07-04 13:03:00
13:03:06,13:03:06,8.32,--,29,24128,买盘,2017-07-04,2017-07-04 13:03:06
13:03:12,13:03:12,8.31,-0.01,73,60663,卖盘,2017-07-04,2017-07-04 13:03:12
13:03:15,13:03:15,8.32,0.01,258,214656,买盘,2017-07-04,2017-07-04 13:03:15
13:03:21,13:03:21,8.32,--,1,832,买盘,2017-07-04,2017-07-04 13:03:21
13:03:24,13:03:24,8.31,-0.01,22,18282,卖盘,2017-07-04,2017-07-04 13:03:24
13:03:27,13:03:27,8.32,0.01,279,232885,买盘,2017-07-04,2017-07-04 13:03:27
13:03:30,13:03:30,8.32,--,27,22464,卖盘,2017-07-04,2017-07-04 13:03:30
13:03:33,13:03:33,8.32,--,60,49920,卖盘,2017-07-04,2017-07-04 13:03:33
13:03:39,13:03:39,8.32,--,31,25792,卖盘,2017-07-04,2017-07-04 13:03:39
13:03:42,13:03:42,8.32,--,164,136714,卖盘,2017-07-04,2017-07-04 13:03:42
13:03:45,13:03:45,8.32,--,54,44928,卖盘,2017-07-04,2017-07-04 13:03:45
13:03:48,13:03:48,8.33,0.01,220,183260,买盘,2017-07-04,2017-07-04 13:03:48
13:03:51,13:03:51,8.32,-0.01,29,24128,卖盘,2017-07-04,2017-07-04 13:03:51
13:03:54,13:03:54,8.32,--,44,36608,卖盘,2017-07-04,2017-07-04 13:03:54
13:03:57,13:03:57,8.32,--,50,42240,卖盘,2017-07-04,2017-07-04 13:03:57
13:04:03,13:04:03,8.32,--,11,9152,买盘,2017-07-04,2017-07-04 13:04:03
13:04:09,13:04:09,8.32,--,13,10816,买盘,2017-07-04,2017-07-04 13:04:09
13:04:12,13:04:12,8.31,-0.01,625,519375,卖盘,2017-07-04,2017-07-04 13:04:12
13:04:24,13:04:24,8.3,-0.01,586,486380,卖盘,2017-07-04,2017-07-04 13:04:24
13:04:27,13:04:27,8.3,--,17,14110,卖盘,2017-07-04,2017-07-04 13:04:27
13:04:36,13:04:36,8.3,--,96,79680,卖盘,2017-07-04,2017-07-04 13:04:36
13:04:42,13:04:42,8.3,--,141,117030,卖盘,2017-07-04,2017-07-04 13:04:42
13:04:45,13:04:45,8.3,--,20,16600,卖盘,2017-07-04,2017-07-04 13:04:45
13:04:51,13:04:51,8.3,--,70,58100,卖盘,2017-07-04,2017-07-04 13:04:51
13:04:54,13:04:54,8.3,--,8,6640,卖盘,2017-07-04,2017-07-04 13:04:54
13:04:57,13:04:57,8.3,--,40,33200,卖盘,2017-07-04,2017-07-04 13:04:57
13:05:00,13:05:00,8.3,--,4,3320,卖盘,2017-07-04,2017-07-04 13:05:00
13:05:03,13:05:03,8.3,--,5,4150,卖盘,2017-07-04,2017-07-04 13:05:03
13:05:06,13:05:06,8.31,0.01,24,19944,买盘,2017-07-04,2017-07-04 13:05:06
13:05:09,13:05:09,8.3,-0.01,59,48970,卖盘,2017-07-04,2017-07-04 13:05:09
13:05:12,13:05:12,8.3,--,155,128650,卖盘,2017-07-04,2017-07-04 13:05:12
13:05:18,13:05:18,8.3,--,59,48970,买盘,2017-07-04,2017-07-04 13:05:18
13:05:21,13:05:21,8.3,--,30,24900,买盘,2017-07-04,2017-07-04 13:05:21
13:05:24,13:05:24,8.3,--,4,3320,买盘,2017-07-04,2017-07-04 13:05:24
13:05:27,13:05:27,8.29,-0.01,5,4145,卖盘,2017-07-04,2017-07-04 13:05:27
13:05:30,13:05:30,8.3,0.01,51,42330,买盘,2017-07-04,2017-07-04 13:05:30
13:05:33,13:05:33,8.29,-0.01,8,6631,卖盘,2017-07-04,2017-07-04 13:05:33
13:05:36,13:05:36,8.3,0.01,10,8300,买盘,2017-07-04,2017-07-04 13:05:36
13:05:39,13:05:39,8.29,-0.01,226,187353,卖盘,2017-07-04,2017-07-04 13:05:39
13:05:45,13:05:45,8.29,--,120,99479,卖盘,2017-07-04,2017-07-04 13:05:45
13:05:48,13:05:48,8.29,--,13,10776,卖盘,2017-07-04,2017-07-04 13:05:48
13:05:51,13:05:51,8.29,--,5,4145,卖盘,2017-07-04,2017-07-04 13:05:51
13:05:54,13:05:54,8.3,0.01,356,295480,买盘,2017-07-04,2017-07-04 13:05:54
13:05:57,13:05:57,8.29,-0.01,3,2486,卖盘,2017-07-04,2017-07-04 13:05:57
13:06:00,13:06:00,8.29,--,10,8290,卖盘,2017-07-04,2017-07-04 13:06:00
13:06:03,13:06:03,8.29,--,20,16580,卖盘,2017-07-04,2017-07-04 13:06:03
13:06:06,13:06:06,8.29,--,56,46423,卖盘,2017-07-04,2017-07-04 13:06:06
13:06:09,13:06:09,8.29,--,36,29843,卖盘,2017-07-04,2017-07-04 13:06:09
13:06:12,13:06:12,8.29,--,44,36475,卖盘,2017-07-04,2017-07-04 13:06:12
13:06:15,13:06:15,8.29,--,2,1657,卖盘,2017-07-04,2017-07-04 13:06:15
13:06:24,13:06:24,8.29,--,30,24869,卖盘,2017-07-04,2017-07-04 13:06:24
13:06:30,13:06:30,8.29,--,2,1657,卖盘,2017-07-04,2017-07-04 13:06:30
13:06:33,13:06:33,8.29,--,77,63832,卖盘,2017-07-04,2017-07-04 13:06:33
13:06:36,13:06:36,8.29,--,25,20724,卖盘,2017-07-04,2017-07-04 13:06:36
13:06:39,13:06:39,8.29,--,68,56371,卖盘,2017-07-04,2017-07-04 13:06:39
13:06:42,13:06:42,8.29,--,20,16580,卖盘,2017-07-04,2017-07-04 13:06:42
13:06:45,13:06:45,8.29,--,121,100308,卖盘,2017-07-04,2017-07-04 13:06:45
13:06:48,13:06:48,8.29,--,96,79583,买盘,2017-07-04,2017-07-04 13:06:48
13:06:57,13:06:57,8.28,-0.01,28,23184,卖盘,2017-07-04,2017-07-04 13:06:57
13:07:00,13:07:00,8.28,--,7,5796,卖盘,2017-07-04,2017-07-04 13:07:00
13:07:03,13:07:03,8.28,--,4,3311,卖盘,2017-07-04,2017-07-04 13:07:03
13:07:12,13:07:12,8.28,--,52,43056,卖盘,2017-07-04,2017-07-04 13:07:12
13:07:15,13:07:15,8.28,--,177,146556,卖盘,2017-07-04,2017-07-04 13:07:15
13:07:24,13:07:24,8.29,0.01,329,272741,买盘,2017-07-04,2017-07-04 13:07:24
13:07:27,13:07:27,8.28,-0.01,32,26495,卖盘,2017-07-04,2017-07-04 13:07:27
13:07:30,13:07:30,8.28,--,39,32291,卖盘,2017-07-04,2017-07-04 13:07:30
13:07:36,13:07:36,8.28,--,35,28979,卖盘,2017-07-04,2017-07-04 13:07:36
13:07:39,13:07:39,8.28,--,1,827,卖盘,2017-07-04,2017-07-04 13:07:39
13:07:45,13:07:45,8.28,--,1,827,卖盘,2017-07-04,2017-07-04 13:07:45
13:07:48,13:07:48,8.28,--,110,91080,卖盘,2017-07-04,2017-07-04 13:07:48
13:07:54,13:07:54,8.29,0.01,41,33989,买盘,2017-07-04,2017-07-04 13:07:54
13:07:57,13:07:57,8.29,--,50,41449,买盘,2017-07-04,2017-07-04 13:07:57
13:08:03,13:08:03,8.28,-0.01,5,4140,卖盘,2017-07-04,2017-07-04 13:08:03
13:08:09,13:08:09,8.28,--,1,827,卖盘,2017-07-04,2017-07-04 13:08:09
13:08:12,13:08:12,8.28,--,2,1655,卖盘,2017-07-04,2017-07-04 13:08:12
13:08:18,13:08:18,8.29,0.01,21,17409,买盘,2017-07-04,2017-07-04 13:08:18
13:08:27,13:08:27,8.28,-0.01,30,24839,卖盘,2017-07-04,2017-07-04 13:08:27
13:08:30,13:08:30,8.28,--,494,409031,卖盘,2017-07-04,2017-07-04 13:08:30
13:08:33,13:08:33,8.29,0.01,236,195643,买盘,2017-07-04,2017-07-04 13:08:33
13:08:36,13:08:36,8.29,--,9,7460,买盘,2017-07-04,2017-07-04 13:08:36
13:08:39,13:08:39,8.29,--,9,7460,卖盘,2017-07-04,2017-07-04 13:08:39
13:08:45,13:08:45,8.29,--,15,12434,卖盘,2017-07-04,2017-07-04 13:08:45
13:08:51,13:08:51,8.29,--,31,25698,卖盘,2017-07-04,2017-07-04 13:08:51
13:08:57,13:08:57,8.29,--,29,24040,卖盘,2017-07-04,2017-07-04 13:08:57
13:09:03,13:09:03,8.3,0.01,17,14110,买盘,2017-07-04,2017-07-04 13:09:03
13:09:06,13:09:06,8.29,-0.01,23,19066,卖盘,2017-07-04,2017-07-04 13:09:06
13:09:18,13:09:18,8.29,--,110,91189,卖盘,2017-07-04,2017-07-04 13:09:18
13:09:21,13:09:21,8.29,--,13,10776,卖盘,2017-07-04,2017-07-04 13:09:21
13:09:30,13:09:30,8.29,--,5,4145,卖盘,2017-07-04,2017-07-04 13:09:30
13:09:36,13:09:36,8.29,--,15,12434,卖盘,2017-07-04,2017-07-04 13:09:36
13:09:39,13:09:39,8.29,--,39,32330,卖盘,2017-07-04,2017-07-04 13:09:39
13:09:42,13:09:42,8.29,--,3,2486,卖盘,2017-07-04,2017-07-04 13:09:42
13:09:45,13:09:45,8.29,--,12,9947,卖盘,2017-07-04,2017-07-04 13:09:45
13:09:48,13:09:48,8.29,--,65,53884,卖盘,2017-07-04,2017-07-04 13:09:48
13:09:51,13:09:51,8.29,--,13,10776,卖盘,2017-07-04,2017-07-04 13:09:51
13:10:03,13:10:03,8.29,--,34,28185,买盘,2017-07-04,2017-07-04 13:10:03
13:10:12,13:10:12,8.29,--,59,48910,买盘,2017-07-04,2017-07-04 13:10:12
13:10:27,13:10:27,8.29,--,14,11605,买盘,2017-07-04,2017-07-04 13:10:27
13:10:36,13:10:36,8.29,--,185,153373,买盘,2017-07-04,2017-07-04 13:10:36
13:10:42,13:10:42,8.29,--,40,33160,卖盘,2017-07-04,2017-07-04 13:10:42
13:10:45,13:10:45,8.29,--,50,41449,卖盘,2017-07-04,2017-07-04 13:10:45
13:10:48,13:10:48,8.29,--,21,17599,卖盘,2017-07-04,2017-07-04 13:10:48
13:10:51,13:10:51,8.29,--,16,13263,卖盘,2017-07-04,2017-07-04 13:10:51
13:10:54,13:10:54,8.3,0.01,2,1660,买盘,2017-07-04,2017-07-04 13:10:54
13:10:57,13:10:57,8.29,-0.01,6,4973,卖盘,2017-07-04,2017-07-04 13:10:57
13:11:15,13:11:15,8.3,0.01,26,21580,买盘,2017-07-04,2017-07-04 13:11:15
13:11:18,13:11:18,8.29,-0.01,16,13263,卖盘,2017-07-04,2017-07-04 13:11:18
13:11:21,13:11:21,8.29,--,10,8290,卖盘,2017-07-04,2017-07-04 13:11:21
13:11:24,13:11:24,8.29,--,20,16580,卖盘,2017-07-04,2017-07-04 13:11:24
13:11:27,13:11:27,8.29,--,5,4145,卖盘,2017-07-04,2017-07-04 13:11:27
13:11:30,13:11:30,8.29,--,92,76898,卖盘,2017-07-04,2017-07-04 13:11:30
13:11:33,13:11:33,8.29,--,43,35646,买盘,2017-07-04,2017-07-04 13:11:33
13:11:39,13:11:39,8.29,--,4,3315,买盘,2017-07-04,2017-07-04 13:11:39
13:11:45,13:11:45,8.29,--,200,165799,买盘,2017-07-04,2017-07-04 13:11:45
13:11:48,13:11:48,8.28,-0.01,100,82800,卖盘,2017-07-04,2017-07-04 13:11:48
13:11:54,13:11:54,8.28,--,1,827,卖盘,2017-07-04,2017-07-04 13:11:54
13:12:00,13:12:00,8.29,0.01,2,1657,买盘,2017-07-04,2017-07-04 13:12:00
13:12:09,13:12:09,8.29,--,10,8290,买盘,2017-07-04,2017-07-04 13:12:09
13:12:18,13:12:18,8.28,-0.01,30,24839,卖盘,2017-07-04,2017-07-04 13:12:18
13:12:21,13:12:21,8.29,0.01,5,4145,买盘,2017-07-04,2017-07-04 13:12:21
13:12:24,13:12:24,8.28,-0.01,10,8280,卖盘,2017-07-04,2017-07-04 13:12:24
13:12:36,13:12:36,8.28,--,49,40572,卖盘,2017-07-04,2017-07-04 13:12:36
13:12:39,13:12:39,8.28,--,2,1854,卖盘,2017-07-04,2017-07-04 13:12:39
13:12:42,13:12:42,8.29,0.01,25,20724,买盘,2017-07-04,2017-07-04 13:12:42
13:12:45,13:12:45,8.28,-0.01,55,45540,卖盘,2017-07-04,2017-07-04 13:12:45
13:12:48,13:12:48,8.28,--,50,41400,卖盘,2017-07-04,2017-07-04 13:12:48
13:12:51,13:12:51,8.28,--,9,7451,卖盘,2017-07-04,2017-07-04 13:12:51
13:12:54,13:12:54,8.28,--,6,4968,卖盘,2017-07-04,2017-07-04 13:12:54
13:13:03,13:13:03,8.29,0.01,12,9947,买盘,2017-07-04,2017-07-04 13:13:03
13:13:12,13:13:12,8.28,-0.01,30,24839,卖盘,2017-07-04,2017-07-04 13:13:12
13:13:15,13:13:15,8.29,0.01,36,29843,买盘,2017-07-04,2017-07-04 13:13:15
13:13:18,13:13:18,8.29,--,29,24040,买盘,2017-07-04,2017-07-04 13:13:18
13:13:24,13:13:24,8.29,--,16,13263,买盘,2017-07-04,2017-07-04 13:13:24
13:13:27,13:13:27,8.29,--,24,19895,买盘,2017-07-04,2017-07-04 13:13:27
13:13:33,13:13:33,8.29,--,120,99479,买盘,2017-07-04,2017-07-04 13:13:33
13:13:39,13:13:39,8.29,--,103,85386,买盘,2017-07-04,2017-07-04 13:13:39
13:13:42,13:13:42,8.29,--,6,4973,买盘,2017-07-04,2017-07-04 13:13:42
13:13:45,13:13:45,8.29,--,23,19066,买盘,2017-07-04,2017-07-04 13:13:45
13:13:51,13:13:51,8.29,--,10,8290,卖盘,2017-07-04,2017-07-04 13:13:51
13:13:54,13:13:54,8.29,--,275,227974,卖盘,2017-07-04,2017-07-04 13:13:54
13:14:06,13:14:06,8.29,--,80,66320,卖盘,2017-07-04,2017-07-04 13:14:06
13:14:12,13:14:12,8.29,--,30,24869,卖盘,2017-07-04,2017-07-04 13:14:12
13:14:15,13:14:15,8.29,--,100,82899,卖盘,2017-07-04,2017-07-04 13:14:15
13:14:24,13:14:24,8.29,--,252,208907,卖盘,2017-07-04,2017-07-04 13:14:24
13:14:30,13:14:30,8.3,0.01,100,83000,买盘,2017-07-04,2017-07-04 13:14:30
13:14:39,13:14:39,8.28,-0.02,30,24839,卖盘,2017-07-04,2017-07-04 13:14:39
13:14:45,13:14:45,8.29,0.01,6,4973,中性盘,2017-07-04,2017-07-04 13:14:45
13:14:51,13:14:51,8.29,--,9,7460,卖盘,2017-07-04,2017-07-04 13:14:51
13:14:54,13:14:54,8.29,--,6,4973,买盘,2017-07-04,2017-07-04 13:14:54
13:15:00,13:15:00,8.28,-0.01,55,45540,卖盘,2017-07-04,2017-07-04 13:15:00
13:15:09,13:15:09,8.29,0.01,8,6631,买盘,2017-07-04,2017-07-04 13:15:09
13:15:12,13:15:12,8.28,-0.01,20,16560,卖盘,2017-07-04,2017-07-04 13:15:12
13:15:18,13:15:18,8.28,--,5,4140,卖盘,2017-07-04,2017-07-04 13:15:18
13:15:24,13:15:24,8.29,0.01,66,54713,买盘,2017-07-04,2017-07-04 13:15:24
13:15:30,13:15:30,8.29,--,22,18237,买盘,2017-07-04,2017-07-04 13:15:30
13:15:39,13:15:39,8.29,--,50,41449,买盘,2017-07-04,2017-07-04 13:15:39
13:15:42,13:15:42,8.29,--,30,24869,买盘,2017-07-04,2017-07-04 13:15:42
13:15:45,13:15:45,8.28,-0.01,1,827,卖盘,2017-07-04,2017-07-04 13:15:45
13:15:48,13:15:48,8.28,--,6,4968,卖盘,2017-07-04,2017-07-04 13:15:48
13:15:54,13:15:54,8.28,--,120,99359,卖盘,2017-07-04,2017-07-04 13:15:54
13:16:00,13:16:00,8.28,--,50,41400,卖盘,2017-07-04,2017-07-04 13:16:00
13:16:03,13:16:03,8.28,--,148,123173,卖盘,2017-07-04,2017-07-04 13:16:03
13:16:15,13:16:15,8.27,-0.01,5,4135,卖盘,2017-07-04,2017-07-04 13:16:15
13:16:21,13:16:21,8.27,--,9,7443,卖盘,2017-07-04,2017-07-04 13:16:21
13:16:24,13:16:24,8.27,--,30,24810,卖盘,2017-07-04,2017-07-04 13:16:24
13:16:27,13:16:27,8.26,-0.01,200,165200,卖盘,2017-07-04,2017-07-04 13:16:27
13:16:36,13:16:36,8.26,--,127,104902,卖盘,2017-07-04,2017-07-04 13:16:36
13:16:42,13:16:42,8.26,--,42,34692,卖盘,2017-07-04,2017-07-04 13:16:42
13:16:45,13:16:45,8.25,-0.01,84,69300,卖盘,2017-07-04,2017-07-04 13:16:45
13:16:54,13:16:54,8.25,--,12,9900,卖盘,2017-07-04,2017-07-04 13:16:54
13:16:57,13:16:57,8.25,--,58,47850,卖盘,2017-07-04,2017-07-04 13:16:57
13:17:00,13:17:00,8.26,0.01,115,94990,买盘,2017-07-04,2017-07-04 13:17:00
13:17:03,13:17:03,8.25,-0.01,186,153450,卖盘,2017-07-04,2017-07-04 13:17:03
13:17:15,13:17:15,8.25,--,9,7425,卖盘,2017-07-04,2017-07-04 13:17:15
13:17:21,13:17:21,8.25,--,230,189750,卖盘,2017-07-04,2017-07-04 13:17:21
13:17:27,13:17:27,8.26,0.01,11,9086,买盘,2017-07-04,2017-07-04 13:17:27
13:17:42,13:17:42,8.27,0.01,15,12405,买盘,2017-07-04,2017-07-04 13:17:42
13:17:45,13:17:45,8.26,-0.01,17,14042,卖盘,2017-07-04,2017-07-04 13:17:45
13:17:57,13:17:57,8.27,0.01,8,6616,买盘,2017-07-04,2017-07-04 13:17:57
13:18:03,13:18:03,8.26,-0.01,5,4130,卖盘,2017-07-04,2017-07-04 13:18:03
13:18:12,13:18:12,8.27,0.01,8,6616,买盘,2017-07-04,2017-07-04 13:18:12
13:18:15,13:18:15,8.27,--,1,827,买盘,2017-07-04,2017-07-04 13:18:15
13:18:21,13:18:21,8.26,-0.01,241,199066,卖盘,2017-07-04,2017-07-04 13:18:21
13:18:24,13:18:24,8.27,0.01,138,114126,买盘,2017-07-04,2017-07-04 13:18:24
13:18:33,13:18:33,8.26,-0.01,10,8260,卖盘,2017-07-04,2017-07-04 13:18:33
13:18:42,13:18:42,8.28,0.02,500,413999,买盘,2017-07-04,2017-07-04 13:18:42
13:18:51,13:18:51,8.26,-0.02,5,4130,卖盘,2017-07-04,2017-07-04 13:18:51
13:18:54,13:18:54,8.27,0.01,28,23156,买盘,2017-07-04,2017-07-04 13:18:54
13:18:57,13:18:57,8.28,0.01,30,24839,买盘,2017-07-04,2017-07-04 13:18:57
13:19:06,13:19:06,8.3,0.02,820,680600,买盘,2017-07-04,2017-07-04 13:19:06
13:19:09,13:19:09,8.3,--,393,326190,买盘,2017-07-04,2017-07-04 13:19:09
13:19:15,13:19:15,8.28,-0.02,4,3311,中性盘,2017-07-04,2017-07-04 13:19:15
13:19:18,13:19:18,8.31,0.03,512,425472,买盘,2017-07-04,2017-07-04 13:19:18
13:19:21,13:19:21,8.3,-0.01,20,16600,中性盘,2017-07-04,2017-07-04 13:19:21
13:19:24,13:19:24,8.3,--,384,318720,卖盘,2017-07-04,2017-07-04 13:19:24
13:19:27,13:19:27,8.31,0.01,195,162045,买盘,2017-07-04,2017-07-04 13:19:27
13:19:30,13:19:30,8.3,-0.01,34,28220,卖盘,2017-07-04,2017-07-04 13:19:30
13:19:33,13:19:33,8.31,0.01,78,64818,买盘,2017-07-04,2017-07-04 13:19:33
13:19:36,13:19:36,8.3,-0.01,68,56440,卖盘,2017-07-04,2017-07-04 13:19:36
13:19:42,13:19:42,8.3,--,31,25730,买盘,2017-07-04,2017-07-04 13:19:42
13:19:45,13:19:45,8.3,--,41,34030,买盘,2017-07-04,2017-07-04 13:19:45
13:19:48,13:19:48,8.31,0.01,25,20775,买盘,2017-07-04,2017-07-04 13:19:48
13:19:54,13:19:54,8.32,0.01,656,545792,买盘,2017-07-04,2017-07-04 13:19:54
13:19:57,13:19:57,8.3,-0.02,50,41500,卖盘,2017-07-04,2017-07-04 13:19:57
13:20:00,13:20:00,8.31,0.01,30,24930,买盘,2017-07-04,2017-07-04 13:20:00
13:20:03,13:20:03,8.31,--,7,5817,买盘,2017-07-04,2017-07-04 13:20:03
13:20:06,13:20:06,8.31,--,23,19113,买盘,2017-07-04,2017-07-04 13:20:06
13:20:09,13:20:09,8.31,--,21,17451,买盘,2017-07-04,2017-07-04 13:20:09
13:20:15,13:20:15,8.31,--,195,162045,买盘,2017-07-04,2017-07-04 13:20:15
13:20:18,13:20:18,8.31,--,5,4155,卖盘,2017-07-04,2017-07-04 13:20:18
13:20:21,13:20:21,8.32,0.01,354,294528,买盘,2017-07-04,2017-07-04 13:20:21
13:20:24,13:20:24,8.33,0.01,63,52479,买盘,2017-07-04,2017-07-04 13:20:24
13:20:27,13:20:27,8.32,-0.01,293,243776,卖盘,2017-07-04,2017-07-04 13:20:27
13:20:33,13:20:33,8.31,-0.01,291,241821,卖盘,2017-07-04,2017-07-04 13:20:33
13:20:36,13:20:36,8.32,0.01,40,33280,卖盘,2017-07-04,2017-07-04 13:20:36
13:20:39,13:20:39,8.33,0.01,190,158961,买盘,2017-07-04,2017-07-04 13:20:39
13:20:42,13:20:42,8.32,-0.01,98,81677,卖盘,2017-07-04,2017-07-04 13:20:42
13:20:48,13:20:48,8.32,--,42,35634,买盘,2017-07-04,2017-07-04 13:20:48
13:20:54,13:20:54,8.34,0.02,799,666366,买盘,2017-07-04,2017-07-04 13:20:54
13:20:57,13:20:57,8.33,-0.01,5,4165,卖盘,2017-07-04,2017-07-04 13:20:57
13:21:00,13:21:00,8.34,0.01,19,15846,买盘,2017-07-04,2017-07-04 13:21:00
13:21:03,13:21:03,8.34,--,185,154290,买盘,2017-07-04,2017-07-04 13:21:03
13:21:06,13:21:06,8.35,0.01,1699,1418665,买盘,2017-07-04,2017-07-04 13:21:06
13:21:09,13:21:09,8.35,--,135,112725,买盘,2017-07-04,2017-07-04 13:21:09
13:21:12,13:21:12,8.35,--,1075,898251,买盘,2017-07-04,2017-07-04 13:21:12
13:21:15,13:21:15,8.36,0.01,58,48488,买盘,2017-07-04,2017-07-04 13:21:15
13:21:18,13:21:18,8.36,--,117,97812,买盘,2017-07-04,2017-07-04 13:21:18
13:21:21,13:21:21,8.36,--,21,17556,买盘,2017-07-04,2017-07-04 13:21:21
13:21:24,13:21:24,8.33,-0.03,127,105791,卖盘,2017-07-04,2017-07-04 13:21:24
13:21:27,13:21:27,8.36,0.03,222,185592,买盘,2017-07-04,2017-07-04 13:21:27
13:21:30,13:21:30,8.37,0.01,152,127223,买盘,2017-07-04,2017-07-04 13:21:30
13:21:33,13:21:33,8.35,-0.02,29,24215,中性盘,2017-07-04,2017-07-04 13:21:33
13:21:36,13:21:36,8.37,0.02,160,133920,买盘,2017-07-04,2017-07-04 13:21:36
13:21:39,13:21:39,8.36,-0.01,17,14211,中性盘,2017-07-04,2017-07-04 13:21:39
13:21:42,13:21:42,8.35,-0.01,70,58450,买盘,2017-07-04,2017-07-04 13:21:42
13:21:45,13:21:45,8.36,0.01,124,103664,买盘,2017-07-04,2017-07-04 13:21:45
13:21:48,13:21:48,8.37,0.01,469,392552,买盘,2017-07-04,2017-07-04 13:21:48
13:21:51,13:21:51,8.36,-0.01,3007,2513852,卖盘,2017-07-04,2017-07-04 13:21:51
13:21:54,13:21:54,8.4,0.04,157,131880,买盘,2017-07-04,2017-07-04 13:21:54
13:21:57,13:21:57,8.4,--,238,199920,买盘,2017-07-04,2017-07-04 13:21:57
13:22:00,13:22:00,8.4,--,1059,889560,买盘,2017-07-04,2017-07-04 13:22:00
13:22:03,13:22:03,8.41,0.01,162,136242,买盘,2017-07-04,2017-07-04 13:22:03
13:22:06,13:22:06,8.42,0.01,44,37048,买盘,2017-07-04,2017-07-04 13:22:06
13:22:09,13:22:09,8.42,--,101,85042,买盘,2017-07-04,2017-07-04 13:22:09
13:22:12,13:22:12,8.43,0.01,241,203163,买盘,2017-07-04,2017-07-04 13:22:12
13:22:15,13:22:15,8.43,--,148,124764,买盘,2017-07-04,2017-07-04 13:22:15
13:22:18,13:22:18,8.43,--,286,241098,买盘,2017-07-04,2017-07-04 13:22:18
13:22:21,13:22:21,8.43,--,1840,1551120,买盘,2017-07-04,2017-07-04 13:22:21
13:22:24,13:22:24,8.44,0.01,378,319032,买盘,2017-07-04,2017-07-04 13:22:24
13:22:27,13:22:27,8.43,-0.01,392,330666,卖盘,2017-07-04,2017-07-04 13:22:27
13:22:30,13:22:30,8.42,-0.01,213,179346,卖盘,2017-07-04,2017-07-04 13:22:30
13:22:33,13:22:33,8.43,0.01,569,479667,买盘,2017-07-04,2017-07-04 13:22:33
13:22:36,13:22:36,8.43,--,68,57324,买盘,2017-07-04,2017-07-04 13:22:36
13:22:39,13:22:39,8.43,--,318,268074,买盘,2017-07-04,2017-07-04 13:22:39
13:22:42,13:22:42,8.41,-0.02,231,194901,卖盘,2017-07-04,2017-07-04 13:22:42
13:22:45,13:22:45,8.42,0.01,99,83358,买盘,2017-07-04,2017-07-04 13:22:45
13:22:48,13:22:48,8.42,--,43,36206,买盘,2017-07-04,2017-07-04 13:22:48
13:22:51,13:22:51,8.35,-0.07,667,556945,卖盘,2017-07-04,2017-07-04 13:22:51
13:22:54,13:22:54,8.4,0.05,75,63000,买盘,2017-07-04,2017-07-04 13:22:54
13:22:57,13:22:57,8.4,--,17,14280,买盘,2017-07-04,2017-07-04 13:22:57
13:23:00,13:23:00,8.4,--,22,18480,买盘,2017-07-04,2017-07-04 13:23:00
13:23:03,13:23:03,8.4,--,68,57120,买盘,2017-07-04,2017-07-04 13:23:03
13:23:06,13:23:06,8.39,-0.01,365,306235,卖盘,2017-07-04,2017-07-04 13:23:06
13:23:09,13:23:09,8.4,0.01,81,68040,中性盘,2017-07-04,2017-07-04 13:23:09
13:23:12,13:23:12,8.4,--,54,45360,买盘,2017-07-04,2017-07-04 13:23:12
13:23:15,13:23:15,8.42,0.02,826,695492,买盘,2017-07-04,2017-07-04 13:23:15
13:23:18,13:23:18,8.39,-0.03,37,31043,买盘,2017-07-04,2017-07-04 13:23:18
13:23:21,13:23:21,8.39,--,21,17619,买盘,2017-07-04,2017-07-04 13:23:21
13:23:24,13:23:24,8.39,--,89,74671,买盘,2017-07-04,2017-07-04 13:23:24
13:23:27,13:23:27,8.39,--,118,99002,买盘,2017-07-04,2017-07-04 13:23:27
13:23:30,13:23:30,8.37,-0.02,257,215108,卖盘,2017-07-04,2017-07-04 13:23:30
13:23:33,13:23:33,8.39,0.02,10,8390,买盘,2017-07-04,2017-07-04 13:23:33
13:23:36,13:23:36,8.37,-0.02,34,28457,卖盘,2017-07-04,2017-07-04 13:23:36
13:23:39,13:23:39,8.37,--,26,21761,卖盘,2017-07-04,2017-07-04 13:23:39
13:23:42,13:23:42,8.38,0.01,15,12570,买盘,2017-07-04,2017-07-04 13:23:42
13:23:45,13:23:45,8.38,--,86,72068,买盘,2017-07-04,2017-07-04 13:23:45
13:23:51,13:23:51,8.38,--,500,419000,买盘,2017-07-04,2017-07-04 13:23:51
13:23:54,13:23:54,8.38,--,70,58660,买盘,2017-07-04,2017-07-04 13:23:54
13:23:57,13:23:57,8.39,0.01,94,78866,买盘,2017-07-04,2017-07-04 13:23:57
13:24:00,13:24:00,8.38,-0.01,64,53632,卖盘,2017-07-04,2017-07-04 13:24:00
13:24:03,13:24:03,8.39,0.01,1,839,买盘,2017-07-04,2017-07-04 13:24:03
13:24:06,13:24:06,8.39,--,413,346507,买盘,2017-07-04,2017-07-04 13:24:06
13:24:09,13:24:09,8.39,--,15,12585,卖盘,2017-07-04,2017-07-04 13:24:09
13:24:12,13:24:12,8.39,--,10,8390,卖盘,2017-07-04,2017-07-04 13:24:12
13:24:15,13:24:15,8.4,0.01,36,30240,买盘,2017-07-04,2017-07-04 13:24:15
13:24:18,13:24:18,8.39,-0.01,193,161927,卖盘,2017-07-04,2017-07-04 13:24:18
13:24:21,13:24:21,8.4,0.01,521,437640,买盘,2017-07-04,2017-07-04 13:24:21
13:24:24,13:24:24,8.4,--,15,12600,买盘,2017-07-04,2017-07-04 13:24:24
13:24:27,13:24:27,8.4,--,43,36120,买盘,2017-07-04,2017-07-04 13:24:27
13:24:30,13:24:30,8.4,--,56,47040,买盘,2017-07-04,2017-07-04 13:24:30
13:24:33,13:24:33,8.4,--,239,200760,卖盘,2017-07-04,2017-07-04 13:24:33
13:24:36,13:24:36,8.4,--,98,82320,卖盘,2017-07-04,2017-07-04 13:24:36
13:24:39,13:24:39,8.4,--,93,78120,卖盘,2017-07-04,2017-07-04 13:24:39
13:24:42,13:24:42,8.39,-0.01,14,11746,卖盘,2017-07-04,2017-07-04 13:24:42
13:24:45,13:24:45,8.39,--,404,338956,卖盘,2017-07-04,2017-07-04 13:24:45
13:24:48,13:24:48,8.4,0.01,59,49560,买盘,2017-07-04,2017-07-04 13:24:48
13:24:51,13:24:51,8.4,--,443,372120,买盘,2017-07-04,2017-07-04 13:24:51
13:24:54,13:24:54,8.4,--,80,67200,卖盘,2017-07-04,2017-07-04 13:24:54
13:24:57,13:24:57,8.4,--,399,335160,卖盘,2017-07-04,2017-07-04 13:24:57
13:25:00,13:25:00,8.43,0.03,1012,853116,买盘,2017-07-04,2017-07-04 13:25:00
13:25:03,13:25:03,8.43,--,267,225081,买盘,2017-07-04,2017-07-04 13:25:03
13:25:06,13:25:06,8.42,-0.01,531,447102,卖盘,2017-07-04,2017-07-04 13:25:06
13:25:09,13:25:09,8.48,0.06,2630,2230452,买盘,2017-07-04,2017-07-04 13:25:09
13:25:12,13:25:12,8.48,--,369,312912,买盘,2017-07-04,2017-07-04 13:25:12
13:25:15,13:25:15,8.49,0.01,651,552699,买盘,2017-07-04,2017-07-04 13:25:15
13:25:18,13:25:18,8.48,-0.01,313,265424,卖盘,2017-07-04,2017-07-04 13:25:18
13:25:21,13:25:21,8.51,0.03,2602,2214302,买盘,2017-07-04,2017-07-04 13:25:21
13:25:24,13:25:24,8.54,0.03,262,223747,买盘,2017-07-04,2017-07-04 13:25:24
13:25:27,13:25:27,8.55,0.01,453,387315,买盘,2017-07-04,2017-07-04 13:25:27
13:25:30,13:25:30,8.54,-0.01,54,46115,中性盘,2017-07-04,2017-07-04 13:25:30
13:25:33,13:25:33,8.54,--,75,64049,买盘,2017-07-04,2017-07-04 13:25:33
13:25:36,13:25:36,8.52,-0.02,504,429408,卖盘,2017-07-04,2017-07-04 13:25:36
13:25:39,13:25:39,8.54,0.02,774,660995,买盘,2017-07-04,2017-07-04 13:25:39
13:25:42,13:25:42,8.53,-0.01,512,436735,中性盘,2017-07-04,2017-07-04 13:25:42
13:25:45,13:25:45,8.52,-0.01,314,267528,卖盘,2017-07-04,2017-07-04 13:25:45
13:25:48,13:25:48,8.52,--,181,154212,买盘,2017-07-04,2017-07-04 13:25:48
13:25:51,13:25:51,8.49,-0.03,367,311583,卖盘,2017-07-04,2017-07-04 13:25:51
13:25:54,13:25:54,8.48,-0.01,416,352768,卖盘,2017-07-04,2017-07-04 13:25:54
13:25:57,13:25:57,8.48,--,132,111936,买盘,2017-07-04,2017-07-04 13:25:57
13:26:00,13:26:00,8.48,--,126,106848,买盘,2017-07-04,2017-07-04 13:26:00
13:26:03,13:26:03,8.48,--,147,124656,买盘,2017-07-04,2017-07-04 13:26:03
13:26:06,13:26:06,8.48,--,58,49184,买盘,2017-07-04,2017-07-04 13:26:06
13:26:09,13:26:09,8.47,-0.01,27,22869,中性盘,2017-07-04,2017-07-04 13:26:09
13:26:12,13:26:12,8.48,0.01,122,103456,买盘,2017-07-04,2017-07-04 13:26:12
13:26:15,13:26:15,8.46,-0.02,72,60912,卖盘,2017-07-04,2017-07-04 13:26:15
13:26:18,13:26:18,8.47,0.01,68,57596,中性盘,2017-07-04,2017-07-04 13:26:18
13:26:21,13:26:21,8.48,0.01,397,336656,买盘,2017-07-04,2017-07-04 13:26:21
13:26:24,13:26:24,8.46,-0.02,97,82062,卖盘,2017-07-04,2017-07-04 13:26:24
13:26:27,13:26:27,8.46,--,70,59220,买盘,2017-07-04,2017-07-04 13:26:27
13:26:30,13:26:30,8.45,-0.01,184,155480,卖盘,2017-07-04,2017-07-04 13:26:30
13:26:33,13:26:33,8.45,--,64,54079,买盘,2017-07-04,2017-07-04 13:26:33
13:26:36,13:26:36,8.45,--,195,164775,买盘,2017-07-04,2017-07-04 13:26:36
13:26:39,13:26:39,8.45,--,180,152100,买盘,2017-07-04,2017-07-04 13:26:39
13:26:42,13:26:42,8.45,--,33,27884,买盘,2017-07-04,2017-07-04 13:26:42
13:26:45,13:26:45,8.46,0.01,193,163278,买盘,2017-07-04,2017-07-04 13:26:45
13:26:48,13:26:48,8.45,-0.01,47,39715,中性盘,2017-07-04,2017-07-04 13:26:48
13:26:51,13:26:51,8.44,-0.01,70,59080,卖盘,2017-07-04,2017-07-04 13:26:51
13:26:54,13:26:54,8.47,0.03,181,153307,买盘,2017-07-04,2017-07-04 13:26:54
13:26:57,13:26:57,8.47,--,43,36421,买盘,2017-07-04,2017-07-04 13:26:57
13:27:00,13:27:00,8.44,-0.03,99,83556,卖盘,2017-07-04,2017-07-04 13:27:00
13:27:03,13:27:03,8.47,0.03,75,63525,买盘,2017-07-04,2017-07-04 13:27:03
13:27:06,13:27:06,8.46,-0.01,55,46530,买盘,2017-07-04,2017-07-04 13:27:06
13:27:09,13:27:09,8.46,--,142,120132,买盘,2017-07-04,2017-07-04 13:27:09
13:27:12,13:27:12,8.45,-0.01,60,50699,卖盘,2017-07-04,2017-07-04 13:27:12
13:27:15,13:27:15,8.45,--,71,59994,买盘,2017-07-04,2017-07-04 13:27:15
13:27:18,13:27:18,8.44,-0.01,99,83556,卖盘,2017-07-04,2017-07-04 13:27:18
13:27:21,13:27:21,8.45,0.01,29,24504,买盘,2017-07-04,2017-07-04 13:27:21
13:27:24,13:27:24,8.44,-0.01,121,102124,卖盘,2017-07-04,2017-07-04 13:27:24
13:27:30,13:27:30,8.44,--,130,109720,卖盘,2017-07-04,2017-07-04 13:27:30
13:27:33,13:27:33,8.45,0.01,350,295750,买盘,2017-07-04,2017-07-04 13:27:33
13:27:36,13:27:36,8.45,--,23,19435,卖盘,2017-07-04,2017-07-04 13:27:36
13:27:39,13:27:39,8.44,-0.01,418,352792,卖盘,2017-07-04,2017-07-04 13:27:39
13:27:42,13:27:42,8.45,0.01,9,7604,买盘,2017-07-04,2017-07-04 13:27:42
13:27:45,13:27:45,8.44,-0.01,114,96216,卖盘,2017-07-04,2017-07-04 13:27:45
13:27:48,13:27:48,8.44,--,148,124911,卖盘,2017-07-04,2017-07-04 13:27:48
13:27:51,13:27:51,8.44,--,15,12660,买盘,2017-07-04,2017-07-04 13:27:51
13:27:54,13:27:54,8.44,--,10,8440,买盘,2017-07-04,2017-07-04 13:27:54
13:28:00,13:28:00,8.44,--,2,1688,买盘,2017-07-04,2017-07-04 13:28:00
13:28:03,13:28:03,8.44,--,300,253199,买盘,2017-07-04,2017-07-04 13:28:03
13:28:06,13:28:06,8.44,--,114,96216,买盘,2017-07-04,2017-07-04 13:28:06
13:28:09,13:28:09,8.43,-0.01,52,43836,卖盘,2017-07-04,2017-07-04 13:28:09
13:28:12,13:28:12,8.43,--,137,115491,卖盘,2017-07-04,2017-07-04 13:28:12
13:28:15,13:28:15,8.44,0.01,24,20256,中性盘,2017-07-04,2017-07-04 13:28:15
13:28:18,13:28:18,8.44,--,26,21944,卖盘,2017-07-04,2017-07-04 13:28:18
13:28:21,13:28:21,8.45,0.01,102,86190,买盘,2017-07-04,2017-07-04 13:28:21
13:28:24,13:28:24,8.44,-0.01,85,71740,卖盘,2017-07-04,2017-07-04 13:28:24
13:28:27,13:28:27,8.44,--,40,33760,卖盘,2017-07-04,2017-07-04 13:28:27
13:28:30,13:28:30,8.45,0.01,104,87879,买盘,2017-07-04,2017-07-04 13:28:30
13:28:33,13:28:33,8.44,-0.01,10,8440,卖盘,2017-07-04,2017-07-04 13:28:33
13:28:36,13:28:36,8.45,0.01,53,44784,买盘,2017-07-04,2017-07-04 13:28:36
13:28:39,13:28:39,8.44,-0.01,288,243072,卖盘,2017-07-04,2017-07-04 13:28:39
13:28:42,13:28:42,8.44,--,16,13504,买盘,2017-07-04,2017-07-04 13:28:42
13:28:45,13:28:45,8.44,--,7,5908,买盘,2017-07-04,2017-07-04 13:28:45
13:28:48,13:28:48,8.43,-0.01,8,6744,卖盘,2017-07-04,2017-07-04 13:28:48
13:28:51,13:28:51,8.44,0.01,54,45576,买盘,2017-07-04,2017-07-04 13:28:51
13:28:57,13:28:57,8.44,--,25,21100,买盘,2017-07-04,2017-07-04 13:28:57
13:29:00,13:29:00,8.43,-0.01,29,24447,卖盘,2017-07-04,2017-07-04 13:29:00
13:29:03,13:29:03,8.43,--,118,99474,卖盘,2017-07-04,2017-07-04 13:29:03
13:29:06,13:29:06,8.43,--,18,15174,买盘,2017-07-04,2017-07-04 13:29:06
13:29:09,13:29:09,8.42,-0.01,449,378058,卖盘,2017-07-04,2017-07-04 13:29:09
13:29:12,13:29:12,8.43,0.01,66,55638,中性盘,2017-07-04,2017-07-04 13:29:12
13:29:15,13:29:15,8.42,-0.01,64,53888,卖盘,2017-07-04,2017-07-04 13:29:15
13:29:21,13:29:21,8.41,-0.01,91,76531,卖盘,2017-07-04,2017-07-04 13:29:21
13:29:24,13:29:24,8.43,0.02,42,35406,买盘,2017-07-04,2017-07-04 13:29:24
13:29:27,13:29:27,8.43,--,70,59010,买盘,2017-07-04,2017-07-04 13:29:27
13:29:33,13:29:33,8.43,--,11,9273,买盘,2017-07-04,2017-07-04 13:29:33
13:29:36,13:29:36,8.43,--,11,9273,买盘,2017-07-04,2017-07-04 13:29:36
13:29:39,13:29:39,8.43,--,25,21075,买盘,2017-07-04,2017-07-04 13:29:39
13:29:42,13:29:42,8.41,-0.02,40,33640,卖盘,2017-07-04,2017-07-04 13:29:42
13:29:45,13:29:45,8.43,0.02,550,463650,买盘,2017-07-04,2017-07-04 13:29:45
13:29:48,13:29:48,8.43,--,1,843,卖盘,2017-07-04,2017-07-04 13:29:48
13:29:51,13:29:51,8.43,--,55,46365,卖盘,2017-07-04,2017-07-04 13:29:51
13:29:54,13:29:54,8.43,--,40,33720,卖盘,2017-07-04,2017-07-04 13:29:54
13:29:57,13:29:57,8.43,--,5,4215,卖盘,2017-07-04,2017-07-04 13:29:57
13:30:00,13:30:00,8.43,--,24,20232,卖盘,2017-07-04,2017-07-04 13:30:00
13:30:03,13:30:03,8.43,--,64,53952,卖盘,2017-07-04,2017-07-04 13:30:03
13:30:06,13:30:06,8.44,0.01,15,12660,买盘,2017-07-04,2017-07-04 13:30:06
13:30:09,13:30:09,8.43,-0.01,95,80085,卖盘,2017-07-04,2017-07-04 13:30:09
13:30:12,13:30:12,8.43,--,7,5901,卖盘,2017-07-04,2017-07-04 13:30:12
13:30:15,13:30:15,8.44,0.01,17,14348,买盘,2017-07-04,2017-07-04 13:30:15
13:30:18,13:30:18,8.44,--,71,59924,买盘,2017-07-04,2017-07-04 13:30:18
13:30:21,13:30:21,8.44,--,101,85244,买盘,2017-07-04,2017-07-04 13:30:21
13:30:24,13:30:24,8.44,--,173,146012,买盘,2017-07-04,2017-07-04 13:30:24
13:30:27,13:30:27,8.45,0.01,488,412359,买盘,2017-07-04,2017-07-04 13:30:27
13:30:30,13:30:30,8.44,-0.01,65,54860,卖盘,2017-07-04,2017-07-04 13:30:30
13:30:33,13:30:33,8.44,--,26,21944,卖盘,2017-07-04,2017-07-04 13:30:33
13:30:36,13:30:36,8.45,0.01,27,22814,买盘,2017-07-04,2017-07-04 13:30:36
13:30:39,13:30:39,8.44,-0.01,49,41356,卖盘,2017-07-04,2017-07-04 13:30:39
13:30:42,13:30:42,8.44,--,113,95372,卖盘,2017-07-04,2017-07-04 13:30:42
13:30:45,13:30:45,8.44,--,25,21100,买盘,2017-07-04,2017-07-04 13:30:45
13:30:48,13:30:48,8.45,0.01,281,237444,买盘,2017-07-04,2017-07-04 13:30:48
13:30:51,13:30:51,8.44,-0.01,78,65832,中性盘,2017-07-04,2017-07-04 13:30:51
13:30:54,13:30:54,8.45,0.01,27,22814,买盘,2017-07-04,2017-07-04 13:30:54
13:30:57,13:30:57,8.45,--,220,185899,买盘,2017-07-04,2017-07-04 13:30:57
13:31:00,13:31:00,8.45,--,12,10140,中性盘,2017-07-04,2017-07-04 13:31:00
13:31:03,13:31:03,8.45,--,60,50699,卖盘,2017-07-04,2017-07-04 13:31:03
13:31:06,13:31:06,8.46,0.01,21,17766,买盘,2017-07-04,2017-07-04 13:31:06
13:31:09,13:31:09,8.45,-0.01,14,11829,卖盘,2017-07-04,2017-07-04 13:31:09
13:31:12,13:31:12,8.45,--,148,125059,卖盘,2017-07-04,2017-07-04 13:31:12
13:31:15,13:31:15,8.45,--,271,228994,买盘,2017-07-04,2017-07-04 13:31:15
13:31:18,13:31:18,8.45,--,14,11914,卖盘,2017-07-04,2017-07-04 13:31:18
13:31:21,13:31:21,8.45,--,167,141875,卖盘,2017-07-04,2017-07-04 13:31:21
13:31:24,13:31:24,8.45,--,142,120074,买盘,2017-07-04,2017-07-04 13:31:24
13:31:27,13:31:27,8.45,--,118,99709,卖盘,2017-07-04,2017-07-04 13:31:27
13:31:30,13:31:30,8.46,0.01,165,139590,买盘,2017-07-04,2017-07-04 13:31:30
13:31:33,13:31:33,8.45,-0.01,158,133510,卖盘,2017-07-04,2017-07-04 13:31:33
13:31:36,13:31:36,8.45,--,101,85345,卖盘,2017-07-04,2017-07-04 13:31:36
13:31:39,13:31:39,8.46,0.01,3,2538,买盘,2017-07-04,2017-07-04 13:31:39
13:31:42,13:31:42,8.46,--,140,118440,买盘,2017-07-04,2017-07-04 13:31:42
13:31:45,13:31:45,8.45,-0.01,223,188434,卖盘,2017-07-04,2017-07-04 13:31:45
13:31:48,13:31:48,8.45,--,99,83655,卖盘,2017-07-04,2017-07-04 13:31:48
13:31:51,13:31:51,8.45,--,307,260175,卖盘,2017-07-04,2017-07-04 13:31:51
13:31:54,13:31:54,8.46,0.01,51,43146,买盘,2017-07-04,2017-07-04 13:31:54
13:32:00,13:32:00,8.45,-0.01,35,29574,中性盘,2017-07-04,2017-07-04 13:32:00
13:32:03,13:32:03,8.45,--,318,268710,卖盘,2017-07-04,2017-07-04 13:32:03
13:32:06,13:32:06,8.45,--,65,54924,买盘,2017-07-04,2017-07-04 13:32:06
13:32:09,13:32:09,8.45,--,28,23659,买盘,2017-07-04,2017-07-04 13:32:09
13:32:12,13:32:12,8.45,--,24,20280,买盘,2017-07-04,2017-07-04 13:32:12
13:32:15,13:32:15,8.45,--,144,121679,买盘,2017-07-04,2017-07-04 13:32:15
13:32:18,13:32:18,8.44,-0.01,133,112252,卖盘,2017-07-04,2017-07-04 13:32:18
13:32:21,13:32:21,8.45,0.01,82,69290,买盘,2017-07-04,2017-07-04 13:32:21
13:32:24,13:32:24,8.44,-0.01,44,37136,卖盘,2017-07-04,2017-07-04 13:32:24
13:32:27,13:32:27,8.44,--,85,71740,卖盘,2017-07-04,2017-07-04 13:32:27
13:32:30,13:32:30,8.44,--,446,376424,卖盘,2017-07-04,2017-07-04 13:32:30
13:32:36,13:32:36,8.44,--,45,37980,买盘,2017-07-04,2017-07-04 13:32:36
13:32:39,13:32:39,8.43,-0.01,127,107061,卖盘,2017-07-04,2017-07-04 13:32:39
13:32:42,13:32:42,8.44,0.01,249,210156,买盘,2017-07-04,2017-07-04 13:32:42
13:32:48,13:32:48,8.42,-0.02,7,5894,卖盘,2017-07-04,2017-07-04 13:32:48
13:32:51,13:32:51,8.42,--,70,58940,卖盘,2017-07-04,2017-07-04 13:32:51
13:32:54,13:32:54,8.41,-0.01,125,105125,卖盘,2017-07-04,2017-07-04 13:32:54
13:32:57,13:32:57,8.43,0.02,40,33720,买盘,2017-07-04,2017-07-04 13:32:57
13:33:00,13:33:00,8.42,-0.01,2,1684,买盘,2017-07-04,2017-07-04 13:33:00
13:33:03,13:33:03,8.41,-0.01,16,13456,卖盘,2017-07-04,2017-07-04 13:33:03
13:33:06,13:33:06,8.41,--,20,16820,卖盘,2017-07-04,2017-07-04 13:33:06
13:33:09,13:33:09,8.42,0.01,158,133036,买盘,2017-07-04,2017-07-04 13:33:09
13:33:12,13:33:12,8.42,--,13,10946,卖盘,2017-07-04,2017-07-04 13:33:12
13:33:15,13:33:15,8.42,--,75,63150,卖盘,2017-07-04,2017-07-04 13:33:15
13:33:18,13:33:18,8.42,--,20,16840,卖盘,2017-07-04,2017-07-04 13:33:18
13:33:21,13:33:21,8.43,0.01,26,21918,买盘,2017-07-04,2017-07-04 13:33:21
13:33:24,13:33:24,8.42,-0.01,146,122932,卖盘,2017-07-04,2017-07-04 13:33:24
13:33:27,13:33:27,8.42,--,500,421000,卖盘,2017-07-04,2017-07-04 13:33:27
13:33:33,13:33:33,8.43,0.01,23,19389,买盘,2017-07-04,2017-07-04 13:33:33
13:33:36,13:33:36,8.42,-0.01,44,37048,卖盘,2017-07-04,2017-07-04 13:33:36
13:33:39,13:33:39,8.42,--,173,145666,卖盘,2017-07-04,2017-07-04 13:33:39
13:33:42,13:33:42,8.42,--,23,19366,买盘,2017-07-04,2017-07-04 13:33:42
13:33:48,13:33:48,8.41,-0.01,29,24389,卖盘,2017-07-04,2017-07-04 13:33:48
13:33:51,13:33:51,8.42,0.01,64,53888,买盘,2017-07-04,2017-07-04 13:33:51
13:33:57,13:33:57,8.42,--,23,19366,买盘,2017-07-04,2017-07-04 13:33:57
13:34:00,13:34:00,8.42,--,137,115354,买盘,2017-07-04,2017-07-04 13:34:00
13:34:06,13:34:06,8.41,-0.01,64,53824,卖盘,2017-07-04,2017-07-04 13:34:06
13:34:09,13:34:09,8.41,--,14,11774,买盘,2017-07-04,2017-07-04 13:34:09
13:34:12,13:34:12,8.41,--,20,16820,买盘,2017-07-04,2017-07-04 13:34:12
13:34:18,13:34:18,8.4,-0.01,5,4200,卖盘,2017-07-04,2017-07-04 13:34:18
13:34:21,13:34:21,8.4,--,72,60480,卖盘,2017-07-04,2017-07-04 13:34:21
13:34:24,13:34:24,8.4,--,22,18480,卖盘,2017-07-04,2017-07-04 13:34:24
13:34:27,13:34:27,8.4,--,100,84000,卖盘,2017-07-04,2017-07-04 13:34:27
13:34:30,13:34:30,8.4,--,237,199080,卖盘,2017-07-04,2017-07-04 13:34:30
13:34:36,13:34:36,8.4,--,130,109200,买盘,2017-07-04,2017-07-04 13:34:36
13:34:39,13:34:39,8.4,--,81,68040,买盘,2017-07-04,2017-07-04 13:34:39
13:34:45,13:34:45,8.39,-0.01,160,134240,卖盘,2017-07-04,2017-07-04 13:34:45
13:34:48,13:34:48,8.4,0.01,107,89880,买盘,2017-07-04,2017-07-04 13:34:48
13:34:51,13:34:51,8.4,--,102,85680,买盘,2017-07-04,2017-07-04 13:34:51
13:34:54,13:34:54,8.4,--,307,257880,买盘,2017-07-04,2017-07-04 13:34:54
13:34:57,13:34:57,8.4,--,24,20160,卖盘,2017-07-04,2017-07-04 13:34:57
13:35:03,13:35:03,8.4,--,42,35280,卖盘,2017-07-04,2017-07-04 13:35:03
13:35:06,13:35:06,8.4,--,30,25200,卖盘,2017-07-04,2017-07-04 13:35:06
13:35:09,13:35:09,8.41,0.01,66,55506,买盘,2017-07-04,2017-07-04 13:35:09
13:35:12,13:35:12,8.4,-0.01,58,48720,卖盘,2017-07-04,2017-07-04 13:35:12
13:35:15,13:35:15,8.41,0.01,53,44573,买盘,2017-07-04,2017-07-04 13:35:15
13:35:18,13:35:18,8.4,-0.01,199,167160,卖盘,2017-07-04,2017-07-04 13:35:18
13:35:24,13:35:24,8.41,0.01,330,277530,买盘,2017-07-04,2017-07-04 13:35:24
13:35:36,13:35:36,8.41,--,121,101761,买盘,2017-07-04,2017-07-04 13:35:36
13:35:39,13:35:39,8.4,-0.01,10,8400,卖盘,2017-07-04,2017-07-04 13:35:39
13:35:42,13:35:42,8.41,0.01,5,4205,买盘,2017-07-04,2017-07-04 13:35:42
13:35:45,13:35:45,8.41,--,15,12615,买盘,2017-07-04,2017-07-04 13:35:45
13:35:48,13:35:48,8.4,-0.01,14,11760,卖盘,2017-07-04,2017-07-04 13:35:48
13:35:51,13:35:51,8.4,--,100,84000,卖盘,2017-07-04,2017-07-04 13:35:51
13:35:57,13:35:57,8.4,--,179,150360,买盘,2017-07-04,2017-07-04 13:35:57
13:36:00,13:36:00,8.4,--,94,78960,买盘,2017-07-04,2017-07-04 13:36:00
13:36:03,13:36:03,8.4,--,4,3360,买盘,2017-07-04,2017-07-04 13:36:03
13:36:06,13:36:06,8.39,-0.01,117,98163,卖盘,2017-07-04,2017-07-04 13:36:06
13:36:15,13:36:15,8.4,0.01,60,50400,买盘,2017-07-04,2017-07-04 13:36:15
13:36:18,13:36:18,8.4,--,35,29400,买盘,2017-07-04,2017-07-04 13:36:18
13:36:21,13:36:21,8.4,--,23,19320,卖盘,2017-07-04,2017-07-04 13:36:21
13:36:27,13:36:27,8.41,0.01,6,5046,买盘,2017-07-04,2017-07-04 13:36:27
13:36:30,13:36:30,8.4,-0.01,10,8400,卖盘,2017-07-04,2017-07-04 13:36:30
13:36:33,13:36:33,8.4,--,4,3360,卖盘,2017-07-04,2017-07-04 13:36:33
13:36:36,13:36:36,8.41,0.01,21,17661,买盘,2017-07-04,2017-07-04 13:36:36
13:36:42,13:36:42,8.41,--,14,11774,买盘,2017-07-04,2017-07-04 13:36:42
13:36:45,13:36:45,8.4,-0.01,365,306600,卖盘,2017-07-04,2017-07-04 13:36:45
13:36:48,13:36:48,8.41,0.01,14,11774,买盘,2017-07-04,2017-07-04 13:36:48
13:36:51,13:36:51,8.4,-0.01,2,1680,卖盘,2017-07-04,2017-07-04 13:36:51
13:36:54,13:36:54,8.4,--,128,107520,卖盘,2017-07-04,2017-07-04 13:36:54
13:36:57,13:36:57,8.4,--,287,241080,卖盘,2017-07-04,2017-07-04 13:36:57
13:37:03,13:37:03,8.4,--,5,4200,买盘,2017-07-04,2017-07-04 13:37:03
13:37:06,13:37:06,8.4,--,84,70560,买盘,2017-07-04,2017-07-04 13:37:06
13:37:15,13:37:15,8.4,--,16,13440,卖盘,2017-07-04,2017-07-04 13:37:15
13:37:18,13:37:18,8.41,0.01,8,6728,买盘,2017-07-04,2017-07-04 13:37:18
13:37:21,13:37:21,8.4,-0.01,6,5040,卖盘,2017-07-04,2017-07-04 13:37:21
13:37:24,13:37:24,8.4,--,106,89040,卖盘,2017-07-04,2017-07-04 13:37:24
13:37:27,13:37:27,8.4,--,20,16800,买盘,2017-07-04,2017-07-04 13:37:27
13:37:30,13:37:30,8.4,--,7,5880,买盘,2017-07-04,2017-07-04 13:37:30
13:37:33,13:37:33,8.4,--,60,50400,买盘,2017-07-04,2017-07-04 13:37:33
13:37:39,13:37:39,8.39,-0.01,66,55374,卖盘,2017-07-04,2017-07-04 13:37:39
13:37:42,13:37:42,8.4,0.01,6,5040,买盘,2017-07-04,2017-07-04 13:37:42
13:37:48,13:37:48,8.39,-0.01,24,20136,卖盘,2017-07-04,2017-07-04 13:37:48
13:37:51,13:37:51,8.39,--,20,16780,卖盘,2017-07-04,2017-07-04 13:37:51
13:37:57,13:37:57,8.4,0.01,10,8400,买盘,2017-07-04,2017-07-04 13:37:57
13:38:03,13:38:03,8.4,--,156,131040,买盘,2017-07-04,2017-07-04 13:38:03
13:38:06,13:38:06,8.4,--,10,8400,买盘,2017-07-04,2017-07-04 13:38:06
13:38:09,13:38:09,8.4,--,20,16800,买盘,2017-07-04,2017-07-04 13:38:09
13:38:12,13:38:12,8.39,-0.01,15,12585,卖盘,2017-07-04,2017-07-04 13:38:12
13:38:24,13:38:24,8.39,--,1,839,卖盘,2017-07-04,2017-07-04 13:38:24
13:38:30,13:38:30,8.39,--,6,5034,卖盘,2017-07-04,2017-07-04 13:38:30
13:38:33,13:38:33,8.39,--,86,72154,卖盘,2017-07-04,2017-07-04 13:38:33
13:38:39,13:38:39,8.4,0.01,136,114240,买盘,2017-07-04,2017-07-04 13:38:39
13:38:42,13:38:42,8.39,-0.01,11,9229,卖盘,2017-07-04,2017-07-04 13:38:42
13:38:45,13:38:45,8.4,0.01,60,50400,买盘,2017-07-04,2017-07-04 13:38:45
13:38:54,13:38:54,8.39,-0.01,1,839,卖盘,2017-07-04,2017-07-04 13:38:54
13:39:00,13:39:00,8.4,0.01,6,5040,买盘,2017-07-04,2017-07-04 13:39:00
13:39:03,13:39:03,8.4,--,132,110880,买盘,2017-07-04,2017-07-04 13:39:03
13:39:06,13:39:06,8.4,--,9,7560,卖盘,2017-07-04,2017-07-04 13:39:06
13:39:09,13:39:09,8.4,--,10,8400,卖盘,2017-07-04,2017-07-04 13:39:09
13:39:15,13:39:15,8.4,--,2,1680,卖盘,2017-07-04,2017-07-04 13:39:15
13:39:18,13:39:18,8.4,--,20,16800,卖盘,2017-07-04,2017-07-04 13:39:18
13:39:21,13:39:21,8.41,0.01,3,2523,买盘,2017-07-04,2017-07-04 13:39:21
13:39:24,13:39:24,8.4,-0.01,60,50400,卖盘,2017-07-04,2017-07-04 13:39:24
13:39:27,13:39:27,8.4,--,2,1680,卖盘,2017-07-04,2017-07-04 13:39:27
13:39:30,13:39:30,8.4,--,22,18480,卖盘,2017-07-04,2017-07-04 13:39:30
13:39:33,13:39:33,8.41,0.01,20,16820,买盘,2017-07-04,2017-07-04 13:39:33
13:39:36,13:39:36,8.41,--,40,33640,买盘,2017-07-04,2017-07-04 13:39:36
13:39:39,13:39:39,8.4,-0.01,13,10920,卖盘,2017-07-04,2017-07-04 13:39:39
13:39:42,13:39:42,8.41,0.01,31,26071,买盘,2017-07-04,2017-07-04 13:39:42
13:39:45,13:39:45,8.41,--,20,16820,买盘,2017-07-04,2017-07-04 13:39:45
13:39:48,13:39:48,8.42,0.01,80,67360,买盘,2017-07-04,2017-07-04 13:39:48
13:39:51,13:39:51,8.4,-0.02,6,5040,卖盘,2017-07-04,2017-07-04 13:39:51
13:39:57,13:39:57,8.42,0.02,120,101040,买盘,2017-07-04,2017-07-04 13:39:57
13:40:00,13:40:00,8.42,--,152,127984,买盘,2017-07-04,2017-07-04 13:40:00
13:40:03,13:40:03,8.43,0.01,311,262173,买盘,2017-07-04,2017-07-04 13:40:03
13:40:06,13:40:06,8.43,--,80,67440,买盘,2017-07-04,2017-07-04 13:40:06
13:40:09,13:40:09,8.42,-0.01,45,37890,卖盘,2017-07-04,2017-07-04 13:40:09
13:40:12,13:40:12,8.44,0.02,40,33760,买盘,2017-07-04,2017-07-04 13:40:12
13:40:15,13:40:15,8.44,--,46,38824,买盘,2017-07-04,2017-07-04 13:40:15
13:40:18,13:40:18,8.44,--,59,49796,卖盘,2017-07-04,2017-07-04 13:40:18
13:40:21,13:40:21,8.44,--,90,75960,卖盘,2017-07-04,2017-07-04 13:40:21
13:40:24,13:40:24,8.44,--,9,7596,卖盘,2017-07-04,2017-07-04 13:40:24
13:40:27,13:40:27,8.44,--,76,64143,买盘,2017-07-04,2017-07-04 13:40:27
13:40:30,13:40:30,8.44,--,2,1688,买盘,2017-07-04,2017-07-04 13:40:30
13:40:33,13:40:33,8.44,--,45,37980,买盘,2017-07-04,2017-07-04 13:40:33
13:40:36,13:40:36,8.44,--,40,33760,买盘,2017-07-04,2017-07-04 13:40:36
13:40:42,13:40:42,8.42,-0.02,109,91778,卖盘,2017-07-04,2017-07-04 13:40:42
13:40:45,13:40:45,8.44,0.02,284,239696,买盘,2017-07-04,2017-07-04 13:40:45
13:40:48,13:40:48,8.44,--,45,37980,卖盘,2017-07-04,2017-07-04 13:40:48
13:40:51,13:40:51,8.44,--,108,91152,卖盘,2017-07-04,2017-07-04 13:40:51
13:40:54,13:40:54,8.45,0.01,40,33800,买盘,2017-07-04,2017-07-04 13:40:54
13:40:57,13:40:57,8.44,-0.01,64,54016,卖盘,2017-07-04,2017-07-04 13:40:57
13:41:00,13:41:00,8.44,--,98,82712,买盘,2017-07-04,2017-07-04 13:41:00
13:41:06,13:41:06,8.45,0.01,198,167310,买盘,2017-07-04,2017-07-04 13:41:06
13:41:09,13:41:09,8.44,-0.01,3,2532,买盘,2017-07-04,2017-07-04 13:41:09
13:41:15,13:41:15,8.42,-0.02,111,93462,卖盘,2017-07-04,2017-07-04 13:41:15
13:41:18,13:41:18,8.42,--,299,251758,卖盘,2017-07-04,2017-07-04 13:41:18
13:41:21,13:41:21,8.42,--,1,842,买盘,2017-07-04,2017-07-04 13:41:21
13:41:27,13:41:27,8.42,--,37,31154,买盘,2017-07-04,2017-07-04 13:41:27
13:41:30,13:41:30,8.42,--,30,25260,买盘,2017-07-04,2017-07-04 13:41:30
13:41:36,13:41:36,8.41,-0.01,10,8410,卖盘,2017-07-04,2017-07-04 13:41:36
13:41:39,13:41:39,8.42,0.01,144,121248,买盘,2017-07-04,2017-07-04 13:41:39
13:41:42,13:41:42,8.42,--,10,8420,卖盘,2017-07-04,2017-07-04 13:41:42
13:41:45,13:41:45,8.42,--,97,81674,卖盘,2017-07-04,2017-07-04 13:41:45
13:41:48,13:41:48,8.42,--,20,16840,卖盘,2017-07-04,2017-07-04 13:41:48
13:41:51,13:41:51,8.42,--,3,2526,卖盘,2017-07-04,2017-07-04 13:41:51
13:41:54,13:41:54,8.42,--,10,8420,卖盘,2017-07-04,2017-07-04 13:41:54
13:41:57,13:41:57,8.42,--,10,8420,卖盘,2017-07-04,2017-07-04 13:41:57
13:42:06,13:42:06,8.43,0.01,97,81771,买盘,2017-07-04,2017-07-04 13:42:06
13:42:09,13:42:09,8.42,-0.01,5,4210,卖盘,2017-07-04,2017-07-04 13:42:09
13:42:12,13:42:12,8.42,--,200,168400,卖盘,2017-07-04,2017-07-04 13:42:12
13:42:15,13:42:15,8.43,0.01,5,4215,买盘,2017-07-04,2017-07-04 13:42:15
13:42:18,13:42:18,8.43,--,1,843,买盘,2017-07-04,2017-07-04 13:42:18
13:42:27,13:42:27,8.42,-0.01,22,18524,卖盘,2017-07-04,2017-07-04 13:42:27
13:42:30,13:42:30,8.43,0.01,18,15174,买盘,2017-07-04,2017-07-04 13:42:30
13:42:33,13:42:33,8.43,--,10,8430,买盘,2017-07-04,2017-07-04 13:42:33
13:42:39,13:42:39,8.43,--,77,64911,买盘,2017-07-04,2017-07-04 13:42:39
13:42:42,13:42:42,8.43,--,7,5901,卖盘,2017-07-04,2017-07-04 13:42:42
13:42:45,13:42:45,8.42,-0.01,16,13472,卖盘,2017-07-04,2017-07-04 13:42:45
13:42:48,13:42:48,8.43,0.01,11,9273,买盘,2017-07-04,2017-07-04 13:42:48
13:42:51,13:42:51,8.43,--,2,1686,买盘,2017-07-04,2017-07-04 13:42:51
13:43:00,13:43:00,8.43,--,1,843,卖盘,2017-07-04,2017-07-04 13:43:00
13:43:06,13:43:06,8.43,--,20,16860,卖盘,2017-07-04,2017-07-04 13:43:06
13:43:09,13:43:09,8.43,--,26,21918,卖盘,2017-07-04,2017-07-04 13:43:09
13:43:12,13:43:12,8.43,--,2,1686,卖盘,2017-07-04,2017-07-04 13:43:12
13:43:15,13:43:15,8.43,--,7,5901,卖盘,2017-07-04,2017-07-04 13:43:15
13:43:18,13:43:18,8.43,--,5,4215,买盘,2017-07-04,2017-07-04 13:43:18
13:43:21,13:43:21,8.42,-0.01,200,168400,卖盘,2017-07-04,2017-07-04 13:43:21
13:43:24,13:43:24,8.42,--,18,15156,卖盘,2017-07-04,2017-07-04 13:43:24
13:43:36,13:43:36,8.42,--,10,8420,卖盘,2017-07-04,2017-07-04 13:43:36
13:43:39,13:43:39,8.44,0.02,158,133352,买盘,2017-07-04,2017-07-04 13:43:39
13:43:42,13:43:42,8.43,-0.01,23,19389,卖盘,2017-07-04,2017-07-04 13:43:42
13:43:45,13:43:45,8.43,--,32,26976,卖盘,2017-07-04,2017-07-04 13:43:45
13:43:54,13:43:54,8.44,0.01,303,255731,买盘,2017-07-04,2017-07-04 13:43:54
13:43:57,13:43:57,8.44,--,45,37980,买盘,2017-07-04,2017-07-04 13:43:57
13:44:00,13:44:00,8.44,--,11,9284,卖盘,2017-07-04,2017-07-04 13:44:00
13:44:03,13:44:03,8.45,0.01,43,36335,买盘,2017-07-04,2017-07-04 13:44:03
13:44:06,13:44:06,8.45,--,18,15209,买盘,2017-07-04,2017-07-04 13:44:06
13:44:09,13:44:09,8.45,--,142,119989,买盘,2017-07-04,2017-07-04 13:44:09
13:44:12,13:44:12,8.44,-0.01,70,59080,卖盘,2017-07-04,2017-07-04 13:44:12
13:44:15,13:44:15,8.44,--,30,25320,买盘,2017-07-04,2017-07-04 13:44:15
13:44:18,13:44:18,8.45,0.01,34,28729,买盘,2017-07-04,2017-07-04 13:44:18
13:44:21,13:44:21,8.45,--,433,365884,买盘,2017-07-04,2017-07-04 13:44:21
13:44:27,13:44:27,8.45,--,61,51544,买盘,2017-07-04,2017-07-04 13:44:27
13:44:30,13:44:30,8.45,--,24,20280,买盘,2017-07-04,2017-07-04 13:44:30
13:44:33,13:44:33,8.44,-0.01,40,33760,卖盘,2017-07-04,2017-07-04 13:44:33
13:44:36,13:44:36,8.45,0.01,113,95484,买盘,2017-07-04,2017-07-04 13:44:36
13:44:39,13:44:39,8.45,--,28,23659,买盘,2017-07-04,2017-07-04 13:44:39
13:44:42,13:44:42,8.46,0.01,1,846,买盘,2017-07-04,2017-07-04 13:44:42
13:44:45,13:44:45,8.45,-0.01,145,122524,卖盘,2017-07-04,2017-07-04 13:44:45
13:44:48,13:44:48,8.46,0.01,70,59220,买盘,2017-07-04,2017-07-04 13:44:48
13:44:51,13:44:51,8.46,--,51,43146,买盘,2017-07-04,2017-07-04 13:44:51
13:44:54,13:44:54,8.46,--,40,33840,买盘,2017-07-04,2017-07-04 13:44:54
13:44:57,13:44:57,8.45,-0.01,140,118299,卖盘,2017-07-04,2017-07-04 13:44:57
13:45:00,13:45:00,8.45,--,38,32109,卖盘,2017-07-04,2017-07-04 13:45:00
13:45:03,13:45:03,8.45,--,69,58304,卖盘,2017-07-04,2017-07-04 13:45:03
13:45:06,13:45:06,8.45,--,10,8450,买盘,2017-07-04,2017-07-04 13:45:06
13:45:09,13:45:09,8.44,-0.01,63,53172,卖盘,2017-07-04,2017-07-04 13:45:09
13:45:12,13:45:12,8.45,0.01,50,42250,买盘,2017-07-04,2017-07-04 13:45:12
13:45:15,13:45:15,8.45,--,15,12674,买盘,2017-07-04,2017-07-04 13:45:15
13:45:18,13:45:18,8.46,0.01,122,103212,买盘,2017-07-04,2017-07-04 13:45:18
13:45:21,13:45:21,8.45,-0.01,39,32955,买盘,2017-07-04,2017-07-04 13:45:21
13:45:24,13:45:24,8.44,-0.01,10,8440,卖盘,2017-07-04,2017-07-04 13:45:24
13:45:27,13:45:27,8.45,0.01,92,77740,买盘,2017-07-04,2017-07-04 13:45:27
13:45:30,13:45:30,8.45,--,21,17745,买盘,2017-07-04,2017-07-04 13:45:30
13:45:33,13:45:33,8.45,--,4,3379,买盘,2017-07-04,2017-07-04 13:45:33
13:45:36,13:45:36,8.44,-0.01,25,21100,卖盘,2017-07-04,2017-07-04 13:45:36
13:45:45,13:45:45,8.44,--,36,30384,卖盘,2017-07-04,2017-07-04 13:45:45
13:45:48,13:45:48,8.44,--,235,198340,卖盘,2017-07-04,2017-07-04 13:45:48
13:45:51,13:45:51,8.45,0.01,17,14364,买盘,2017-07-04,2017-07-04 13:45:51
13:45:54,13:45:54,8.45,--,3,2535,买盘,2017-07-04,2017-07-04 13:45:54
13:46:00,13:46:00,8.45,--,108,91259,买盘,2017-07-04,2017-07-04 13:46:00
13:46:03,13:46:03,8.45,--,130,109849,买盘,2017-07-04,2017-07-04 13:46:03
13:46:06,13:46:06,8.45,--,133,112384,买盘,2017-07-04,2017-07-04 13:46:06
13:46:12,13:46:12,8.44,-0.01,4,3376,卖盘,2017-07-04,2017-07-04 13:46:12
13:46:15,13:46:15,8.44,--,26,21944,卖盘,2017-07-04,2017-07-04 13:46:15
13:46:18,13:46:18,8.44,--,20,16880,买盘,2017-07-04,2017-07-04 13:46:18
13:46:21,13:46:21,8.44,--,71,59924,买盘,2017-07-04,2017-07-04 13:46:21
13:46:27,13:46:27,8.44,--,14,11816,卖盘,2017-07-04,2017-07-04 13:46:27
13:46:33,13:46:33,8.43,-0.01,21,17703,卖盘,2017-07-04,2017-07-04 13:46:33
13:46:36,13:46:36,8.43,--,20,16860,卖盘,2017-07-04,2017-07-04 13:46:36
13:46:39,13:46:39,8.43,--,4,3372,卖盘,2017-07-04,2017-07-04 13:46:39
13:46:42,13:46:42,8.44,0.01,93,78492,买盘,2017-07-04,2017-07-04 13:46:42
13:46:48,13:46:48,8.43,-0.01,20,16860,卖盘,2017-07-04,2017-07-04 13:46:48
13:46:51,13:46:51,8.43,--,10,8430,卖盘,2017-07-04,2017-07-04 13:46:51
13:46:54,13:46:54,8.43,--,10,8430,卖盘,2017-07-04,2017-07-04 13:46:54
13:47:03,13:47:03,8.43,--,239,201477,卖盘,2017-07-04,2017-07-04 13:47:03
13:47:12,13:47:12,8.42,-0.01,6,5052,卖盘,2017-07-04,2017-07-04 13:47:12
13:47:21,13:47:21,8.42,--,20,16840,卖盘,2017-07-04,2017-07-04 13:47:21
13:47:24,13:47:24,8.43,0.01,7,5901,买盘,2017-07-04,2017-07-04 13:47:24
13:47:30,13:47:30,8.42,-0.01,6,5052,卖盘,2017-07-04,2017-07-04 13:47:30
13:47:33,13:47:33,8.42,--,402,338484,卖盘,2017-07-04,2017-07-04 13:47:33
13:47:36,13:47:36,8.43,0.01,2,1686,买盘,2017-07-04,2017-07-04 13:47:36
13:47:42,13:47:42,8.42,-0.01,25,21050,卖盘,2017-07-04,2017-07-04 13:47:42
13:47:45,13:47:45,8.42,--,39,32838,卖盘,2017-07-04,2017-07-04 13:47:45
13:47:51,13:47:51,8.42,--,5,4210,卖盘,2017-07-04,2017-07-04 13:47:51
13:47:54,13:47:54,8.43,0.01,11,9273,买盘,2017-07-04,2017-07-04 13:47:54
13:47:57,13:47:57,8.42,-0.01,11,9262,卖盘,2017-07-04,2017-07-04 13:47:57
13:48:00,13:48:00,8.42,--,7,5894,卖盘,2017-07-04,2017-07-04 13:48:00
13:48:03,13:48:03,8.42,--,239,201238,卖盘,2017-07-04,2017-07-04 13:48:03
13:48:06,13:48:06,8.42,--,19,15998,买盘,2017-07-04,2017-07-04 13:48:06
13:48:09,13:48:09,8.42,--,70,58940,卖盘,2017-07-04,2017-07-04 13:48:09
13:48:30,13:48:30,8.43,0.01,300,252900,买盘,2017-07-04,2017-07-04 13:48:30
13:48:33,13:48:33,8.41,-0.02,10,8410,卖盘,2017-07-04,2017-07-04 13:48:33
13:48:45,13:48:45,8.42,0.01,20,16840,买盘,2017-07-04,2017-07-04 13:48:45
13:48:48,13:48:48,8.42,--,64,53888,买盘,2017-07-04,2017-07-04 13:48:48
13:48:54,13:48:54,8.42,--,8,6736,卖盘,2017-07-04,2017-07-04 13:48:54
13:49:00,13:49:00,8.42,--,1,842,卖盘,2017-07-04,2017-07-04 13:49:00
13:49:03,13:49:03,8.42,--,15,12630,卖盘,2017-07-04,2017-07-04 13:49:03
13:49:06,13:49:06,8.43,0.01,10,8430,买盘,2017-07-04,2017-07-04 13:49:06
13:49:12,13:49:12,8.42,-0.01,48,40416,卖盘,2017-07-04,2017-07-04 13:49:12
13:49:15,13:49:15,8.42,--,13,10946,买盘,2017-07-04,2017-07-04 13:49:15
13:49:18,13:49:18,8.41,-0.01,31,26071,卖盘,2017-07-04,2017-07-04 13:49:18
13:49:21,13:49:21,8.42,0.01,10,8420,买盘,2017-07-04,2017-07-04 13:49:21
13:49:24,13:49:24,8.41,-0.01,1,841,卖盘,2017-07-04,2017-07-04 13:49:24
13:49:36,13:49:36,8.42,0.01,42,35364,买盘,2017-07-04,2017-07-04 13:49:36
13:49:42,13:49:42,8.42,--,69,58098,卖盘,2017-07-04,2017-07-04 13:49:42
13:49:45,13:49:45,8.41,-0.01,12,10092,卖盘,2017-07-04,2017-07-04 13:49:45
13:49:48,13:49:48,8.43,0.02,25,21075,买盘,2017-07-04,2017-07-04 13:49:48
13:49:54,13:49:54,8.42,-0.01,18,15156,中性盘,2017-07-04,2017-07-04 13:49:54
13:49:57,13:49:57,8.42,--,10,8420,卖盘,2017-07-04,2017-07-04 13:49:57
13:50:00,13:50:00,8.43,0.01,21,17703,买盘,2017-07-04,2017-07-04 13:50:00
13:50:12,13:50:12,8.42,-0.01,10,8420,卖盘,2017-07-04,2017-07-04 13:50:12
13:50:15,13:50:15,8.42,--,97,81674,卖盘,2017-07-04,2017-07-04 13:50:15
13:50:27,13:50:27,8.42,--,11,9262,卖盘,2017-07-04,2017-07-04 13:50:27
13:50:30,13:50:30,8.42,--,5,4210,卖盘,2017-07-04,2017-07-04 13:50:30
13:50:36,13:50:36,8.42,--,1,842,卖盘,2017-07-04,2017-07-04 13:50:36
13:50:39,13:50:39,8.42,--,100,84200,卖盘,2017-07-04,2017-07-04 13:50:39
13:50:45,13:50:45,8.42,--,12,10104,卖盘,2017-07-04,2017-07-04 13:50:45
13:50:48,13:50:48,8.42,--,36,30312,卖盘,2017-07-04,2017-07-04 13:50:48
13:50:57,13:50:57,8.42,--,10,8420,买盘,2017-07-04,2017-07-04 13:50:57
13:51:09,13:51:09,8.42,--,18,15156,买盘,2017-07-04,2017-07-04 13:51:09
13:51:12,13:51:12,8.41,-0.01,27,22707,卖盘,2017-07-04,2017-07-04 13:51:12
13:51:18,13:51:18,8.42,0.01,10,8420,买盘,2017-07-04,2017-07-04 13:51:18
13:51:21,13:51:21,8.41,-0.01,10,8410,卖盘,2017-07-04,2017-07-04 13:51:21
13:51:30,13:51:30,8.42,0.01,8,6736,买盘,2017-07-04,2017-07-04 13:51:30
13:51:33,13:51:33,8.42,--,99,83358,买盘,2017-07-04,2017-07-04 13:51:33
13:51:36,13:51:36,8.42,--,57,47994,卖盘,2017-07-04,2017-07-04 13:51:36
13:51:39,13:51:39,8.43,0.01,4,3372,买盘,2017-07-04,2017-07-04 13:51:39
13:51:45,13:51:45,8.42,-0.01,49,41258,卖盘,2017-07-04,2017-07-04 13:51:45
13:51:48,13:51:48,8.42,--,2,1684,卖盘,2017-07-04,2017-07-04 13:51:48
13:51:51,13:51:51,8.43,0.01,13,10959,买盘,2017-07-04,2017-07-04 13:51:51
