idx_time,time,price,change,volume,amount,type,date,date_time
09:25:03,09:25:03,11.27,11.27,19,21413,买盘,2017-08-10,2017-08-10 09:25:03
09:30:00,09:30:00,11.27,--,0,0,卖盘,2017-08-10,2017-08-10 09:30:00
09:30:03,09:30:03,11.35,0.08,312,354120,买盘,2017-08-10,2017-08-10 09:30:03
09:30:06,09:30:06,11.36,0.01,181,205616,买盘,2017-08-10,2017-08-10 09:30:06
09:30:09,09:30:09,11.36,--,74,84064,卖盘,2017-08-10,2017-08-10 09:30:09
09:30:12,09:30:12,11.37,0.01,23,26151,买盘,2017-08-10,2017-08-10 09:30:12
09:30:15,09:30:15,11.36,-0.01,3,3408,卖盘,2017-08-10,2017-08-10 09:30:15
09:30:18,09:30:18,11.38,0.02,28,31864,买盘,2017-08-10,2017-08-10 09:30:18
09:30:27,09:30:27,11.36,-0.02,15,17040,卖盘,2017-08-10,2017-08-10 09:30:27
09:30:30,09:30:30,11.38,0.02,57,64866,买盘,2017-08-10,2017-08-10 09:30:30
09:30:33,09:30:33,11.37,-0.01,73,83001,卖盘,2017-08-10,2017-08-10 09:30:33
09:30:36,09:30:36,11.37,--,25,28424,买盘,2017-08-10,2017-08-10 09:30:36
09:30:39,09:30:39,11.39,0.02,28,31892,买盘,2017-08-10,2017-08-10 09:30:39
09:30:54,09:30:54,11.39,--,31,35309,买盘,2017-08-10,2017-08-10 09:30:54
09:30:57,09:30:57,11.38,-0.01,12,13656,卖盘,2017-08-10,2017-08-10 09:30:57
09:31:00,09:31:00,11.39,0.01,100,113900,买盘,2017-08-10,2017-08-10 09:31:00
09:31:06,09:31:06,11.38,-0.01,5,5690,卖盘,2017-08-10,2017-08-10 09:31:06
09:31:18,09:31:18,11.37,-0.01,17,19329,卖盘,2017-08-10,2017-08-10 09:31:18
09:31:21,09:31:21,11.37,--,15,17055,卖盘,2017-08-10,2017-08-10 09:31:21
09:31:24,09:31:24,11.37,--,3,3410,卖盘,2017-08-10,2017-08-10 09:31:24
09:31:27,09:31:27,11.37,--,3,3410,买盘,2017-08-10,2017-08-10 09:31:27
09:31:30,09:31:30,11.37,--,19,21603,买盘,2017-08-10,2017-08-10 09:31:30
09:31:33,09:31:33,11.37,--,13,14780,买盘,2017-08-10,2017-08-10 09:31:33
09:31:36,09:31:36,11.37,--,37,42069,买盘,2017-08-10,2017-08-10 09:31:36
09:31:39,09:31:39,11.36,-0.01,53,60208,卖盘,2017-08-10,2017-08-10 09:31:39
09:31:42,09:31:42,11.36,--,5,5680,卖盘,2017-08-10,2017-08-10 09:31:42
09:31:48,09:31:48,11.36,--,5,5680,卖盘,2017-08-10,2017-08-10 09:31:48
09:31:51,09:31:51,11.36,--,2,2272,卖盘,2017-08-10,2017-08-10 09:31:51
09:31:54,09:31:54,11.36,--,5,5680,卖盘,2017-08-10,2017-08-10 09:31:54
09:31:57,09:31:57,11.36,--,8,9088,卖盘,2017-08-10,2017-08-10 09:31:57
09:32:00,09:32:00,11.36,--,5,5680,卖盘,2017-08-10,2017-08-10 09:32:00
09:32:06,09:32:06,11.36,--,12,13632,卖盘,2017-08-10,2017-08-10 09:32:06
09:32:09,09:32:09,11.36,--,55,62480,卖盘,2017-08-10,2017-08-10 09:32:09
09:32:12,09:32:12,11.36,--,352,399872,卖盘,2017-08-10,2017-08-10 09:32:12
09:32:15,09:32:15,11.36,--,51,57936,卖盘,2017-08-10,2017-08-10 09:32:15
09:32:30,09:32:30,11.35,-0.01,10,11350,中性盘,2017-08-10,2017-08-10 09:32:30
09:32:54,09:32:54,11.33,-0.02,5,5665,中性盘,2017-08-10,2017-08-10 09:32:54
09:32:57,09:32:57,11.33,--,6,6798,买盘,2017-08-10,2017-08-10 09:32:57
09:33:00,09:33:00,11.33,--,5,6718,买盘,2017-08-10,2017-08-10 09:33:00
09:33:03,09:33:03,11.33,--,5,5744,卖盘,2017-08-10,2017-08-10 09:33:03
09:33:12,09:33:12,11.32,-0.01,14,16900,买盘,2017-08-10,2017-08-10 09:33:12
09:33:39,09:33:39,11.32,--,14,15927,卖盘,2017-08-10,2017-08-10 09:33:39
09:33:57,09:33:57,11.3,-0.02,8,9040,卖盘,2017-08-10,2017-08-10 09:33:57
09:34:09,09:34:09,11.3,--,2,2260,买盘,2017-08-10,2017-08-10 09:34:09
09:34:15,09:34:15,11.32,0.02,12,13584,买盘,2017-08-10,2017-08-10 09:34:15
09:34:42,09:34:42,11.32,--,4,4528,买盘,2017-08-10,2017-08-10 09:34:42
09:34:51,09:34:51,11.32,--,0,1052,买盘,2017-08-10,2017-08-10 09:34:51
09:34:54,09:34:54,11.32,--,20,22640,卖盘,2017-08-10,2017-08-10 09:34:54
09:34:57,09:34:57,11.33,0.01,12,13596,买盘,2017-08-10,2017-08-10 09:34:57
09:35:06,09:35:06,11.33,--,15,16995,买盘,2017-08-10,2017-08-10 09:35:06
09:35:12,09:35:12,11.33,--,5,5665,买盘,2017-08-10,2017-08-10 09:35:12
09:35:18,09:35:18,11.33,--,45,50985,买盘,2017-08-10,2017-08-10 09:35:18
09:35:21,09:35:21,11.33,--,10,11330,买盘,2017-08-10,2017-08-10 09:35:21
09:35:27,09:35:27,11.32,-0.01,3,3396,卖盘,2017-08-10,2017-08-10 09:35:27
09:35:33,09:35:33,11.33,0.01,2,2266,买盘,2017-08-10,2017-08-10 09:35:33
09:35:36,09:35:36,11.35,0.02,195,221325,买盘,2017-08-10,2017-08-10 09:35:36
09:35:45,09:35:45,11.35,--,11,12485,卖盘,2017-08-10,2017-08-10 09:35:45
09:35:48,09:35:48,11.36,0.01,405,460080,买盘,2017-08-10,2017-08-10 09:35:48
09:36:03,09:36:03,11.36,--,10,11360,买盘,2017-08-10,2017-08-10 09:36:03
09:36:12,09:36:12,11.35,-0.01,5,5675,中性盘,2017-08-10,2017-08-10 09:36:12
09:36:18,09:36:18,11.35,--,5,5675,卖盘,2017-08-10,2017-08-10 09:36:18
09:36:21,09:36:21,11.36,0.01,10,11360,买盘,2017-08-10,2017-08-10 09:36:21
09:36:30,09:36:30,11.36,--,6,6816,买盘,2017-08-10,2017-08-10 09:36:30
09:36:33,09:36:33,11.34,-0.02,3,3402,卖盘,2017-08-10,2017-08-10 09:36:33
09:36:48,09:36:48,11.36,0.02,126,143136,买盘,2017-08-10,2017-08-10 09:36:48
09:36:51,09:36:51,11.36,--,38,43168,卖盘,2017-08-10,2017-08-10 09:36:51
09:36:54,09:36:54,11.36,--,2,2272,卖盘,2017-08-10,2017-08-10 09:36:54
09:37:06,09:37:06,11.37,0.01,40,45480,买盘,2017-08-10,2017-08-10 09:37:06
09:37:15,09:37:15,11.37,--,2,2274,卖盘,2017-08-10,2017-08-10 09:37:15
09:37:21,09:37:21,11.38,0.01,52,59176,买盘,2017-08-10,2017-08-10 09:37:21
09:37:24,09:37:24,11.38,--,33,37554,买盘,2017-08-10,2017-08-10 09:37:24
09:37:33,09:37:33,11.38,--,12,13656,卖盘,2017-08-10,2017-08-10 09:37:33
09:37:45,09:37:45,11.38,--,8,9104,买盘,2017-08-10,2017-08-10 09:37:45
09:37:48,09:37:48,11.38,--,2,2276,卖盘,2017-08-10,2017-08-10 09:37:48
09:37:51,09:37:51,11.38,--,3,3414,买盘,2017-08-10,2017-08-10 09:37:51
09:37:54,09:37:54,11.43,0.05,240,274320,买盘,2017-08-10,2017-08-10 09:37:54
09:37:57,09:37:57,11.39,-0.04,26,29614,中性盘,2017-08-10,2017-08-10 09:37:57
09:38:00,09:38:00,11.39,--,22,25058,买盘,2017-08-10,2017-08-10 09:38:00
09:38:03,09:38:03,11.39,--,20,22780,卖盘,2017-08-10,2017-08-10 09:38:03
09:38:15,09:38:15,11.43,0.04,49,56007,买盘,2017-08-10,2017-08-10 09:38:15
09:38:24,09:38:24,11.43,--,11,12573,卖盘,2017-08-10,2017-08-10 09:38:24
09:38:27,09:38:27,11.43,--,14,16002,买盘,2017-08-10,2017-08-10 09:38:27
09:38:30,09:38:30,11.43,--,11,12573,买盘,2017-08-10,2017-08-10 09:38:30
09:38:36,09:38:36,11.42,-0.01,16,18272,中性盘,2017-08-10,2017-08-10 09:38:36
09:38:39,09:38:39,11.43,0.01,10,11430,买盘,2017-08-10,2017-08-10 09:38:39
09:38:42,09:38:42,11.42,-0.01,22,25124,卖盘,2017-08-10,2017-08-10 09:38:42
09:38:45,09:38:45,11.41,-0.01,10,11410,卖盘,2017-08-10,2017-08-10 09:38:45
09:38:48,09:38:48,11.42,0.01,35,39970,买盘,2017-08-10,2017-08-10 09:38:48
09:38:51,09:38:51,11.41,-0.01,10,11410,中性盘,2017-08-10,2017-08-10 09:38:51
09:38:57,09:38:57,11.41,--,7,7987,中性盘,2017-08-10,2017-08-10 09:38:57
09:39:03,09:39:03,11.41,--,3,3423,买盘,2017-08-10,2017-08-10 09:39:03
09:39:06,09:39:06,11.42,0.01,66,75372,买盘,2017-08-10,2017-08-10 09:39:06
09:39:09,09:39:09,11.42,--,13,14846,买盘,2017-08-10,2017-08-10 09:39:09
09:39:12,09:39:12,11.41,-0.01,32,36512,卖盘,2017-08-10,2017-08-10 09:39:12
09:39:15,09:39:15,11.41,--,10,11410,买盘,2017-08-10,2017-08-10 09:39:15
09:39:18,09:39:18,11.42,0.01,110,125620,买盘,2017-08-10,2017-08-10 09:39:18
09:39:27,09:39:27,11.41,-0.01,10,11410,中性盘,2017-08-10,2017-08-10 09:39:27
09:39:30,09:39:30,11.41,--,6,6846,买盘,2017-08-10,2017-08-10 09:39:30
09:39:42,09:39:42,11.4,-0.01,10,11400,卖盘,2017-08-10,2017-08-10 09:39:42
09:39:45,09:39:45,11.4,--,7,7980,卖盘,2017-08-10,2017-08-10 09:39:45
09:39:51,09:39:51,11.41,0.01,49,55909,买盘,2017-08-10,2017-08-10 09:39:51
09:40:00,09:40:00,11.41,--,1,1141,卖盘,2017-08-10,2017-08-10 09:40:00
09:40:06,09:40:06,11.42,0.01,133,151886,买盘,2017-08-10,2017-08-10 09:40:06
09:40:09,09:40:09,11.43,0.01,178,203454,买盘,2017-08-10,2017-08-10 09:40:09
09:40:12,09:40:12,11.42,-0.01,117,133614,卖盘,2017-08-10,2017-08-10 09:40:12
09:40:18,09:40:18,11.43,0.01,22,25146,买盘,2017-08-10,2017-08-10 09:40:18
09:40:21,09:40:21,11.43,--,4,4572,卖盘,2017-08-10,2017-08-10 09:40:21
09:40:27,09:40:27,11.43,--,5,5715,卖盘,2017-08-10,2017-08-10 09:40:27
09:40:30,09:40:30,11.44,0.01,100,114400,买盘,2017-08-10,2017-08-10 09:40:30
09:40:36,09:40:36,11.44,--,18,20592,买盘,2017-08-10,2017-08-10 09:40:36
09:40:39,09:40:39,11.44,--,75,85800,买盘,2017-08-10,2017-08-10 09:40:39
09:40:42,09:40:42,11.44,--,12,13728,卖盘,2017-08-10,2017-08-10 09:40:42
09:40:45,09:40:45,11.45,0.01,5,5725,买盘,2017-08-10,2017-08-10 09:40:45
09:40:48,09:40:48,11.44,-0.01,112,128128,卖盘,2017-08-10,2017-08-10 09:40:48
09:40:51,09:40:51,11.44,--,10,11440,卖盘,2017-08-10,2017-08-10 09:40:51
09:40:54,09:40:54,11.45,0.01,13,14884,买盘,2017-08-10,2017-08-10 09:40:54
09:40:57,09:40:57,11.45,--,56,64119,买盘,2017-08-10,2017-08-10 09:40:57
09:41:00,09:41:00,11.45,--,3,3435,买盘,2017-08-10,2017-08-10 09:41:00
09:41:06,09:41:06,11.45,--,11,12595,买盘,2017-08-10,2017-08-10 09:41:06
09:41:09,09:41:09,11.45,--,42,48090,买盘,2017-08-10,2017-08-10 09:41:09
09:41:15,09:41:15,11.45,--,5,5725,买盘,2017-08-10,2017-08-10 09:41:15
09:41:18,09:41:18,11.44,-0.01,4,4576,卖盘,2017-08-10,2017-08-10 09:41:18
09:41:21,09:41:21,11.45,0.01,17,19465,买盘,2017-08-10,2017-08-10 09:41:21
09:41:27,09:41:27,11.45,--,26,29769,买盘,2017-08-10,2017-08-10 09:41:27
09:41:30,09:41:30,11.45,--,60,68700,买盘,2017-08-10,2017-08-10 09:41:30
09:41:33,09:41:33,11.45,--,35,40075,卖盘,2017-08-10,2017-08-10 09:41:33
09:41:36,09:41:36,11.46,0.01,6,6876,买盘,2017-08-10,2017-08-10 09:41:36
09:41:42,09:41:42,11.46,--,132,151272,买盘,2017-08-10,2017-08-10 09:41:42
09:41:45,09:41:45,11.48,0.02,265,304220,买盘,2017-08-10,2017-08-10 09:41:45
09:41:48,09:41:48,11.48,--,29,33292,卖盘,2017-08-10,2017-08-10 09:41:48
09:41:51,09:41:51,11.48,--,133,152684,卖盘,2017-08-10,2017-08-10 09:41:51
09:41:54,09:41:54,11.47,-0.01,14,16058,中性盘,2017-08-10,2017-08-10 09:41:54
09:41:57,09:41:57,11.49,0.02,90,103410,买盘,2017-08-10,2017-08-10 09:41:57
09:42:00,09:42:00,11.49,--,20,22980,买盘,2017-08-10,2017-08-10 09:42:00
09:42:03,09:42:03,11.48,-0.01,10,11480,卖盘,2017-08-10,2017-08-10 09:42:03
09:42:06,09:42:06,11.49,0.01,131,150519,买盘,2017-08-10,2017-08-10 09:42:06
09:42:09,09:42:09,11.49,--,5,5745,卖盘,2017-08-10,2017-08-10 09:42:09
09:42:12,09:42:12,11.49,--,38,43662,卖盘,2017-08-10,2017-08-10 09:42:12
09:42:15,09:42:15,11.5,0.01,22,25300,买盘,2017-08-10,2017-08-10 09:42:15
09:42:18,09:42:18,11.49,-0.01,15,17235,卖盘,2017-08-10,2017-08-10 09:42:18
09:42:27,09:42:27,11.48,-0.01,20,22960,卖盘,2017-08-10,2017-08-10 09:42:27
09:42:30,09:42:30,11.48,--,63,72324,卖盘,2017-08-10,2017-08-10 09:42:30
09:42:33,09:42:33,11.47,-0.01,46,52762,卖盘,2017-08-10,2017-08-10 09:42:33
09:42:36,09:42:36,11.48,0.01,14,16072,买盘,2017-08-10,2017-08-10 09:42:36
09:42:42,09:42:42,11.48,--,54,61992,买盘,2017-08-10,2017-08-10 09:42:42
09:42:45,09:42:45,11.47,-0.01,25,28675,买盘,2017-08-10,2017-08-10 09:42:45
09:42:48,09:42:48,11.47,--,84,96348,卖盘,2017-08-10,2017-08-10 09:42:48
09:42:54,09:42:54,11.48,0.01,17,19516,买盘,2017-08-10,2017-08-10 09:42:54
09:42:57,09:42:57,11.47,-0.01,22,25234,卖盘,2017-08-10,2017-08-10 09:42:57
09:43:00,09:43:00,11.48,0.01,1,1148,买盘,2017-08-10,2017-08-10 09:43:00
09:43:03,09:43:03,11.48,--,28,32144,买盘,2017-08-10,2017-08-10 09:43:03
09:43:09,09:43:09,11.48,--,7,8036,买盘,2017-08-10,2017-08-10 09:43:09
09:43:12,09:43:12,11.48,--,3,3444,买盘,2017-08-10,2017-08-10 09:43:12
09:43:15,09:43:15,11.48,--,8,9184,买盘,2017-08-10,2017-08-10 09:43:15
09:43:18,09:43:18,11.48,--,22,25256,买盘,2017-08-10,2017-08-10 09:43:18
09:43:21,09:43:21,11.47,-0.01,37,42439,卖盘,2017-08-10,2017-08-10 09:43:21
09:43:24,09:43:24,11.48,0.01,38,43624,买盘,2017-08-10,2017-08-10 09:43:24
09:43:30,09:43:30,11.48,--,6,6888,买盘,2017-08-10,2017-08-10 09:43:30
09:43:33,09:43:33,11.48,--,3,3444,买盘,2017-08-10,2017-08-10 09:43:33
09:43:36,09:43:36,11.47,-0.01,18,20646,卖盘,2017-08-10,2017-08-10 09:43:36
09:43:42,09:43:42,11.47,--,5,5735,卖盘,2017-08-10,2017-08-10 09:43:42
09:43:45,09:43:45,11.48,0.01,92,105616,买盘,2017-08-10,2017-08-10 09:43:45
09:43:48,09:43:48,11.48,--,12,13776,卖盘,2017-08-10,2017-08-10 09:43:48
09:43:54,09:43:54,11.48,--,8,9184,卖盘,2017-08-10,2017-08-10 09:43:54
09:44:06,09:44:06,11.48,--,10,11480,卖盘,2017-08-10,2017-08-10 09:44:06
09:44:15,09:44:15,11.48,--,31,35588,卖盘,2017-08-10,2017-08-10 09:44:15
09:44:18,09:44:18,11.48,--,15,17220,卖盘,2017-08-10,2017-08-10 09:44:18
09:44:21,09:44:21,11.49,0.01,283,325167,买盘,2017-08-10,2017-08-10 09:44:21
09:44:24,09:44:24,11.48,-0.01,134,153832,卖盘,2017-08-10,2017-08-10 09:44:24
09:44:27,09:44:27,11.48,--,24,27552,卖盘,2017-08-10,2017-08-10 09:44:27
09:44:30,09:44:30,11.5,0.02,5,5750,买盘,2017-08-10,2017-08-10 09:44:30
09:44:33,09:44:33,11.5,--,20,23000,买盘,2017-08-10,2017-08-10 09:44:33
09:44:39,09:44:39,11.5,--,8,9200,买盘,2017-08-10,2017-08-10 09:44:39
09:44:45,09:44:45,11.5,--,23,26450,买盘,2017-08-10,2017-08-10 09:44:45
09:44:48,09:44:48,11.51,0.01,34,39134,买盘,2017-08-10,2017-08-10 09:44:48
09:44:54,09:44:54,11.51,--,31,35681,买盘,2017-08-10,2017-08-10 09:44:54
09:44:57,09:44:57,11.5,-0.01,140,161000,卖盘,2017-08-10,2017-08-10 09:44:57
09:45:00,09:45:00,11.51,0.01,126,145026,中性盘,2017-08-10,2017-08-10 09:45:00
09:45:03,09:45:03,11.52,0.01,27,31104,卖盘,2017-08-10,2017-08-10 09:45:03
09:45:06,09:45:06,11.53,0.01,3,3459,买盘,2017-08-10,2017-08-10 09:45:06
09:45:09,09:45:09,11.52,-0.01,252,290304,卖盘,2017-08-10,2017-08-10 09:45:09
09:45:12,09:45:12,11.53,0.01,53,61109,中性盘,2017-08-10,2017-08-10 09:45:12
09:45:15,09:45:15,11.52,-0.01,21,24192,卖盘,2017-08-10,2017-08-10 09:45:15
09:45:18,09:45:18,11.53,0.01,26,29978,卖盘,2017-08-10,2017-08-10 09:45:18
09:45:24,09:45:24,11.55,0.02,40,46200,买盘,2017-08-10,2017-08-10 09:45:24
09:45:27,09:45:27,11.53,-0.02,40,46120,中性盘,2017-08-10,2017-08-10 09:45:27
09:45:30,09:45:30,11.54,0.01,45,51929,买盘,2017-08-10,2017-08-10 09:45:30
09:45:33,09:45:33,11.54,--,5,5770,卖盘,2017-08-10,2017-08-10 09:45:33
09:45:36,09:45:36,11.54,--,15,17310,买盘,2017-08-10,2017-08-10 09:45:36
09:45:39,09:45:39,11.55,0.01,60,69300,买盘,2017-08-10,2017-08-10 09:45:39
09:45:42,09:45:42,11.55,--,50,57750,买盘,2017-08-10,2017-08-10 09:45:42
09:45:45,09:45:45,11.54,-0.01,21,24234,卖盘,2017-08-10,2017-08-10 09:45:45
09:45:48,09:45:48,11.53,-0.01,2,2306,卖盘,2017-08-10,2017-08-10 09:45:48
09:45:51,09:45:51,11.53,--,5,5765,卖盘,2017-08-10,2017-08-10 09:45:51
09:45:54,09:45:54,11.54,0.01,10,11540,买盘,2017-08-10,2017-08-10 09:45:54
09:45:57,09:45:57,11.53,-0.01,25,28825,卖盘,2017-08-10,2017-08-10 09:45:57
09:46:00,09:46:00,11.53,--,38,43814,卖盘,2017-08-10,2017-08-10 09:46:00
09:46:03,09:46:03,11.53,--,35,40355,买盘,2017-08-10,2017-08-10 09:46:03
09:46:06,09:46:06,11.53,--,2,2306,买盘,2017-08-10,2017-08-10 09:46:06
09:46:09,09:46:09,11.53,--,11,12683,买盘,2017-08-10,2017-08-10 09:46:09
09:46:12,09:46:12,11.53,--,13,14989,买盘,2017-08-10,2017-08-10 09:46:12
09:46:15,09:46:15,11.53,--,6,6918,买盘,2017-08-10,2017-08-10 09:46:15
09:46:18,09:46:18,11.53,--,6,6918,买盘,2017-08-10,2017-08-10 09:46:18
09:46:21,09:46:21,11.52,-0.01,7,8064,卖盘,2017-08-10,2017-08-10 09:46:21
09:46:24,09:46:24,11.52,--,10,11520,卖盘,2017-08-10,2017-08-10 09:46:24
09:46:27,09:46:27,11.52,--,63,72576,卖盘,2017-08-10,2017-08-10 09:46:27
09:46:30,09:46:30,11.52,--,34,39168,买盘,2017-08-10,2017-08-10 09:46:30
09:46:36,09:46:36,11.52,--,5,5760,买盘,2017-08-10,2017-08-10 09:46:36
09:46:39,09:46:39,11.52,--,88,101376,买盘,2017-08-10,2017-08-10 09:46:39
09:46:42,09:46:42,11.5,-0.02,17,19550,卖盘,2017-08-10,2017-08-10 09:46:42
09:46:51,09:46:51,11.51,0.01,43,49493,买盘,2017-08-10,2017-08-10 09:46:51
09:46:54,09:46:54,11.5,-0.01,108,124200,卖盘,2017-08-10,2017-08-10 09:46:54
09:46:57,09:46:57,11.5,--,8,9200,买盘,2017-08-10,2017-08-10 09:46:57
09:47:00,09:47:00,11.5,--,50,57500,买盘,2017-08-10,2017-08-10 09:47:00
09:47:03,09:47:03,11.49,-0.01,177,203373,卖盘,2017-08-10,2017-08-10 09:47:03
09:47:06,09:47:06,11.49,--,50,57450,卖盘,2017-08-10,2017-08-10 09:47:06
09:47:15,09:47:15,11.49,--,27,31023,买盘,2017-08-10,2017-08-10 09:47:15
09:47:18,09:47:18,11.49,--,5,5745,卖盘,2017-08-10,2017-08-10 09:47:18
09:47:24,09:47:24,11.49,--,27,31023,卖盘,2017-08-10,2017-08-10 09:47:24
09:47:27,09:47:27,11.49,--,3,3447,卖盘,2017-08-10,2017-08-10 09:47:27
09:47:30,09:47:30,11.49,--,59,67791,卖盘,2017-08-10,2017-08-10 09:47:30
09:47:33,09:47:33,11.49,--,52,59748,卖盘,2017-08-10,2017-08-10 09:47:33
09:47:36,09:47:36,11.49,--,2,2298,卖盘,2017-08-10,2017-08-10 09:47:36
09:47:39,09:47:39,11.5,0.01,230,264500,买盘,2017-08-10,2017-08-10 09:47:39
09:47:42,09:47:42,11.48,-0.02,2,2296,卖盘,2017-08-10,2017-08-10 09:47:42
09:47:45,09:47:45,11.5,0.02,39,44850,买盘,2017-08-10,2017-08-10 09:47:45
09:48:00,09:48:00,11.49,-0.01,13,14937,中性盘,2017-08-10,2017-08-10 09:48:00
09:48:03,09:48:03,11.48,-0.01,27,30996,卖盘,2017-08-10,2017-08-10 09:48:03
09:48:06,09:48:06,11.48,--,50,57400,买盘,2017-08-10,2017-08-10 09:48:06
09:48:09,09:48:09,11.48,--,6,6888,买盘,2017-08-10,2017-08-10 09:48:09
09:48:12,09:48:12,11.48,--,10,11480,买盘,2017-08-10,2017-08-10 09:48:12
09:48:15,09:48:15,11.48,--,8,9184,卖盘,2017-08-10,2017-08-10 09:48:15
09:48:24,09:48:24,11.48,--,25,28700,卖盘,2017-08-10,2017-08-10 09:48:24
09:48:33,09:48:33,11.48,--,48,55104,卖盘,2017-08-10,2017-08-10 09:48:33
09:48:36,09:48:36,11.5,0.02,565,649750,买盘,2017-08-10,2017-08-10 09:48:36
09:48:45,09:48:45,11.5,--,155,178250,卖盘,2017-08-10,2017-08-10 09:48:45
09:48:48,09:48:48,11.52,0.02,13,14976,买盘,2017-08-10,2017-08-10 09:48:48
09:48:54,09:48:54,11.52,--,10,11520,卖盘,2017-08-10,2017-08-10 09:48:54
09:48:57,09:48:57,11.54,0.02,369,425825,买盘,2017-08-10,2017-08-10 09:48:57
09:49:03,09:49:03,11.55,0.01,54,62370,买盘,2017-08-10,2017-08-10 09:49:03
09:49:09,09:49:09,11.54,-0.01,45,51929,卖盘,2017-08-10,2017-08-10 09:49:09
09:49:12,09:49:12,11.55,0.01,5,5775,买盘,2017-08-10,2017-08-10 09:49:12
09:49:15,09:49:15,11.54,-0.01,20,23080,卖盘,2017-08-10,2017-08-10 09:49:15
09:49:21,09:49:21,11.55,0.01,50,57750,买盘,2017-08-10,2017-08-10 09:49:21
09:49:24,09:49:24,11.56,0.01,829,958324,买盘,2017-08-10,2017-08-10 09:49:24
09:49:27,09:49:27,11.56,--,8,9248,卖盘,2017-08-10,2017-08-10 09:49:27
09:49:30,09:49:30,11.58,0.02,43,49794,买盘,2017-08-10,2017-08-10 09:49:30
09:49:33,09:49:33,11.59,0.01,98,113582,买盘,2017-08-10,2017-08-10 09:49:33
09:49:36,09:49:36,11.6,0.01,500,580000,买盘,2017-08-10,2017-08-10 09:49:36
09:49:39,09:49:39,11.65,0.05,66,76890,买盘,2017-08-10,2017-08-10 09:49:39
09:49:45,09:49:45,11.65,--,77,89705,买盘,2017-08-10,2017-08-10 09:49:45
09:49:48,09:49:48,11.66,0.01,189,220374,买盘,2017-08-10,2017-08-10 09:49:48
09:49:51,09:49:51,11.65,-0.01,96,111840,卖盘,2017-08-10,2017-08-10 09:49:51
09:49:54,09:49:54,11.72,0.07,883,1034876,买盘,2017-08-10,2017-08-10 09:49:54
09:49:57,09:49:57,11.7,-0.02,44,51480,卖盘,2017-08-10,2017-08-10 09:49:57
09:50:00,09:50:00,11.74,0.04,91,106834,买盘,2017-08-10,2017-08-10 09:50:00
09:50:03,09:50:03,11.75,0.01,201,236175,买盘,2017-08-10,2017-08-10 09:50:03
09:50:06,09:50:06,11.76,0.01,477,560952,买盘,2017-08-10,2017-08-10 09:50:06
09:50:09,09:50:09,11.76,--,154,181104,买盘,2017-08-10,2017-08-10 09:50:09
09:50:12,09:50:12,11.76,--,18,21168,买盘,2017-08-10,2017-08-10 09:50:12
09:50:15,09:50:15,11.76,--,138,162288,买盘,2017-08-10,2017-08-10 09:50:15
09:50:18,09:50:18,11.74,-0.02,367,430858,卖盘,2017-08-10,2017-08-10 09:50:18
09:50:21,09:50:21,11.74,--,40,46960,买盘,2017-08-10,2017-08-10 09:50:21
09:50:24,09:50:24,11.76,0.02,275,323400,买盘,2017-08-10,2017-08-10 09:50:24
09:50:27,09:50:27,11.71,-0.05,55,64405,中性盘,2017-08-10,2017-08-10 09:50:27
09:50:30,09:50:30,11.71,--,100,117100,买盘,2017-08-10,2017-08-10 09:50:30
09:50:33,09:50:33,11.71,--,9,10539,买盘,2017-08-10,2017-08-10 09:50:33
09:50:36,09:50:36,11.77,0.06,315,370755,买盘,2017-08-10,2017-08-10 09:50:36
09:50:39,09:50:39,11.79,0.02,559,659061,买盘,2017-08-10,2017-08-10 09:50:39
09:50:42,09:50:42,11.79,--,230,271170,买盘,2017-08-10,2017-08-10 09:50:42
09:50:45,09:50:45,11.84,0.05,695,822880,买盘,2017-08-10,2017-08-10 09:50:45
09:50:48,09:50:48,11.88,0.04,270,320760,买盘,2017-08-10,2017-08-10 09:50:48
09:50:51,09:50:51,11.89,0.01,951,1130739,买盘,2017-08-10,2017-08-10 09:50:51
09:50:54,09:50:54,11.89,--,548,651572,买盘,2017-08-10,2017-08-10 09:50:54
09:50:57,09:50:57,11.9,0.01,712,847280,买盘,2017-08-10,2017-08-10 09:50:57
09:51:00,09:51:00,11.93,0.03,1196,1426828,买盘,2017-08-10,2017-08-10 09:51:00
09:51:03,09:51:03,12.07,0.14,122,147254,买盘,2017-08-10,2017-08-10 09:51:03
09:51:06,09:51:06,12.17,0.1,468,569556,买盘,2017-08-10,2017-08-10 09:51:06
09:51:09,09:51:09,12.17,--,84,102228,买盘,2017-08-10,2017-08-10 09:51:09
09:51:12,09:51:12,12.25,0.08,247,302575,买盘,2017-08-10,2017-08-10 09:51:12
09:51:15,09:51:15,12.28,0.03,244,299632,买盘,2017-08-10,2017-08-10 09:51:15
09:51:18,09:51:18,12.25,-0.03,345,422625,买盘,2017-08-10,2017-08-10 09:51:18
09:51:21,09:51:21,12.38,0.13,570,705660,买盘,2017-08-10,2017-08-10 09:51:21
09:51:24,09:51:24,12.39,0.01,2141,2653727,卖盘,2017-08-10,2017-08-10 09:51:24
09:51:27,09:51:27,12.39,--,474,587286,卖盘,2017-08-10,2017-08-10 09:51:27
09:51:30,09:51:30,12.39,--,406,503034,卖盘,2017-08-10,2017-08-10 09:51:30
09:51:33,09:51:33,12.39,--,945,1170855,卖盘,2017-08-10,2017-08-10 09:51:33
09:51:36,09:51:36,12.39,--,2017,2499063,卖盘,2017-08-10,2017-08-10 09:51:36
09:51:39,09:51:39,12.39,--,641,794199,卖盘,2017-08-10,2017-08-10 09:51:39
09:51:42,09:51:42,12.39,--,506,626934,卖盘,2017-08-10,2017-08-10 09:51:42
09:51:45,09:51:45,12.39,--,667,826413,卖盘,2017-08-10,2017-08-10 09:51:45
09:51:48,09:51:48,12.39,--,170,210630,卖盘,2017-08-10,2017-08-10 09:51:48
09:51:51,09:51:51,12.39,--,615,761985,卖盘,2017-08-10,2017-08-10 09:51:51
09:51:54,09:51:54,12.39,--,160,198240,卖盘,2017-08-10,2017-08-10 09:51:54
09:51:57,09:51:57,12.39,--,879,1089081,卖盘,2017-08-10,2017-08-10 09:51:57
09:52:00,09:52:00,12.39,--,297,367983,卖盘,2017-08-10,2017-08-10 09:52:00
09:52:03,09:52:03,12.39,--,683,846237,卖盘,2017-08-10,2017-08-10 09:52:03
09:52:06,09:52:06,12.39,--,257,318423,卖盘,2017-08-10,2017-08-10 09:52:06
09:52:09,09:52:09,12.39,--,145,179655,卖盘,2017-08-10,2017-08-10 09:52:09
09:52:12,09:52:12,12.39,--,543,672777,卖盘,2017-08-10,2017-08-10 09:52:12
09:52:15,09:52:15,12.39,--,326,403914,卖盘,2017-08-10,2017-08-10 09:52:15
09:52:18,09:52:18,12.39,--,953,1180767,卖盘,2017-08-10,2017-08-10 09:52:18
09:52:21,09:52:21,12.39,--,165,204435,卖盘,2017-08-10,2017-08-10 09:52:21
09:52:24,09:52:24,12.39,--,40,49560,卖盘,2017-08-10,2017-08-10 09:52:24
09:52:27,09:52:27,12.39,--,54,66906,卖盘,2017-08-10,2017-08-10 09:52:27
09:52:30,09:52:30,12.39,--,120,148680,卖盘,2017-08-10,2017-08-10 09:52:30
09:52:33,09:52:33,12.39,--,75,92925,卖盘,2017-08-10,2017-08-10 09:52:33
09:52:36,09:52:36,12.39,--,59,73101,卖盘,2017-08-10,2017-08-10 09:52:36
09:52:39,09:52:39,12.39,--,48,59472,卖盘,2017-08-10,2017-08-10 09:52:39
09:52:42,09:52:42,12.39,--,3,3717,卖盘,2017-08-10,2017-08-10 09:52:42
09:52:45,09:52:45,12.39,--,84,104076,卖盘,2017-08-10,2017-08-10 09:52:45
09:52:48,09:52:48,12.39,--,93,115227,卖盘,2017-08-10,2017-08-10 09:52:48
09:52:51,09:52:51,12.39,--,28,34692,卖盘,2017-08-10,2017-08-10 09:52:51
09:52:54,09:52:54,12.39,--,86,106554,卖盘,2017-08-10,2017-08-10 09:52:54
09:52:57,09:52:57,12.39,--,47,58233,卖盘,2017-08-10,2017-08-10 09:52:57
09:53:00,09:53:00,12.39,--,36,44604,卖盘,2017-08-10,2017-08-10 09:53:00
09:53:03,09:53:03,12.39,--,123,152397,卖盘,2017-08-10,2017-08-10 09:53:03
09:53:06,09:53:06,12.39,--,36,44604,卖盘,2017-08-10,2017-08-10 09:53:06
09:53:09,09:53:09,12.39,--,98,121422,卖盘,2017-08-10,2017-08-10 09:53:09
09:53:12,09:53:12,12.39,--,152,188328,卖盘,2017-08-10,2017-08-10 09:53:12
09:53:15,09:53:15,12.39,--,404,500556,卖盘,2017-08-10,2017-08-10 09:53:15
09:53:18,09:53:18,12.39,--,93,115239,卖盘,2017-08-10,2017-08-10 09:53:18
09:53:21,09:53:21,12.39,--,108,133812,卖盘,2017-08-10,2017-08-10 09:53:21
09:53:24,09:53:24,12.39,--,33,40887,卖盘,2017-08-10,2017-08-10 09:53:24
09:53:27,09:53:27,12.39,--,97,120183,卖盘,2017-08-10,2017-08-10 09:53:27
09:53:30,09:53:30,12.39,--,203,251517,卖盘,2017-08-10,2017-08-10 09:53:30
09:53:33,09:53:33,12.39,--,239,296121,卖盘,2017-08-10,2017-08-10 09:53:33
09:53:36,09:53:36,12.39,--,90,111510,卖盘,2017-08-10,2017-08-10 09:53:36
09:53:39,09:53:39,12.39,--,17,21063,卖盘,2017-08-10,2017-08-10 09:53:39
09:53:42,09:53:42,12.39,--,62,76818,卖盘,2017-08-10,2017-08-10 09:53:42
09:53:45,09:53:45,12.39,--,30,37170,卖盘,2017-08-10,2017-08-10 09:53:45
09:53:48,09:53:48,12.39,--,257,318423,卖盘,2017-08-10,2017-08-10 09:53:48
09:53:51,09:53:51,12.39,--,15,18585,卖盘,2017-08-10,2017-08-10 09:53:51
09:53:54,09:53:54,12.39,--,175,216825,卖盘,2017-08-10,2017-08-10 09:53:54
09:53:57,09:53:57,12.39,--,160,198240,卖盘,2017-08-10,2017-08-10 09:53:57
09:54:00,09:54:00,12.39,--,47,58233,卖盘,2017-08-10,2017-08-10 09:54:00
09:54:03,09:54:03,12.39,--,72,89208,卖盘,2017-08-10,2017-08-10 09:54:03
09:54:06,09:54:06,12.39,--,80,99120,卖盘,2017-08-10,2017-08-10 09:54:06
09:54:09,09:54:09,12.39,--,1038,1286627,卖盘,2017-08-10,2017-08-10 09:54:09
09:54:12,09:54:12,12.39,--,125,154875,卖盘,2017-08-10,2017-08-10 09:54:12
09:54:15,09:54:15,12.39,--,193,239127,卖盘,2017-08-10,2017-08-10 09:54:15
09:54:18,09:54:18,12.39,--,11,13629,卖盘,2017-08-10,2017-08-10 09:54:18
09:54:21,09:54:21,12.39,--,35,43365,卖盘,2017-08-10,2017-08-10 09:54:21
09:54:24,09:54:24,12.39,--,81,100359,卖盘,2017-08-10,2017-08-10 09:54:24
09:54:27,09:54:27,12.39,--,70,86730,卖盘,2017-08-10,2017-08-10 09:54:27
09:54:30,09:54:30,12.39,--,4,4956,卖盘,2017-08-10,2017-08-10 09:54:30
09:54:33,09:54:33,12.39,--,31,38409,卖盘,2017-08-10,2017-08-10 09:54:33
09:54:36,09:54:36,12.39,--,194,240366,卖盘,2017-08-10,2017-08-10 09:54:36
09:54:39,09:54:39,12.39,--,10,12390,卖盘,2017-08-10,2017-08-10 09:54:39
09:54:42,09:54:42,12.39,--,25,30975,卖盘,2017-08-10,2017-08-10 09:54:42
09:54:45,09:54:45,12.39,--,12,14868,卖盘,2017-08-10,2017-08-10 09:54:45
09:54:48,09:54:48,12.39,--,21,26019,卖盘,2017-08-10,2017-08-10 09:54:48
09:54:51,09:54:51,12.39,--,38,47082,卖盘,2017-08-10,2017-08-10 09:54:51
09:54:54,09:54:54,12.39,--,7,8673,卖盘,2017-08-10,2017-08-10 09:54:54
09:54:57,09:54:57,12.39,--,6,7434,卖盘,2017-08-10,2017-08-10 09:54:57
09:55:00,09:55:00,12.39,--,35,43365,卖盘,2017-08-10,2017-08-10 09:55:00
09:55:03,09:55:03,12.39,--,10,12390,卖盘,2017-08-10,2017-08-10 09:55:03
09:55:06,09:55:06,12.39,--,13,16107,卖盘,2017-08-10,2017-08-10 09:55:06
09:55:09,09:55:09,12.39,--,440,546126,卖盘,2017-08-10,2017-08-10 09:55:09
09:55:12,09:55:12,12.39,--,64,79296,卖盘,2017-08-10,2017-08-10 09:55:12
09:55:15,09:55:15,12.39,--,20,24780,卖盘,2017-08-10,2017-08-10 09:55:15
09:55:18,09:55:18,12.39,--,140,173460,卖盘,2017-08-10,2017-08-10 09:55:18
09:55:21,09:55:21,12.39,--,64,79296,卖盘,2017-08-10,2017-08-10 09:55:21
09:55:24,09:55:24,12.39,--,102,126378,卖盘,2017-08-10,2017-08-10 09:55:24
09:55:27,09:55:27,12.39,--,107,132573,卖盘,2017-08-10,2017-08-10 09:55:27
09:55:30,09:55:30,12.39,--,52,64428,卖盘,2017-08-10,2017-08-10 09:55:30
09:55:33,09:55:33,12.39,--,771,955269,卖盘,2017-08-10,2017-08-10 09:55:33
09:55:36,09:55:36,12.39,--,428,530292,卖盘,2017-08-10,2017-08-10 09:55:36
09:55:39,09:55:39,12.39,--,46,56994,卖盘,2017-08-10,2017-08-10 09:55:39
09:55:42,09:55:42,12.39,--,53,65667,卖盘,2017-08-10,2017-08-10 09:55:42
09:55:45,09:55:45,12.39,--,24,29736,卖盘,2017-08-10,2017-08-10 09:55:45
09:55:48,09:55:48,12.39,--,34,42126,卖盘,2017-08-10,2017-08-10 09:55:48
09:55:51,09:55:51,12.39,--,11,13629,卖盘,2017-08-10,2017-08-10 09:55:51
09:55:54,09:55:54,12.39,--,30,37170,卖盘,2017-08-10,2017-08-10 09:55:54
09:55:57,09:55:57,12.39,--,26,32214,卖盘,2017-08-10,2017-08-10 09:55:57
09:56:00,09:56:00,12.39,--,12,14868,卖盘,2017-08-10,2017-08-10 09:56:00
09:56:06,09:56:06,12.39,--,89,110271,卖盘,2017-08-10,2017-08-10 09:56:06
09:56:09,09:56:09,12.39,--,4,4956,卖盘,2017-08-10,2017-08-10 09:56:09
09:56:12,09:56:12,12.39,--,44,54516,卖盘,2017-08-10,2017-08-10 09:56:12
09:56:15,09:56:15,12.39,--,27,33453,卖盘,2017-08-10,2017-08-10 09:56:15
09:56:18,09:56:18,12.39,--,24,29736,卖盘,2017-08-10,2017-08-10 09:56:18
09:56:21,09:56:21,12.39,--,5,6195,卖盘,2017-08-10,2017-08-10 09:56:21
09:56:24,09:56:24,12.39,--,37,45843,卖盘,2017-08-10,2017-08-10 09:56:24
09:56:27,09:56:27,12.39,--,25,30975,卖盘,2017-08-10,2017-08-10 09:56:27
09:56:30,09:56:30,12.39,--,170,210630,卖盘,2017-08-10,2017-08-10 09:56:30
09:56:33,09:56:33,12.39,--,82,101598,卖盘,2017-08-10,2017-08-10 09:56:33
09:56:36,09:56:36,12.39,--,35,43365,卖盘,2017-08-10,2017-08-10 09:56:36
09:56:39,09:56:39,12.39,--,12,14868,卖盘,2017-08-10,2017-08-10 09:56:39
09:56:42,09:56:42,12.39,--,11,13629,卖盘,2017-08-10,2017-08-10 09:56:42
09:56:48,09:56:48,12.39,--,37,45843,卖盘,2017-08-10,2017-08-10 09:56:48
09:56:51,09:56:51,12.39,--,18,22302,卖盘,2017-08-10,2017-08-10 09:56:51
09:56:54,09:56:54,12.39,--,40,49560,卖盘,2017-08-10,2017-08-10 09:56:54
09:56:57,09:56:57,12.39,--,40,49560,卖盘,2017-08-10,2017-08-10 09:56:57
09:57:00,09:57:00,12.39,--,8,9912,卖盘,2017-08-10,2017-08-10 09:57:00
09:57:03,09:57:03,12.39,--,6,7434,卖盘,2017-08-10,2017-08-10 09:57:03
09:57:06,09:57:06,12.39,--,40,49560,卖盘,2017-08-10,2017-08-10 09:57:06
09:57:09,09:57:09,12.39,--,10,12390,卖盘,2017-08-10,2017-08-10 09:57:09
09:57:12,09:57:12,12.39,--,119,147441,卖盘,2017-08-10,2017-08-10 09:57:12
09:57:15,09:57:15,12.39,--,41,50799,卖盘,2017-08-10,2017-08-10 09:57:15
09:57:18,09:57:18,12.39,--,20,24780,卖盘,2017-08-10,2017-08-10 09:57:18
09:57:21,09:57:21,12.39,--,4,4956,卖盘,2017-08-10,2017-08-10 09:57:21
09:57:24,09:57:24,12.39,--,7,8673,卖盘,2017-08-10,2017-08-10 09:57:24
09:57:27,09:57:27,12.39,--,154,190806,卖盘,2017-08-10,2017-08-10 09:57:27
09:57:30,09:57:30,12.39,--,3,3717,卖盘,2017-08-10,2017-08-10 09:57:30
09:57:36,09:57:36,12.39,--,35,43365,卖盘,2017-08-10,2017-08-10 09:57:36
09:57:45,09:57:45,12.39,--,11,13629,卖盘,2017-08-10,2017-08-10 09:57:45
09:57:48,09:57:48,12.39,--,42,52038,卖盘,2017-08-10,2017-08-10 09:57:48
09:57:51,09:57:51,12.39,--,22,27258,卖盘,2017-08-10,2017-08-10 09:57:51
09:57:54,09:57:54,12.39,--,49,60711,卖盘,2017-08-10,2017-08-10 09:57:54
09:57:57,09:57:57,12.39,--,3,3717,卖盘,2017-08-10,2017-08-10 09:57:57
09:58:00,09:58:00,12.39,--,20,24780,卖盘,2017-08-10,2017-08-10 09:58:00
09:58:03,09:58:03,12.39,--,10,12390,卖盘,2017-08-10,2017-08-10 09:58:03
09:58:06,09:58:06,12.39,--,91,112749,卖盘,2017-08-10,2017-08-10 09:58:06
09:58:09,09:58:09,12.39,--,109,135051,卖盘,2017-08-10,2017-08-10 09:58:09
09:58:12,09:58:12,12.39,--,27,33453,卖盘,2017-08-10,2017-08-10 09:58:12
09:58:15,09:58:15,12.39,--,26,32214,卖盘,2017-08-10,2017-08-10 09:58:15
09:58:21,09:58:21,12.39,--,17,21063,卖盘,2017-08-10,2017-08-10 09:58:21
09:58:24,09:58:24,12.39,--,233,288687,卖盘,2017-08-10,2017-08-10 09:58:24
09:58:27,09:58:27,12.39,--,56,69384,卖盘,2017-08-10,2017-08-10 09:58:27
09:58:30,09:58:30,12.39,--,30,37170,卖盘,2017-08-10,2017-08-10 09:58:30
09:58:33,09:58:33,12.39,--,234,289926,卖盘,2017-08-10,2017-08-10 09:58:33
09:58:39,09:58:39,12.39,--,24,29736,卖盘,2017-08-10,2017-08-10 09:58:39
09:58:42,09:58:42,12.39,--,93,115227,卖盘,2017-08-10,2017-08-10 09:58:42
09:58:45,09:58:45,12.39,--,105,130095,卖盘,2017-08-10,2017-08-10 09:58:45
09:58:48,09:58:48,12.39,--,105,130095,卖盘,2017-08-10,2017-08-10 09:58:48
09:58:51,09:58:51,12.39,--,73,90447,卖盘,2017-08-10,2017-08-10 09:58:51
09:58:54,09:58:54,12.39,--,10,12390,卖盘,2017-08-10,2017-08-10 09:58:54
09:58:57,09:58:57,12.39,--,35,43365,卖盘,2017-08-10,2017-08-10 09:58:57
09:59:00,09:59:00,12.39,--,20,24780,卖盘,2017-08-10,2017-08-10 09:59:00
09:59:03,09:59:03,12.39,--,37,45843,卖盘,2017-08-10,2017-08-10 09:59:03
09:59:06,09:59:06,12.39,--,6,7434,卖盘,2017-08-10,2017-08-10 09:59:06
09:59:09,09:59:09,12.39,--,5,6195,卖盘,2017-08-10,2017-08-10 09:59:09
09:59:12,09:59:12,12.39,--,1,1239,卖盘,2017-08-10,2017-08-10 09:59:12
09:59:15,09:59:15,12.39,--,3,3717,卖盘,2017-08-10,2017-08-10 09:59:15
09:59:27,09:59:27,12.39,--,188,232932,卖盘,2017-08-10,2017-08-10 09:59:27
09:59:30,09:59:30,12.39,--,9,11151,卖盘,2017-08-10,2017-08-10 09:59:30
09:59:33,09:59:33,12.39,--,6,7434,卖盘,2017-08-10,2017-08-10 09:59:33
09:59:36,09:59:36,12.39,--,6,7434,卖盘,2017-08-10,2017-08-10 09:59:36
09:59:39,09:59:39,12.39,--,68,84252,卖盘,2017-08-10,2017-08-10 09:59:39
09:59:42,09:59:42,12.39,--,15,18585,卖盘,2017-08-10,2017-08-10 09:59:42
09:59:45,09:59:45,12.39,--,50,61950,卖盘,2017-08-10,2017-08-10 09:59:45
09:59:48,09:59:48,12.39,--,24,29736,卖盘,2017-08-10,2017-08-10 09:59:48
09:59:51,09:59:51,12.39,--,8,9912,卖盘,2017-08-10,2017-08-10 09:59:51
09:59:54,09:59:54,12.39,--,45,55755,卖盘,2017-08-10,2017-08-10 09:59:54
10:00:03,10:00:03,12.39,--,13,16107,卖盘,2017-08-10,2017-08-10 10:00:03
10:00:06,10:00:06,12.39,--,190,235410,卖盘,2017-08-10,2017-08-10 10:00:06
10:00:09,10:00:09,12.39,--,50,61950,卖盘,2017-08-10,2017-08-10 10:00:09
10:00:12,10:00:12,12.39,--,20,24780,卖盘,2017-08-10,2017-08-10 10:00:12
10:00:18,10:00:18,12.39,--,17,21063,卖盘,2017-08-10,2017-08-10 10:00:18
10:00:21,10:00:21,12.39,--,23,28497,卖盘,2017-08-10,2017-08-10 10:00:21
10:00:30,10:00:30,12.39,--,20,24780,卖盘,2017-08-10,2017-08-10 10:00:30
10:00:33,10:00:33,12.39,--,10,12390,卖盘,2017-08-10,2017-08-10 10:00:33
10:00:36,10:00:36,12.39,--,5,6195,卖盘,2017-08-10,2017-08-10 10:00:36
10:00:39,10:00:39,12.39,--,91,112749,卖盘,2017-08-10,2017-08-10 10:00:39
10:00:42,10:00:42,12.39,--,11,13629,卖盘,2017-08-10,2017-08-10 10:00:42
10:00:45,10:00:45,12.39,--,12,14868,卖盘,2017-08-10,2017-08-10 10:00:45
10:00:51,10:00:51,12.39,--,129,159831,卖盘,2017-08-10,2017-08-10 10:00:51
10:00:54,10:00:54,12.39,--,3,3717,卖盘,2017-08-10,2017-08-10 10:00:54
10:01:00,10:01:00,12.39,--,10,12390,卖盘,2017-08-10,2017-08-10 10:01:00
10:01:03,10:01:03,12.39,--,10,12390,卖盘,2017-08-10,2017-08-10 10:01:03
10:01:06,10:01:06,12.39,--,12,14868,卖盘,2017-08-10,2017-08-10 10:01:06
10:01:09,10:01:09,12.39,--,30,37170,卖盘,2017-08-10,2017-08-10 10:01:09
10:01:12,10:01:12,12.39,--,10,12390,卖盘,2017-08-10,2017-08-10 10:01:12
10:01:15,10:01:15,12.39,--,3,3717,卖盘,2017-08-10,2017-08-10 10:01:15
10:01:21,10:01:21,12.39,--,2,2478,卖盘,2017-08-10,2017-08-10 10:01:21
10:01:24,10:01:24,12.39,--,77,95403,卖盘,2017-08-10,2017-08-10 10:01:24
10:01:30,10:01:30,12.39,--,100,123900,卖盘,2017-08-10,2017-08-10 10:01:30
10:01:36,10:01:36,12.39,--,32,39648,卖盘,2017-08-10,2017-08-10 10:01:36
10:01:39,10:01:39,12.39,--,43,53277,卖盘,2017-08-10,2017-08-10 10:01:39
10:01:42,10:01:42,12.39,--,10,12390,卖盘,2017-08-10,2017-08-10 10:01:42
10:01:45,10:01:45,12.39,--,5,6195,卖盘,2017-08-10,2017-08-10 10:01:45
10:01:48,10:01:48,12.39,--,19,23541,卖盘,2017-08-10,2017-08-10 10:01:48
10:01:54,10:01:54,12.39,--,13,16107,卖盘,2017-08-10,2017-08-10 10:01:54
10:02:03,10:02:03,12.39,--,20,24780,卖盘,2017-08-10,2017-08-10 10:02:03
10:02:06,10:02:06,12.39,--,10,12390,卖盘,2017-08-10,2017-08-10 10:02:06
10:02:09,10:02:09,12.39,--,34,42126,卖盘,2017-08-10,2017-08-10 10:02:09
10:02:12,10:02:12,12.39,--,42,52038,卖盘,2017-08-10,2017-08-10 10:02:12
10:02:21,10:02:21,12.39,--,40,49560,卖盘,2017-08-10,2017-08-10 10:02:21
10:02:27,10:02:27,12.39,--,33,40887,卖盘,2017-08-10,2017-08-10 10:02:27
10:02:30,10:02:30,12.39,--,50,61950,卖盘,2017-08-10,2017-08-10 10:02:30
10:02:33,10:02:33,12.39,--,11,13629,卖盘,2017-08-10,2017-08-10 10:02:33
10:02:36,10:02:36,12.39,--,7,8673,卖盘,2017-08-10,2017-08-10 10:02:36
10:02:39,10:02:39,12.39,--,202,250278,卖盘,2017-08-10,2017-08-10 10:02:39
10:02:42,10:02:42,12.39,--,109,135051,卖盘,2017-08-10,2017-08-10 10:02:42
10:02:45,10:02:45,12.39,--,254,314706,卖盘,2017-08-10,2017-08-10 10:02:45
10:02:51,10:02:51,12.39,--,5,6195,卖盘,2017-08-10,2017-08-10 10:02:51
10:02:54,10:02:54,12.39,--,10,12390,卖盘,2017-08-10,2017-08-10 10:02:54
10:03:00,10:03:00,12.39,--,10,12390,卖盘,2017-08-10,2017-08-10 10:03:00
10:03:03,10:03:03,12.39,--,10,12390,卖盘,2017-08-10,2017-08-10 10:03:03
10:03:06,10:03:06,12.39,--,10,12390,卖盘,2017-08-10,2017-08-10 10:03:06
10:03:09,10:03:09,12.39,--,65,80535,卖盘,2017-08-10,2017-08-10 10:03:09
10:03:12,10:03:12,12.39,--,114,141246,卖盘,2017-08-10,2017-08-10 10:03:12
10:03:15,10:03:15,12.39,--,58,71862,卖盘,2017-08-10,2017-08-10 10:03:15
10:03:18,10:03:18,12.39,--,29,35931,卖盘,2017-08-10,2017-08-10 10:03:18
10:03:21,10:03:21,12.39,--,24,29736,卖盘,2017-08-10,2017-08-10 10:03:21
10:03:27,10:03:27,12.39,--,4,4956,卖盘,2017-08-10,2017-08-10 10:03:27
10:03:30,10:03:30,12.39,--,2,2478,卖盘,2017-08-10,2017-08-10 10:03:30
10:03:33,10:03:33,12.39,--,152,188328,卖盘,2017-08-10,2017-08-10 10:03:33
10:03:36,10:03:36,12.39,--,1,1239,卖盘,2017-08-10,2017-08-10 10:03:36
10:03:39,10:03:39,12.39,--,20,24780,卖盘,2017-08-10,2017-08-10 10:03:39
10:03:45,10:03:45,12.39,--,20,24780,卖盘,2017-08-10,2017-08-10 10:03:45
10:03:48,10:03:48,12.39,--,30,37170,卖盘,2017-08-10,2017-08-10 10:03:48
10:03:51,10:03:51,12.39,--,17,21063,卖盘,2017-08-10,2017-08-10 10:03:51
10:03:57,10:03:57,12.39,--,44,54516,卖盘,2017-08-10,2017-08-10 10:03:57
10:04:03,10:04:03,12.39,--,19,23541,卖盘,2017-08-10,2017-08-10 10:04:03
10:04:12,10:04:12,12.39,--,68,84252,卖盘,2017-08-10,2017-08-10 10:04:12
10:04:15,10:04:15,12.39,--,10,12390,卖盘,2017-08-10,2017-08-10 10:04:15
10:04:24,10:04:24,12.39,--,85,105315,卖盘,2017-08-10,2017-08-10 10:04:24
10:04:27,10:04:27,12.39,--,7,8673,卖盘,2017-08-10,2017-08-10 10:04:27
10:04:33,10:04:33,12.39,--,2,2478,卖盘,2017-08-10,2017-08-10 10:04:33
10:04:36,10:04:36,12.39,--,10,12390,卖盘,2017-08-10,2017-08-10 10:04:36
10:04:42,10:04:42,12.39,--,3,3717,卖盘,2017-08-10,2017-08-10 10:04:42
10:04:45,10:04:45,12.39,--,4,4956,卖盘,2017-08-10,2017-08-10 10:04:45
10:04:51,10:04:51,12.39,--,9,11151,卖盘,2017-08-10,2017-08-10 10:04:51
10:05:03,10:05:03,12.39,--,16,19824,卖盘,2017-08-10,2017-08-10 10:05:03
10:05:06,10:05:06,12.39,--,1,1239,卖盘,2017-08-10,2017-08-10 10:05:06
10:05:09,10:05:09,12.39,--,5,6195,卖盘,2017-08-10,2017-08-10 10:05:09
10:05:15,10:05:15,12.39,--,112,138768,卖盘,2017-08-10,2017-08-10 10:05:15
10:05:21,10:05:21,12.39,--,11,13629,卖盘,2017-08-10,2017-08-10 10:05:21
10:05:24,10:05:24,12.39,--,5,6195,卖盘,2017-08-10,2017-08-10 10:05:24
10:05:30,10:05:30,12.39,--,9,11151,卖盘,2017-08-10,2017-08-10 10:05:30
10:05:39,10:05:39,12.39,--,10,12390,卖盘,2017-08-10,2017-08-10 10:05:39
10:05:48,10:05:48,12.39,--,4,4956,卖盘,2017-08-10,2017-08-10 10:05:48
10:05:54,10:05:54,12.39,--,1,1239,卖盘,2017-08-10,2017-08-10 10:05:54
10:05:57,10:05:57,12.39,--,5,6195,卖盘,2017-08-10,2017-08-10 10:05:57
10:06:06,10:06:06,12.39,--,50,61950,卖盘,2017-08-10,2017-08-10 10:06:06
10:06:09,10:06:09,12.39,--,10,12390,卖盘,2017-08-10,2017-08-10 10:06:09
10:06:18,10:06:18,12.39,--,8,9912,卖盘,2017-08-10,2017-08-10 10:06:18
10:06:21,10:06:21,12.39,--,2,2478,卖盘,2017-08-10,2017-08-10 10:06:21
10:06:30,10:06:30,12.39,--,5,6195,卖盘,2017-08-10,2017-08-10 10:06:30
10:06:33,10:06:33,12.39,--,130,161070,卖盘,2017-08-10,2017-08-10 10:06:33
10:06:36,10:06:36,12.39,--,10,12390,卖盘,2017-08-10,2017-08-10 10:06:36
10:06:48,10:06:48,12.39,--,116,143724,卖盘,2017-08-10,2017-08-10 10:06:48
10:06:54,10:06:54,12.39,--,6,7434,卖盘,2017-08-10,2017-08-10 10:06:54
10:06:57,10:06:57,12.39,--,17,21063,卖盘,2017-08-10,2017-08-10 10:06:57
10:07:03,10:07:03,12.39,--,1,1239,卖盘,2017-08-10,2017-08-10 10:07:03
10:07:12,10:07:12,12.39,--,23,28497,卖盘,2017-08-10,2017-08-10 10:07:12
10:07:15,10:07:15,12.39,--,2,2478,卖盘,2017-08-10,2017-08-10 10:07:15
10:07:18,10:07:18,12.39,--,3,3717,卖盘,2017-08-10,2017-08-10 10:07:18
10:07:21,10:07:21,12.39,--,30,37170,卖盘,2017-08-10,2017-08-10 10:07:21
10:07:24,10:07:24,12.39,--,5,6195,卖盘,2017-08-10,2017-08-10 10:07:24
10:07:30,10:07:30,12.39,--,1,1239,卖盘,2017-08-10,2017-08-10 10:07:30
10:07:33,10:07:33,12.39,--,15,18585,卖盘,2017-08-10,2017-08-10 10:07:33
10:07:36,10:07:36,12.39,--,18,22302,卖盘,2017-08-10,2017-08-10 10:07:36
10:07:48,10:07:48,12.39,--,12,14868,卖盘,2017-08-10,2017-08-10 10:07:48
10:07:57,10:07:57,12.39,--,33,40887,卖盘,2017-08-10,2017-08-10 10:07:57
10:08:09,10:08:09,12.39,--,5,6195,卖盘,2017-08-10,2017-08-10 10:08:09
10:08:12,10:08:12,12.39,--,62,76818,卖盘,2017-08-10,2017-08-10 10:08:12
10:08:15,10:08:15,12.39,--,10,12390,卖盘,2017-08-10,2017-08-10 10:08:15
10:08:18,10:08:18,12.39,--,4,4956,卖盘,2017-08-10,2017-08-10 10:08:18
10:08:27,10:08:27,12.39,--,38,47082,卖盘,2017-08-10,2017-08-10 10:08:27
10:08:45,10:08:45,12.39,--,2,2478,卖盘,2017-08-10,2017-08-10 10:08:45
10:08:51,10:08:51,12.39,--,12,14868,卖盘,2017-08-10,2017-08-10 10:08:51
10:08:54,10:08:54,12.39,--,5,6195,卖盘,2017-08-10,2017-08-10 10:08:54
10:08:57,10:08:57,12.39,--,20,24780,卖盘,2017-08-10,2017-08-10 10:08:57
10:09:03,10:09:03,12.39,--,30,37170,卖盘,2017-08-10,2017-08-10 10:09:03
10:09:30,10:09:30,12.39,--,11,13629,卖盘,2017-08-10,2017-08-10 10:09:30
10:09:39,10:09:39,12.39,--,7,8673,卖盘,2017-08-10,2017-08-10 10:09:39
10:09:54,10:09:54,12.39,--,5,6195,卖盘,2017-08-10,2017-08-10 10:09:54
10:10:00,10:10:00,12.39,--,4,4956,卖盘,2017-08-10,2017-08-10 10:10:00
10:10:06,10:10:06,12.39,--,1,1239,卖盘,2017-08-10,2017-08-10 10:10:06
10:10:12,10:10:12,12.39,--,10,12390,卖盘,2017-08-10,2017-08-10 10:10:12
10:10:15,10:10:15,12.39,--,3,3717,卖盘,2017-08-10,2017-08-10 10:10:15
10:10:27,10:10:27,12.39,--,10,12390,卖盘,2017-08-10,2017-08-10 10:10:27
10:10:33,10:10:33,12.39,--,1,1239,卖盘,2017-08-10,2017-08-10 10:10:33
10:10:36,10:10:36,12.39,--,110,136290,卖盘,2017-08-10,2017-08-10 10:10:36
10:10:39,10:10:39,12.39,--,4,4956,卖盘,2017-08-10,2017-08-10 10:10:39
10:10:48,10:10:48,12.39,--,5,6195,卖盘,2017-08-10,2017-08-10 10:10:48
10:10:57,10:10:57,12.39,--,2,2478,卖盘,2017-08-10,2017-08-10 10:10:57
10:11:03,10:11:03,12.39,--,29,35931,卖盘,2017-08-10,2017-08-10 10:11:03
10:11:09,10:11:09,12.39,--,20,24780,卖盘,2017-08-10,2017-08-10 10:11:09
10:11:21,10:11:21,12.39,--,3,3717,卖盘,2017-08-10,2017-08-10 10:11:21
10:11:30,10:11:30,12.39,--,1,1239,卖盘,2017-08-10,2017-08-10 10:11:30
10:11:33,10:11:33,12.39,--,61,75579,卖盘,2017-08-10,2017-08-10 10:11:33
10:11:36,10:11:36,12.39,--,8,9912,卖盘,2017-08-10,2017-08-10 10:11:36
10:11:39,10:11:39,12.39,--,1115,1381485,卖盘,2017-08-10,2017-08-10 10:11:39
10:11:42,10:11:42,12.39,--,57,70623,卖盘,2017-08-10,2017-08-10 10:11:42
10:11:51,10:11:51,12.39,--,5,6195,卖盘,2017-08-10,2017-08-10 10:11:51
10:11:54,10:11:54,12.39,--,38,47082,卖盘,2017-08-10,2017-08-10 10:11:54
10:12:00,10:12:00,12.39,--,20,24780,卖盘,2017-08-10,2017-08-10 10:12:00
10:12:06,10:12:06,12.39,--,62,76818,卖盘,2017-08-10,2017-08-10 10:12:06
10:12:09,10:12:09,12.39,--,47,58233,卖盘,2017-08-10,2017-08-10 10:12:09
10:12:18,10:12:18,12.39,--,6,7434,卖盘,2017-08-10,2017-08-10 10:12:18
10:12:21,10:12:21,12.39,--,5,6195,卖盘,2017-08-10,2017-08-10 10:12:21
10:12:24,10:12:24,12.39,--,10,12390,卖盘,2017-08-10,2017-08-10 10:12:24
10:12:27,10:12:27,12.39,--,3,3717,卖盘,2017-08-10,2017-08-10 10:12:27
10:12:39,10:12:39,12.39,--,1,1239,卖盘,2017-08-10,2017-08-10 10:12:39
10:12:51,10:12:51,12.39,--,14,17346,卖盘,2017-08-10,2017-08-10 10:12:51
10:13:15,10:13:15,12.39,--,10,12390,卖盘,2017-08-10,2017-08-10 10:13:15
10:13:18,10:13:18,12.39,--,19,23541,卖盘,2017-08-10,2017-08-10 10:13:18
10:13:27,10:13:27,12.39,--,290,359310,卖盘,2017-08-10,2017-08-10 10:13:27
10:13:30,10:13:30,12.39,--,8,9912,卖盘,2017-08-10,2017-08-10 10:13:30
10:13:39,10:13:39,12.39,--,10,12390,卖盘,2017-08-10,2017-08-10 10:13:39
10:13:42,10:13:42,12.39,--,3,3717,卖盘,2017-08-10,2017-08-10 10:13:42
10:13:45,10:13:45,12.39,--,40,49560,卖盘,2017-08-10,2017-08-10 10:13:45
10:13:54,10:13:54,12.39,--,8,9912,卖盘,2017-08-10,2017-08-10 10:13:54
10:14:12,10:14:12,12.39,--,32,39648,卖盘,2017-08-10,2017-08-10 10:14:12
10:14:15,10:14:15,12.39,--,10,12390,卖盘,2017-08-10,2017-08-10 10:14:15
10:14:21,10:14:21,12.39,--,10,12390,卖盘,2017-08-10,2017-08-10 10:14:21
10:14:27,10:14:27,12.39,--,10,12390,卖盘,2017-08-10,2017-08-10 10:14:27
10:14:30,10:14:30,12.39,--,30,37170,卖盘,2017-08-10,2017-08-10 10:14:30
10:14:51,10:14:51,12.39,--,10,12390,卖盘,2017-08-10,2017-08-10 10:14:51
10:14:54,10:14:54,12.39,--,20,24780,卖盘,2017-08-10,2017-08-10 10:14:54
10:15:09,10:15:09,12.39,--,37,45843,卖盘,2017-08-10,2017-08-10 10:15:09
10:15:12,10:15:12,12.39,--,5,6195,卖盘,2017-08-10,2017-08-10 10:15:12
10:15:21,10:15:21,12.39,--,5,6195,卖盘,2017-08-10,2017-08-10 10:15:21
10:15:24,10:15:24,12.39,--,14,17346,卖盘,2017-08-10,2017-08-10 10:15:24
10:15:30,10:15:30,12.39,--,20,24780,卖盘,2017-08-10,2017-08-10 10:15:30
10:15:51,10:15:51,12.39,--,20,24780,卖盘,2017-08-10,2017-08-10 10:15:51
10:15:54,10:15:54,12.39,--,1,1239,卖盘,2017-08-10,2017-08-10 10:15:54
10:16:09,10:16:09,12.39,--,6,7434,卖盘,2017-08-10,2017-08-10 10:16:09
10:16:12,10:16:12,12.39,--,74,91686,卖盘,2017-08-10,2017-08-10 10:16:12
10:16:15,10:16:15,12.39,--,5,6195,卖盘,2017-08-10,2017-08-10 10:16:15
10:16:36,10:16:36,12.39,--,10,12390,卖盘,2017-08-10,2017-08-10 10:16:36
10:16:42,10:16:42,12.39,--,1,1239,卖盘,2017-08-10,2017-08-10 10:16:42
10:16:45,10:16:45,12.39,--,5,6195,卖盘,2017-08-10,2017-08-10 10:16:45
10:16:54,10:16:54,12.39,--,3,3717,卖盘,2017-08-10,2017-08-10 10:16:54
10:16:57,10:16:57,12.39,--,44,54516,卖盘,2017-08-10,2017-08-10 10:16:57
10:17:00,10:17:00,12.39,--,48,59472,卖盘,2017-08-10,2017-08-10 10:17:00
10:17:09,10:17:09,12.39,--,37,45843,卖盘,2017-08-10,2017-08-10 10:17:09
10:17:12,10:17:12,12.39,--,1,1239,卖盘,2017-08-10,2017-08-10 10:17:12
10:17:15,10:17:15,12.39,--,79,97881,卖盘,2017-08-10,2017-08-10 10:17:15
10:17:21,10:17:21,12.39,--,10,12390,卖盘,2017-08-10,2017-08-10 10:17:21
10:17:27,10:17:27,12.39,--,26,32214,卖盘,2017-08-10,2017-08-10 10:17:27
10:17:30,10:17:30,12.39,--,21,26019,卖盘,2017-08-10,2017-08-10 10:17:30
10:17:36,10:17:36,12.39,--,20,24780,卖盘,2017-08-10,2017-08-10 10:17:36
10:17:39,10:17:39,12.39,--,5,6195,卖盘,2017-08-10,2017-08-10 10:17:39
10:17:45,10:17:45,12.39,--,17,21063,卖盘,2017-08-10,2017-08-10 10:17:45
10:18:06,10:18:06,12.39,--,30,37170,卖盘,2017-08-10,2017-08-10 10:18:06
10:18:09,10:18:09,12.39,--,3,3717,卖盘,2017-08-10,2017-08-10 10:18:09
10:18:24,10:18:24,12.39,--,3,3717,卖盘,2017-08-10,2017-08-10 10:18:24
10:18:27,10:18:27,12.39,--,500,619500,卖盘,2017-08-10,2017-08-10 10:18:27
10:18:36,10:18:36,12.39,--,20,24780,卖盘,2017-08-10,2017-08-10 10:18:36
10:18:45,10:18:45,12.39,--,15,18585,卖盘,2017-08-10,2017-08-10 10:18:45
10:18:48,10:18:48,12.39,--,30,37170,卖盘,2017-08-10,2017-08-10 10:18:48
10:18:51,10:18:51,12.39,--,50,61950,卖盘,2017-08-10,2017-08-10 10:18:51
10:18:54,10:18:54,12.39,--,5,6195,卖盘,2017-08-10,2017-08-10 10:18:54
10:19:00,10:19:00,12.39,--,12,14868,卖盘,2017-08-10,2017-08-10 10:19:00
10:19:03,10:19:03,12.39,--,10,12390,卖盘,2017-08-10,2017-08-10 10:19:03
10:19:09,10:19:09,12.39,--,29,35931,卖盘,2017-08-10,2017-08-10 10:19:09
10:19:15,10:19:15,12.39,--,3,3717,卖盘,2017-08-10,2017-08-10 10:19:15
10:19:18,10:19:18,12.39,--,2,2478,卖盘,2017-08-10,2017-08-10 10:19:18
10:19:24,10:19:24,12.39,--,1,1239,卖盘,2017-08-10,2017-08-10 10:19:24
10:19:36,10:19:36,12.39,--,11,13629,卖盘,2017-08-10,2017-08-10 10:19:36
10:19:39,10:19:39,12.39,--,50,61950,卖盘,2017-08-10,2017-08-10 10:19:39
10:19:45,10:19:45,12.39,--,35,43365,卖盘,2017-08-10,2017-08-10 10:19:45
10:19:54,10:19:54,12.39,--,2,2478,卖盘,2017-08-10,2017-08-10 10:19:54
10:19:57,10:19:57,12.39,--,5,6195,卖盘,2017-08-10,2017-08-10 10:19:57
10:20:03,10:20:03,12.39,--,103,127617,卖盘,2017-08-10,2017-08-10 10:20:03
10:20:06,10:20:06,12.39,--,80,99120,卖盘,2017-08-10,2017-08-10 10:20:06
10:20:24,10:20:24,12.39,--,1,1239,卖盘,2017-08-10,2017-08-10 10:20:24
10:20:33,10:20:33,12.39,--,12,14868,卖盘,2017-08-10,2017-08-10 10:20:33
10:20:36,10:20:36,12.39,--,10,12390,卖盘,2017-08-10,2017-08-10 10:20:36
10:20:45,10:20:45,12.39,--,104,128856,卖盘,2017-08-10,2017-08-10 10:20:45
10:21:00,10:21:00,12.39,--,30,37170,卖盘,2017-08-10,2017-08-10 10:21:00
10:21:09,10:21:09,12.39,--,1,1239,卖盘,2017-08-10,2017-08-10 10:21:09
10:21:12,10:21:12,12.39,--,89,110271,卖盘,2017-08-10,2017-08-10 10:21:12
10:21:27,10:21:27,12.39,--,5,6195,卖盘,2017-08-10,2017-08-10 10:21:27
10:21:30,10:21:30,12.39,--,20,24780,卖盘,2017-08-10,2017-08-10 10:21:30
10:21:33,10:21:33,12.39,--,7,8673,卖盘,2017-08-10,2017-08-10 10:21:33
10:21:39,10:21:39,12.39,--,3,3717,卖盘,2017-08-10,2017-08-10 10:21:39
10:21:45,10:21:45,12.39,--,2,2478,卖盘,2017-08-10,2017-08-10 10:21:45
10:21:57,10:21:57,12.39,--,14,17346,卖盘,2017-08-10,2017-08-10 10:21:57
10:22:12,10:22:12,12.39,--,2,2478,卖盘,2017-08-10,2017-08-10 10:22:12
10:22:24,10:22:24,12.39,--,5,6195,卖盘,2017-08-10,2017-08-10 10:22:24
10:22:33,10:22:33,12.39,--,121,149919,卖盘,2017-08-10,2017-08-10 10:22:33
10:22:36,10:22:36,12.39,--,55,68145,卖盘,2017-08-10,2017-08-10 10:22:36
10:22:42,10:22:42,12.39,--,17,21063,卖盘,2017-08-10,2017-08-10 10:22:42
10:22:57,10:22:57,12.39,--,8,9912,卖盘,2017-08-10,2017-08-10 10:22:57
10:23:03,10:23:03,12.39,--,1,1239,卖盘,2017-08-10,2017-08-10 10:23:03
10:23:18,10:23:18,12.39,--,12,14868,卖盘,2017-08-10,2017-08-10 10:23:18
10:23:24,10:23:24,12.39,--,176,218064,卖盘,2017-08-10,2017-08-10 10:23:24
10:23:36,10:23:36,12.39,--,150,185850,卖盘,2017-08-10,2017-08-10 10:23:36
10:23:57,10:23:57,12.39,--,2,2478,卖盘,2017-08-10,2017-08-10 10:23:57
10:24:24,10:24:24,12.39,--,10,12390,卖盘,2017-08-10,2017-08-10 10:24:24
10:24:33,10:24:33,12.39,--,23,28497,卖盘,2017-08-10,2017-08-10 10:24:33
10:24:36,10:24:36,12.39,--,20,24780,卖盘,2017-08-10,2017-08-10 10:24:36
10:24:54,10:24:54,12.39,--,1,1239,卖盘,2017-08-10,2017-08-10 10:24:54
10:24:57,10:24:57,12.39,--,10,12390,卖盘,2017-08-10,2017-08-10 10:24:57
10:25:00,10:25:00,12.39,--,100,123900,卖盘,2017-08-10,2017-08-10 10:25:00
10:25:06,10:25:06,12.39,--,1,1239,卖盘,2017-08-10,2017-08-10 10:25:06
10:25:18,10:25:18,12.39,--,16,19824,卖盘,2017-08-10,2017-08-10 10:25:18
10:25:39,10:25:39,12.39,--,50,61950,卖盘,2017-08-10,2017-08-10 10:25:39
10:25:42,10:25:42,12.39,--,20,24780,卖盘,2017-08-10,2017-08-10 10:25:42
10:25:48,10:25:48,12.39,--,1,1239,卖盘,2017-08-10,2017-08-10 10:25:48
10:26:18,10:26:18,12.39,--,27,33453,卖盘,2017-08-10,2017-08-10 10:26:18
10:26:45,10:26:45,12.39,--,10,12390,卖盘,2017-08-10,2017-08-10 10:26:45
10:26:54,10:26:54,12.39,--,1,1239,卖盘,2017-08-10,2017-08-10 10:26:54
10:27:12,10:27:12,12.39,--,3,3717,卖盘,2017-08-10,2017-08-10 10:27:12
10:27:21,10:27:21,12.39,--,2,2478,卖盘,2017-08-10,2017-08-10 10:27:21
10:27:27,10:27:27,12.39,--,10,12390,卖盘,2017-08-10,2017-08-10 10:27:27
10:27:33,10:27:33,12.39,--,64,79296,卖盘,2017-08-10,2017-08-10 10:27:33
10:27:48,10:27:48,12.39,--,6,7434,卖盘,2017-08-10,2017-08-10 10:27:48
10:27:57,10:27:57,12.39,--,2,2478,卖盘,2017-08-10,2017-08-10 10:27:57
10:28:03,10:28:03,12.39,--,30,37170,卖盘,2017-08-10,2017-08-10 10:28:03
10:28:06,10:28:06,12.39,--,10,12390,卖盘,2017-08-10,2017-08-10 10:28:06
10:28:27,10:28:27,12.39,--,5,6195,卖盘,2017-08-10,2017-08-10 10:28:27
10:28:30,10:28:30,12.39,--,11,13629,卖盘,2017-08-10,2017-08-10 10:28:30
10:28:33,10:28:33,12.39,--,41,50799,卖盘,2017-08-10,2017-08-10 10:28:33
10:28:36,10:28:36,12.39,--,5,6195,卖盘,2017-08-10,2017-08-10 10:28:36
10:28:39,10:28:39,12.39,--,138,170982,卖盘,2017-08-10,2017-08-10 10:28:39
10:28:45,10:28:45,12.39,--,8,9912,卖盘,2017-08-10,2017-08-10 10:28:45
10:28:51,10:28:51,12.39,--,18,22302,卖盘,2017-08-10,2017-08-10 10:28:51
10:28:54,10:28:54,12.39,--,5,6195,卖盘,2017-08-10,2017-08-10 10:28:54
10:29:00,10:29:00,12.39,--,14,17346,卖盘,2017-08-10,2017-08-10 10:29:00
10:29:03,10:29:03,12.39,--,10,12390,卖盘,2017-08-10,2017-08-10 10:29:03
10:29:06,10:29:06,12.39,--,45,55755,卖盘,2017-08-10,2017-08-10 10:29:06
10:29:12,10:29:12,12.39,--,5,6195,卖盘,2017-08-10,2017-08-10 10:29:12
10:29:15,10:29:15,12.39,--,88,109032,卖盘,2017-08-10,2017-08-10 10:29:15
10:29:24,10:29:24,12.39,--,1,1239,卖盘,2017-08-10,2017-08-10 10:29:24
10:29:36,10:29:36,12.39,--,18,22302,卖盘,2017-08-10,2017-08-10 10:29:36
10:29:45,10:29:45,12.39,--,25,30975,卖盘,2017-08-10,2017-08-10 10:29:45
10:29:51,10:29:51,12.39,--,100,123900,卖盘,2017-08-10,2017-08-10 10:29:51
10:29:57,10:29:57,12.39,--,1,1239,卖盘,2017-08-10,2017-08-10 10:29:57
10:30:00,10:30:00,12.39,--,25,30975,卖盘,2017-08-10,2017-08-10 10:30:00
10:30:06,10:30:06,12.39,--,1,1239,卖盘,2017-08-10,2017-08-10 10:30:06
10:30:18,10:30:18,12.39,--,100,123900,卖盘,2017-08-10,2017-08-10 10:30:18
10:30:21,10:30:21,12.39,--,5,6195,卖盘,2017-08-10,2017-08-10 10:30:21
10:30:27,10:30:27,12.39,--,11,13629,卖盘,2017-08-10,2017-08-10 10:30:27
10:30:33,10:30:33,12.39,--,6,7434,卖盘,2017-08-10,2017-08-10 10:30:33
10:30:39,10:30:39,12.39,--,5,6195,卖盘,2017-08-10,2017-08-10 10:30:39
10:30:48,10:30:48,12.39,--,5,6195,卖盘,2017-08-10,2017-08-10 10:30:48
10:30:51,10:30:51,12.39,--,14,17346,卖盘,2017-08-10,2017-08-10 10:30:51
10:31:00,10:31:00,12.39,--,5,6195,卖盘,2017-08-10,2017-08-10 10:31:00
10:31:06,10:31:06,12.39,--,50,61950,卖盘,2017-08-10,2017-08-10 10:31:06
10:31:09,10:31:09,12.39,--,2,2478,卖盘,2017-08-10,2017-08-10 10:31:09
10:31:12,10:31:12,12.39,--,5,6195,卖盘,2017-08-10,2017-08-10 10:31:12
10:31:30,10:31:30,12.39,--,4,4956,卖盘,2017-08-10,2017-08-10 10:31:30
10:31:33,10:31:33,12.39,--,31,38409,卖盘,2017-08-10,2017-08-10 10:31:33
10:32:06,10:32:06,12.39,--,10,12390,卖盘,2017-08-10,2017-08-10 10:32:06
10:32:21,10:32:21,12.39,--,15,18585,卖盘,2017-08-10,2017-08-10 10:32:21
10:32:54,10:32:54,12.39,--,49,60711,卖盘,2017-08-10,2017-08-10 10:32:54
10:32:57,10:32:57,12.39,--,10,12390,卖盘,2017-08-10,2017-08-10 10:32:57
10:33:00,10:33:00,12.39,--,5,6195,卖盘,2017-08-10,2017-08-10 10:33:00
10:33:03,10:33:03,12.39,--,187,231693,卖盘,2017-08-10,2017-08-10 10:33:03
10:33:09,10:33:09,12.39,--,285,353115,卖盘,2017-08-10,2017-08-10 10:33:09
10:33:12,10:33:12,12.39,--,210,260190,卖盘,2017-08-10,2017-08-10 10:33:12
10:33:15,10:33:15,12.39,--,10,12390,卖盘,2017-08-10,2017-08-10 10:33:15
10:33:18,10:33:18,12.39,--,300,371700,卖盘,2017-08-10,2017-08-10 10:33:18
10:33:21,10:33:21,12.39,--,5,6195,卖盘,2017-08-10,2017-08-10 10:33:21
10:33:27,10:33:27,12.39,--,30,37170,卖盘,2017-08-10,2017-08-10 10:33:27
10:33:36,10:33:36,12.39,--,38,47082,卖盘,2017-08-10,2017-08-10 10:33:36
10:33:42,10:33:42,12.39,--,1,1239,卖盘,2017-08-10,2017-08-10 10:33:42
10:33:45,10:33:45,12.39,--,80,99120,卖盘,2017-08-10,2017-08-10 10:33:45
10:33:48,10:33:48,12.39,--,46,56994,卖盘,2017-08-10,2017-08-10 10:33:48
10:33:51,10:33:51,12.39,--,30,37170,卖盘,2017-08-10,2017-08-10 10:33:51
10:33:54,10:33:54,12.39,--,25,30975,卖盘,2017-08-10,2017-08-10 10:33:54
10:33:57,10:33:57,12.39,--,130,161070,卖盘,2017-08-10,2017-08-10 10:33:57
10:34:00,10:34:00,12.39,--,30,37170,卖盘,2017-08-10,2017-08-10 10:34:00
10:34:03,10:34:03,12.39,--,10,12390,卖盘,2017-08-10,2017-08-10 10:34:03
10:34:06,10:34:06,12.39,--,20,24780,卖盘,2017-08-10,2017-08-10 10:34:06
10:34:09,10:34:09,12.39,--,6,7434,卖盘,2017-08-10,2017-08-10 10:34:09
10:34:12,10:34:12,12.39,--,70,86730,卖盘,2017-08-10,2017-08-10 10:34:12
10:34:15,10:34:15,12.39,--,41,50799,卖盘,2017-08-10,2017-08-10 10:34:15
10:34:18,10:34:18,12.39,--,40,49560,卖盘,2017-08-10,2017-08-10 10:34:18
10:34:21,10:34:21,12.39,--,192,237888,卖盘,2017-08-10,2017-08-10 10:34:21
10:34:24,10:34:24,12.39,--,50,61950,卖盘,2017-08-10,2017-08-10 10:34:24
10:34:27,10:34:27,12.39,--,196,242844,卖盘,2017-08-10,2017-08-10 10:34:27
10:34:30,10:34:30,12.39,--,84,104076,卖盘,2017-08-10,2017-08-10 10:34:30
10:34:33,10:34:33,12.39,--,89,110271,卖盘,2017-08-10,2017-08-10 10:34:33
10:34:36,10:34:36,12.39,--,16,19824,卖盘,2017-08-10,2017-08-10 10:34:36
10:34:45,10:34:45,12.39,--,4,4956,卖盘,2017-08-10,2017-08-10 10:34:45
10:34:51,10:34:51,12.39,--,113,140007,卖盘,2017-08-10,2017-08-10 10:34:51
10:34:54,10:34:54,12.39,--,598,740922,卖盘,2017-08-10,2017-08-10 10:34:54
10:34:57,10:34:57,12.39,--,19,23541,卖盘,2017-08-10,2017-08-10 10:34:57
10:35:00,10:35:00,12.39,--,341,422499,卖盘,2017-08-10,2017-08-10 10:35:00
10:35:03,10:35:03,12.39,--,528,654192,卖盘,2017-08-10,2017-08-10 10:35:03
10:35:06,10:35:06,12.39,--,235,291165,卖盘,2017-08-10,2017-08-10 10:35:06
10:35:09,10:35:09,12.39,--,105,130095,卖盘,2017-08-10,2017-08-10 10:35:09
10:35:12,10:35:12,12.39,--,369,457191,卖盘,2017-08-10,2017-08-10 10:35:12
10:35:15,10:35:15,12.39,--,15,18585,卖盘,2017-08-10,2017-08-10 10:35:15
10:35:18,10:35:18,12.39,--,1402,1737078,卖盘,2017-08-10,2017-08-10 10:35:18
10:35:21,10:35:21,12.39,--,419,519141,卖盘,2017-08-10,2017-08-10 10:35:21
10:35:24,10:35:24,12.39,--,300,371700,卖盘,2017-08-10,2017-08-10 10:35:24
10:35:27,10:35:27,12.39,--,30,37170,卖盘,2017-08-10,2017-08-10 10:35:27
10:35:30,10:35:30,12.39,--,180,223020,卖盘,2017-08-10,2017-08-10 10:35:30
10:35:33,10:35:33,12.39,--,179,221781,卖盘,2017-08-10,2017-08-10 10:35:33
10:35:36,10:35:36,12.39,--,38,47082,卖盘,2017-08-10,2017-08-10 10:35:36
10:35:39,10:35:39,12.39,--,67,83013,卖盘,2017-08-10,2017-08-10 10:35:39
10:35:42,10:35:42,12.39,--,120,148680,卖盘,2017-08-10,2017-08-10 10:35:42
10:35:45,10:35:45,12.39,--,115,142485,卖盘,2017-08-10,2017-08-10 10:35:45
10:35:48,10:35:48,12.39,--,151,187089,卖盘,2017-08-10,2017-08-10 10:35:48
10:35:51,10:35:51,12.39,--,288,356832,卖盘,2017-08-10,2017-08-10 10:35:51
10:35:54,10:35:54,12.39,--,50,61950,卖盘,2017-08-10,2017-08-10 10:35:54
10:35:57,10:35:57,12.39,--,143,177177,卖盘,2017-08-10,2017-08-10 10:35:57
10:36:00,10:36:00,12.39,--,103,127617,卖盘,2017-08-10,2017-08-10 10:36:00
10:36:03,10:36:03,12.39,--,72,89208,卖盘,2017-08-10,2017-08-10 10:36:03
10:36:06,10:36:06,12.39,--,97,120183,卖盘,2017-08-10,2017-08-10 10:36:06
10:36:09,10:36:09,12.39,--,156,193284,卖盘,2017-08-10,2017-08-10 10:36:09
10:36:12,10:36:12,12.39,--,655,811545,卖盘,2017-08-10,2017-08-10 10:36:12
10:36:15,10:36:15,12.39,--,393,486927,卖盘,2017-08-10,2017-08-10 10:36:15
10:36:18,10:36:18,12.39,--,31,38409,卖盘,2017-08-10,2017-08-10 10:36:18
10:36:21,10:36:21,12.39,--,25,30975,卖盘,2017-08-10,2017-08-10 10:36:21
10:36:24,10:36:24,12.39,--,195,241605,卖盘,2017-08-10,2017-08-10 10:36:24
10:36:27,10:36:27,12.39,--,42,52038,卖盘,2017-08-10,2017-08-10 10:36:27
10:36:30,10:36:30,12.39,--,79,97881,卖盘,2017-08-10,2017-08-10 10:36:30
10:36:33,10:36:33,12.39,--,330,408870,卖盘,2017-08-10,2017-08-10 10:36:33
10:36:36,10:36:36,12.39,--,60,74340,卖盘,2017-08-10,2017-08-10 10:36:36
10:36:39,10:36:39,12.39,--,10,12390,卖盘,2017-08-10,2017-08-10 10:36:39
10:36:42,10:36:42,12.39,--,15,18585,卖盘,2017-08-10,2017-08-10 10:36:42
10:36:51,10:36:51,12.39,--,30,37170,卖盘,2017-08-10,2017-08-10 10:36:51
10:36:54,10:36:54,12.39,--,29,35931,卖盘,2017-08-10,2017-08-10 10:36:54
10:36:57,10:36:57,12.39,--,27,33453,卖盘,2017-08-10,2017-08-10 10:36:57
10:37:03,10:37:03,12.39,--,28,34692,卖盘,2017-08-10,2017-08-10 10:37:03
10:37:06,10:37:06,12.39,--,45,55755,卖盘,2017-08-10,2017-08-10 10:37:06
10:37:09,10:37:09,12.39,--,11,13629,卖盘,2017-08-10,2017-08-10 10:37:09
10:37:12,10:37:12,12.39,--,15,18585,卖盘,2017-08-10,2017-08-10 10:37:12
10:37:15,10:37:15,12.39,--,1,1239,卖盘,2017-08-10,2017-08-10 10:37:15
10:37:18,10:37:18,12.39,--,144,178416,卖盘,2017-08-10,2017-08-10 10:37:18
10:37:21,10:37:21,12.39,--,65,80535,卖盘,2017-08-10,2017-08-10 10:37:21
10:37:24,10:37:24,12.39,--,25,30975,卖盘,2017-08-10,2017-08-10 10:37:24
10:37:27,10:37:27,12.39,--,110,136290,卖盘,2017-08-10,2017-08-10 10:37:27
10:37:30,10:37:30,12.39,--,210,260190,卖盘,2017-08-10,2017-08-10 10:37:30
10:37:33,10:37:33,12.39,--,20,24780,卖盘,2017-08-10,2017-08-10 10:37:33
10:37:36,10:37:36,12.39,--,54,66906,卖盘,2017-08-10,2017-08-10 10:37:36
10:37:39,10:37:39,12.39,--,17,21063,卖盘,2017-08-10,2017-08-10 10:37:39
10:37:42,10:37:42,12.39,--,21,26019,卖盘,2017-08-10,2017-08-10 10:37:42
10:37:45,10:37:45,12.39,--,99,122661,卖盘,2017-08-10,2017-08-10 10:37:45
10:37:48,10:37:48,12.39,--,21,26019,卖盘,2017-08-10,2017-08-10 10:37:48
10:37:51,10:37:51,12.39,--,2,2478,卖盘,2017-08-10,2017-08-10 10:37:51
10:37:57,10:37:57,12.39,--,21,26019,卖盘,2017-08-10,2017-08-10 10:37:57
10:38:00,10:38:00,12.39,--,60,74340,卖盘,2017-08-10,2017-08-10 10:38:00
10:38:03,10:38:03,12.39,--,30,37170,卖盘,2017-08-10,2017-08-10 10:38:03
10:38:06,10:38:06,12.39,--,90,111510,卖盘,2017-08-10,2017-08-10 10:38:06
10:38:09,10:38:09,12.39,--,13,16107,卖盘,2017-08-10,2017-08-10 10:38:09
10:38:15,10:38:15,12.39,--,13,16107,卖盘,2017-08-10,2017-08-10 10:38:15
10:38:18,10:38:18,12.39,--,18,22302,卖盘,2017-08-10,2017-08-10 10:38:18
10:38:21,10:38:21,12.39,--,3,3717,卖盘,2017-08-10,2017-08-10 10:38:21
10:38:24,10:38:24,12.39,--,139,172221,卖盘,2017-08-10,2017-08-10 10:38:24
10:38:27,10:38:27,12.39,--,25,30975,卖盘,2017-08-10,2017-08-10 10:38:27
10:38:36,10:38:36,12.39,--,20,24780,卖盘,2017-08-10,2017-08-10 10:38:36
10:38:39,10:38:39,12.39,--,91,112749,卖盘,2017-08-10,2017-08-10 10:38:39
10:38:48,10:38:48,12.39,--,33,40887,卖盘,2017-08-10,2017-08-10 10:38:48
10:38:51,10:38:51,12.39,--,2,2478,卖盘,2017-08-10,2017-08-10 10:38:51
10:38:54,10:38:54,12.39,--,10,12390,卖盘,2017-08-10,2017-08-10 10:38:54
10:38:57,10:38:57,12.39,--,100,123900,卖盘,2017-08-10,2017-08-10 10:38:57
10:39:00,10:39:00,12.39,--,19,23541,卖盘,2017-08-10,2017-08-10 10:39:00
10:39:03,10:39:03,12.39,--,28,34692,卖盘,2017-08-10,2017-08-10 10:39:03
10:39:06,10:39:06,12.39,--,45,55755,卖盘,2017-08-10,2017-08-10 10:39:06
10:39:12,10:39:12,12.39,--,2,2478,卖盘,2017-08-10,2017-08-10 10:39:12
10:39:15,10:39:15,12.39,--,50,61950,卖盘,2017-08-10,2017-08-10 10:39:15
10:39:21,10:39:21,12.39,--,10,12390,卖盘,2017-08-10,2017-08-10 10:39:21
10:39:24,10:39:24,12.39,--,30,37170,卖盘,2017-08-10,2017-08-10 10:39:24
10:39:27,10:39:27,12.39,--,2,2478,卖盘,2017-08-10,2017-08-10 10:39:27
10:39:30,10:39:30,12.39,--,200,247800,卖盘,2017-08-10,2017-08-10 10:39:30
10:39:33,10:39:33,12.39,--,62,76818,卖盘,2017-08-10,2017-08-10 10:39:33
10:39:36,10:39:36,12.39,--,6,7434,卖盘,2017-08-10,2017-08-10 10:39:36
10:39:39,10:39:39,12.39,--,53,65667,卖盘,2017-08-10,2017-08-10 10:39:39
10:39:42,10:39:42,12.39,--,60,74340,卖盘,2017-08-10,2017-08-10 10:39:42
10:39:45,10:39:45,12.39,--,86,106554,卖盘,2017-08-10,2017-08-10 10:39:45
10:39:48,10:39:48,12.39,--,2,2478,卖盘,2017-08-10,2017-08-10 10:39:48
10:39:51,10:39:51,12.39,--,70,86730,卖盘,2017-08-10,2017-08-10 10:39:51
10:39:54,10:39:54,12.39,--,7,8673,卖盘,2017-08-10,2017-08-10 10:39:54
10:39:57,10:39:57,12.39,--,56,69384,卖盘,2017-08-10,2017-08-10 10:39:57
10:40:00,10:40:00,12.39,--,280,347997,卖盘,2017-08-10,2017-08-10 10:40:00
10:40:03,10:40:03,12.39,--,4,4956,卖盘,2017-08-10,2017-08-10 10:40:03
10:40:06,10:40:06,12.39,--,8,9912,卖盘,2017-08-10,2017-08-10 10:40:06
10:40:09,10:40:09,12.39,--,1,1239,卖盘,2017-08-10,2017-08-10 10:40:09
10:40:12,10:40:12,12.39,--,61,75579,卖盘,2017-08-10,2017-08-10 10:40:12
10:40:21,10:40:21,12.39,--,40,49560,卖盘,2017-08-10,2017-08-10 10:40:21
10:40:30,10:40:30,12.39,--,2,2478,卖盘,2017-08-10,2017-08-10 10:40:30
10:40:36,10:40:36,12.39,--,18,22302,卖盘,2017-08-10,2017-08-10 10:40:36
10:40:39,10:40:39,12.39,--,179,221781,卖盘,2017-08-10,2017-08-10 10:40:39
10:40:42,10:40:42,12.39,--,20,24780,卖盘,2017-08-10,2017-08-10 10:40:42
10:40:45,10:40:45,12.39,--,34,42126,卖盘,2017-08-10,2017-08-10 10:40:45
10:40:48,10:40:48,12.39,--,255,315945,卖盘,2017-08-10,2017-08-10 10:40:48
10:40:51,10:40:51,12.39,--,69,85491,卖盘,2017-08-10,2017-08-10 10:40:51
10:40:54,10:40:54,12.39,--,34,42126,卖盘,2017-08-10,2017-08-10 10:40:54
10:40:57,10:40:57,12.39,--,294,364266,卖盘,2017-08-10,2017-08-10 10:40:57
10:41:00,10:41:00,12.39,--,38,47082,卖盘,2017-08-10,2017-08-10 10:41:00
10:41:03,10:41:03,12.39,--,50,61950,卖盘,2017-08-10,2017-08-10 10:41:03
10:41:06,10:41:06,12.39,--,20,24780,卖盘,2017-08-10,2017-08-10 10:41:06
10:41:12,10:41:12,12.39,--,245,303555,卖盘,2017-08-10,2017-08-10 10:41:12
10:41:15,10:41:15,12.39,--,25,30975,卖盘,2017-08-10,2017-08-10 10:41:15
10:41:18,10:41:18,12.39,--,80,99120,卖盘,2017-08-10,2017-08-10 10:41:18
10:41:21,10:41:21,12.39,--,73,90447,卖盘,2017-08-10,2017-08-10 10:41:21
10:41:27,10:41:27,12.39,--,34,42126,卖盘,2017-08-10,2017-08-10 10:41:27
10:41:30,10:41:30,12.39,--,20,24780,卖盘,2017-08-10,2017-08-10 10:41:30
10:41:33,10:41:33,12.39,--,25,30975,卖盘,2017-08-10,2017-08-10 10:41:33
10:41:36,10:41:36,12.39,--,50,61950,卖盘,2017-08-10,2017-08-10 10:41:36
10:41:39,10:41:39,12.39,--,39,48321,卖盘,2017-08-10,2017-08-10 10:41:39
10:41:42,10:41:42,12.39,--,36,44604,卖盘,2017-08-10,2017-08-10 10:41:42
10:41:51,10:41:51,12.39,--,63,78057,卖盘,2017-08-10,2017-08-10 10:41:51
10:41:54,10:41:54,12.39,--,188,232932,卖盘,2017-08-10,2017-08-10 10:41:54
10:41:57,10:41:57,12.39,--,114,141246,卖盘,2017-08-10,2017-08-10 10:41:57
10:42:03,10:42:03,12.39,--,20,24780,卖盘,2017-08-10,2017-08-10 10:42:03
10:42:09,10:42:09,12.39,--,120,148680,卖盘,2017-08-10,2017-08-10 10:42:09
10:42:12,10:42:12,12.39,--,20,24780,卖盘,2017-08-10,2017-08-10 10:42:12
10:42:15,10:42:15,12.39,--,30,37170,卖盘,2017-08-10,2017-08-10 10:42:15
10:42:21,10:42:21,12.39,--,366,453474,卖盘,2017-08-10,2017-08-10 10:42:21
10:42:24,10:42:24,12.39,--,145,179655,卖盘,2017-08-10,2017-08-10 10:42:24
10:42:27,10:42:27,12.39,--,5,6195,卖盘,2017-08-10,2017-08-10 10:42:27
10:42:30,10:42:30,12.39,--,200,247800,卖盘,2017-08-10,2017-08-10 10:42:30
10:42:33,10:42:33,12.39,--,59,73101,卖盘,2017-08-10,2017-08-10 10:42:33
10:42:36,10:42:36,12.39,--,23,28497,卖盘,2017-08-10,2017-08-10 10:42:36
10:42:42,10:42:42,12.39,--,5,6195,卖盘,2017-08-10,2017-08-10 10:42:42
10:42:45,10:42:45,12.39,--,62,76818,卖盘,2017-08-10,2017-08-10 10:42:45
10:42:48,10:42:48,12.39,--,10,12390,卖盘,2017-08-10,2017-08-10 10:42:48
10:42:51,10:42:51,12.39,--,105,130095,卖盘,2017-08-10,2017-08-10 10:42:51
10:42:57,10:42:57,12.39,--,20,24780,卖盘,2017-08-10,2017-08-10 10:42:57
10:43:00,10:43:00,12.39,--,217,268863,卖盘,2017-08-10,2017-08-10 10:43:00
10:43:03,10:43:03,12.39,--,2,2478,卖盘,2017-08-10,2017-08-10 10:43:03
10:43:06,10:43:06,12.39,--,56,69384,卖盘,2017-08-10,2017-08-10 10:43:06
10:43:12,10:43:12,12.39,--,143,177177,卖盘,2017-08-10,2017-08-10 10:43:12
10:43:15,10:43:15,12.39,--,46,56994,卖盘,2017-08-10,2017-08-10 10:43:15
10:43:18,10:43:18,12.39,--,4,4956,卖盘,2017-08-10,2017-08-10 10:43:18
10:43:21,10:43:21,12.39,--,45,55755,卖盘,2017-08-10,2017-08-10 10:43:21
10:43:24,10:43:24,12.39,--,45,55755,卖盘,2017-08-10,2017-08-10 10:43:24
10:43:33,10:43:33,12.39,--,130,161070,卖盘,2017-08-10,2017-08-10 10:43:33
10:43:36,10:43:36,12.39,--,7,8673,卖盘,2017-08-10,2017-08-10 10:43:36
10:43:39,10:43:39,12.39,--,10,12390,卖盘,2017-08-10,2017-08-10 10:43:39
10:43:42,10:43:42,12.39,--,5,6195,卖盘,2017-08-10,2017-08-10 10:43:42
10:43:45,10:43:45,12.39,--,15,18585,卖盘,2017-08-10,2017-08-10 10:43:45
10:43:51,10:43:51,12.39,--,140,173460,卖盘,2017-08-10,2017-08-10 10:43:51
10:43:54,10:43:54,12.39,--,240,297360,卖盘,2017-08-10,2017-08-10 10:43:54
10:43:57,10:43:57,12.39,--,10,12390,卖盘,2017-08-10,2017-08-10 10:43:57
10:44:00,10:44:00,12.39,--,56,69384,卖盘,2017-08-10,2017-08-10 10:44:00
10:44:03,10:44:03,12.39,--,23,28497,卖盘,2017-08-10,2017-08-10 10:44:03
10:44:06,10:44:06,12.39,--,540,669060,卖盘,2017-08-10,2017-08-10 10:44:06
10:44:09,10:44:09,12.39,--,59,73101,卖盘,2017-08-10,2017-08-10 10:44:09
10:44:12,10:44:12,12.39,--,68,84252,卖盘,2017-08-10,2017-08-10 10:44:12
10:44:15,10:44:15,12.39,--,111,137529,卖盘,2017-08-10,2017-08-10 10:44:15
10:44:18,10:44:18,12.39,--,520,644280,卖盘,2017-08-10,2017-08-10 10:44:18
10:44:21,10:44:21,12.39,--,60,74340,卖盘,2017-08-10,2017-08-10 10:44:21
10:44:24,10:44:24,12.39,--,79,97881,卖盘,2017-08-10,2017-08-10 10:44:24
10:44:27,10:44:27,12.39,--,119,147441,卖盘,2017-08-10,2017-08-10 10:44:27
10:44:30,10:44:30,12.39,--,27,33453,卖盘,2017-08-10,2017-08-10 10:44:30
10:44:33,10:44:33,12.39,--,104,128856,卖盘,2017-08-10,2017-08-10 10:44:33
10:44:36,10:44:36,12.39,--,56,69384,卖盘,2017-08-10,2017-08-10 10:44:36
10:44:39,10:44:39,12.39,--,50,61950,卖盘,2017-08-10,2017-08-10 10:44:39
10:44:42,10:44:42,12.39,--,44,54516,卖盘,2017-08-10,2017-08-10 10:44:42
10:44:45,10:44:45,12.39,--,17,21063,卖盘,2017-08-10,2017-08-10 10:44:45
10:44:48,10:44:48,12.39,--,13,16107,卖盘,2017-08-10,2017-08-10 10:44:48
10:44:51,10:44:51,12.39,--,10,12390,卖盘,2017-08-10,2017-08-10 10:44:51
10:44:54,10:44:54,12.39,--,130,161070,卖盘,2017-08-10,2017-08-10 10:44:54
10:44:57,10:44:57,12.39,--,24,29736,卖盘,2017-08-10,2017-08-10 10:44:57
10:45:00,10:45:00,12.39,--,30,37170,卖盘,2017-08-10,2017-08-10 10:45:00
10:45:03,10:45:03,12.39,--,18,22302,卖盘,2017-08-10,2017-08-10 10:45:03
10:45:09,10:45:09,12.39,--,31,38409,卖盘,2017-08-10,2017-08-10 10:45:09
10:45:12,10:45:12,12.39,--,36,44604,卖盘,2017-08-10,2017-08-10 10:45:12
10:45:15,10:45:15,12.39,--,19,23541,卖盘,2017-08-10,2017-08-10 10:45:15
10:45:18,10:45:18,12.39,--,10,12390,卖盘,2017-08-10,2017-08-10 10:45:18
10:45:21,10:45:21,12.39,--,69,85491,卖盘,2017-08-10,2017-08-10 10:45:21
10:45:24,10:45:24,12.39,--,85,105315,卖盘,2017-08-10,2017-08-10 10:45:24
10:45:27,10:45:27,12.39,--,126,156114,卖盘,2017-08-10,2017-08-10 10:45:27
10:45:30,10:45:30,12.39,--,2,2478,卖盘,2017-08-10,2017-08-10 10:45:30
10:45:33,10:45:33,12.39,--,66,81774,卖盘,2017-08-10,2017-08-10 10:45:33
10:45:36,10:45:36,12.39,--,333,412587,卖盘,2017-08-10,2017-08-10 10:45:36
10:45:39,10:45:39,12.39,--,37,45843,卖盘,2017-08-10,2017-08-10 10:45:39
10:45:42,10:45:42,12.39,--,28,34692,卖盘,2017-08-10,2017-08-10 10:45:42
10:45:45,10:45:45,12.39,--,20,24780,卖盘,2017-08-10,2017-08-10 10:45:45
10:45:48,10:45:48,12.39,--,11,13629,卖盘,2017-08-10,2017-08-10 10:45:48
10:45:51,10:45:51,12.39,--,47,58233,卖盘,2017-08-10,2017-08-10 10:45:51
10:45:54,10:45:54,12.39,--,4,4956,卖盘,2017-08-10,2017-08-10 10:45:54
10:45:57,10:45:57,12.39,--,18,22302,卖盘,2017-08-10,2017-08-10 10:45:57
10:46:00,10:46:00,12.39,--,18,22302,卖盘,2017-08-10,2017-08-10 10:46:00
10:46:09,10:46:09,12.39,--,10,12390,卖盘,2017-08-10,2017-08-10 10:46:09
10:46:12,10:46:12,12.39,--,146,180894,卖盘,2017-08-10,2017-08-10 10:46:12
10:46:15,10:46:15,12.39,--,12,14868,卖盘,2017-08-10,2017-08-10 10:46:15
10:46:18,10:46:18,12.39,--,97,120183,卖盘,2017-08-10,2017-08-10 10:46:18
10:46:21,10:46:21,12.39,--,277,343203,卖盘,2017-08-10,2017-08-10 10:46:21
10:46:24,10:46:24,12.39,--,13,16107,卖盘,2017-08-10,2017-08-10 10:46:24
10:46:27,10:46:27,12.39,--,10,12390,卖盘,2017-08-10,2017-08-10 10:46:27
10:46:30,10:46:30,12.39,--,10,12390,卖盘,2017-08-10,2017-08-10 10:46:30
10:46:33,10:46:33,12.39,--,216,267624,卖盘,2017-08-10,2017-08-10 10:46:33
10:46:39,10:46:39,12.39,--,105,130095,卖盘,2017-08-10,2017-08-10 10:46:39
10:46:42,10:46:42,12.39,--,50,61950,卖盘,2017-08-10,2017-08-10 10:46:42
10:46:45,10:46:45,12.39,--,20,24780,卖盘,2017-08-10,2017-08-10 10:46:45
10:46:51,10:46:51,12.39,--,30,37170,卖盘,2017-08-10,2017-08-10 10:46:51
10:46:54,10:46:54,12.39,--,9,11151,卖盘,2017-08-10,2017-08-10 10:46:54
10:46:57,10:46:57,12.39,--,18,22302,卖盘,2017-08-10,2017-08-10 10:46:57
10:47:00,10:47:00,12.39,--,105,130095,卖盘,2017-08-10,2017-08-10 10:47:00
10:47:06,10:47:06,12.39,--,4,4956,卖盘,2017-08-10,2017-08-10 10:47:06
10:47:09,10:47:09,12.39,--,68,84252,卖盘,2017-08-10,2017-08-10 10:47:09
10:47:21,10:47:21,12.39,--,10,12390,卖盘,2017-08-10,2017-08-10 10:47:21
10:47:24,10:47:24,12.39,--,3,3717,卖盘,2017-08-10,2017-08-10 10:47:24
10:47:27,10:47:27,12.39,--,12,14868,卖盘,2017-08-10,2017-08-10 10:47:27
10:47:33,10:47:33,12.39,--,20,24780,卖盘,2017-08-10,2017-08-10 10:47:33
10:47:36,10:47:36,12.39,--,2,2478,卖盘,2017-08-10,2017-08-10 10:47:36
10:47:39,10:47:39,12.39,--,40,49560,卖盘,2017-08-10,2017-08-10 10:47:39
10:47:42,10:47:42,12.39,--,15,18585,卖盘,2017-08-10,2017-08-10 10:47:42
10:47:45,10:47:45,12.39,--,50,61950,卖盘,2017-08-10,2017-08-10 10:47:45
10:47:48,10:47:48,12.39,--,4,4956,卖盘,2017-08-10,2017-08-10 10:47:48
10:48:00,10:48:00,12.39,--,3,3717,卖盘,2017-08-10,2017-08-10 10:48:00
10:48:03,10:48:03,12.39,--,140,173460,卖盘,2017-08-10,2017-08-10 10:48:03
10:48:06,10:48:06,12.39,--,30,37170,卖盘,2017-08-10,2017-08-10 10:48:06
10:48:09,10:48:09,12.39,--,34,42126,卖盘,2017-08-10,2017-08-10 10:48:09
10:48:12,10:48:12,12.39,--,50,61950,卖盘,2017-08-10,2017-08-10 10:48:12
10:48:18,10:48:18,12.39,--,30,37170,卖盘,2017-08-10,2017-08-10 10:48:18
10:48:21,10:48:21,12.39,--,7,8673,卖盘,2017-08-10,2017-08-10 10:48:21
10:48:24,10:48:24,12.39,--,1,1239,卖盘,2017-08-10,2017-08-10 10:48:24
10:48:27,10:48:27,12.39,--,12,14868,卖盘,2017-08-10,2017-08-10 10:48:27
10:48:36,10:48:36,12.39,--,1,1239,卖盘,2017-08-10,2017-08-10 10:48:36
10:48:45,10:48:45,12.39,--,8,9912,卖盘,2017-08-10,2017-08-10 10:48:45
10:48:51,10:48:51,12.39,--,2,2478,卖盘,2017-08-10,2017-08-10 10:48:51
10:48:54,10:48:54,12.39,--,9,11151,卖盘,2017-08-10,2017-08-10 10:48:54
10:48:57,10:48:57,12.39,--,140,173460,卖盘,2017-08-10,2017-08-10 10:48:57
10:49:00,10:49:00,12.39,--,10,12390,卖盘,2017-08-10,2017-08-10 10:49:00
10:49:03,10:49:03,12.39,--,11,13629,卖盘,2017-08-10,2017-08-10 10:49:03
10:49:09,10:49:09,12.39,--,7,8673,卖盘,2017-08-10,2017-08-10 10:49:09
10:49:21,10:49:21,12.39,--,200,247800,卖盘,2017-08-10,2017-08-10 10:49:21
10:49:27,10:49:27,12.39,--,20,24780,卖盘,2017-08-10,2017-08-10 10:49:27
10:49:30,10:49:30,12.39,--,5,6195,卖盘,2017-08-10,2017-08-10 10:49:30
10:49:33,10:49:33,12.39,--,30,37170,卖盘,2017-08-10,2017-08-10 10:49:33
10:49:36,10:49:36,12.39,--,20,24780,卖盘,2017-08-10,2017-08-10 10:49:36
10:49:39,10:49:39,12.39,--,50,61950,卖盘,2017-08-10,2017-08-10 10:49:39
10:49:42,10:49:42,12.39,--,346,428694,卖盘,2017-08-10,2017-08-10 10:49:42
10:49:45,10:49:45,12.39,--,3,3717,卖盘,2017-08-10,2017-08-10 10:49:45
10:49:48,10:49:48,12.39,--,2,2478,卖盘,2017-08-10,2017-08-10 10:49:48
10:49:54,10:49:54,12.39,--,25,30975,卖盘,2017-08-10,2017-08-10 10:49:54
10:49:57,10:49:57,12.39,--,25,30975,卖盘,2017-08-10,2017-08-10 10:49:57
10:50:00,10:50:00,12.39,--,11,13629,卖盘,2017-08-10,2017-08-10 10:50:00
10:50:03,10:50:03,12.39,--,17,21063,卖盘,2017-08-10,2017-08-10 10:50:03
10:50:12,10:50:12,12.39,--,100,123900,卖盘,2017-08-10,2017-08-10 10:50:12
10:50:21,10:50:21,12.39,--,130,161070,卖盘,2017-08-10,2017-08-10 10:50:21
10:50:27,10:50:27,12.39,--,19,23541,卖盘,2017-08-10,2017-08-10 10:50:27
10:50:30,10:50:30,12.39,--,8,9912,卖盘,2017-08-10,2017-08-10 10:50:30
10:50:36,10:50:36,12.39,--,36,44604,卖盘,2017-08-10,2017-08-10 10:50:36
10:50:39,10:50:39,12.39,--,16,19824,卖盘,2017-08-10,2017-08-10 10:50:39
10:50:42,10:50:42,12.39,--,22,27258,卖盘,2017-08-10,2017-08-10 10:50:42
10:50:45,10:50:45,12.39,--,29,35931,卖盘,2017-08-10,2017-08-10 10:50:45
10:50:54,10:50:54,12.39,--,27,33453,卖盘,2017-08-10,2017-08-10 10:50:54
10:51:06,10:51:06,12.39,--,42,52038,卖盘,2017-08-10,2017-08-10 10:51:06
10:51:09,10:51:09,12.39,--,10,12390,卖盘,2017-08-10,2017-08-10 10:51:09
10:51:12,10:51:12,12.39,--,50,61950,卖盘,2017-08-10,2017-08-10 10:51:12
10:51:15,10:51:15,12.39,--,5,6195,卖盘,2017-08-10,2017-08-10 10:51:15
10:51:21,10:51:21,12.39,--,60,74340,卖盘,2017-08-10,2017-08-10 10:51:21
10:51:24,10:51:24,12.39,--,19,23541,卖盘,2017-08-10,2017-08-10 10:51:24
10:51:27,10:51:27,12.39,--,5,6195,卖盘,2017-08-10,2017-08-10 10:51:27
10:51:33,10:51:33,12.39,--,4,4956,卖盘,2017-08-10,2017-08-10 10:51:33
10:51:36,10:51:36,12.39,--,8,9912,卖盘,2017-08-10,2017-08-10 10:51:36
10:51:39,10:51:39,12.39,--,20,24780,卖盘,2017-08-10,2017-08-10 10:51:39
10:51:42,10:51:42,12.39,--,2,2478,卖盘,2017-08-10,2017-08-10 10:51:42
10:51:45,10:51:45,12.39,--,36,44604,卖盘,2017-08-10,2017-08-10 10:51:45
10:51:48,10:51:48,12.39,--,59,73101,卖盘,2017-08-10,2017-08-10 10:51:48
10:51:51,10:51:51,12.39,--,35,43365,卖盘,2017-08-10,2017-08-10 10:51:51
10:51:54,10:51:54,12.39,--,56,69384,卖盘,2017-08-10,2017-08-10 10:51:54
10:52:03,10:52:03,12.39,--,3,3717,卖盘,2017-08-10,2017-08-10 10:52:03
10:52:09,10:52:09,12.39,--,4,4956,卖盘,2017-08-10,2017-08-10 10:52:09
10:52:12,10:52:12,12.39,--,9,11151,卖盘,2017-08-10,2017-08-10 10:52:12
10:52:15,10:52:15,12.39,--,2,2478,卖盘,2017-08-10,2017-08-10 10:52:15
10:52:21,10:52:21,12.39,--,10,12390,卖盘,2017-08-10,2017-08-10 10:52:21
10:52:33,10:52:33,12.39,--,33,40887,卖盘,2017-08-10,2017-08-10 10:52:33
10:52:36,10:52:36,12.39,--,95,117705,卖盘,2017-08-10,2017-08-10 10:52:36
10:52:48,10:52:48,12.39,--,84,104076,卖盘,2017-08-10,2017-08-10 10:52:48
10:52:57,10:52:57,12.39,--,12,14868,卖盘,2017-08-10,2017-08-10 10:52:57
10:53:00,10:53:00,12.39,--,6,7434,卖盘,2017-08-10,2017-08-10 10:53:00
10:53:06,10:53:06,12.39,--,13,16107,卖盘,2017-08-10,2017-08-10 10:53:06
10:53:12,10:53:12,12.39,--,1,1239,卖盘,2017-08-10,2017-08-10 10:53:12
10:53:15,10:53:15,12.39,--,3,3717,卖盘,2017-08-10,2017-08-10 10:53:15
10:53:18,10:53:18,12.39,--,10,12390,卖盘,2017-08-10,2017-08-10 10:53:18
10:53:21,10:53:21,12.39,--,30,37170,卖盘,2017-08-10,2017-08-10 10:53:21
10:53:30,10:53:30,12.39,--,10,12390,卖盘,2017-08-10,2017-08-10 10:53:30
10:53:48,10:53:48,12.39,--,1,1239,卖盘,2017-08-10,2017-08-10 10:53:48
10:53:51,10:53:51,12.39,--,1,1239,卖盘,2017-08-10,2017-08-10 10:53:51
10:53:54,10:53:54,12.39,--,10,12390,卖盘,2017-08-10,2017-08-10 10:53:54
10:54:00,10:54:00,12.39,--,15,18585,卖盘,2017-08-10,2017-08-10 10:54:00
10:54:09,10:54:09,12.39,--,2,2478,卖盘,2017-08-10,2017-08-10 10:54:09
10:54:15,10:54:15,12.39,--,10,12390,卖盘,2017-08-10,2017-08-10 10:54:15
10:54:18,10:54:18,12.39,--,10,12390,卖盘,2017-08-10,2017-08-10 10:54:18
10:54:21,10:54:21,12.39,--,30,37170,卖盘,2017-08-10,2017-08-10 10:54:21
10:54:30,10:54:30,12.39,--,3,3717,卖盘,2017-08-10,2017-08-10 10:54:30
10:54:36,10:54:36,12.39,--,2,2478,卖盘,2017-08-10,2017-08-10 10:54:36
10:54:45,10:54:45,12.39,--,3,3717,卖盘,2017-08-10,2017-08-10 10:54:45
10:54:54,10:54:54,12.39,--,215,266385,卖盘,2017-08-10,2017-08-10 10:54:54
10:55:00,10:55:00,12.39,--,10,12390,卖盘,2017-08-10,2017-08-10 10:55:00
10:55:03,10:55:03,12.39,--,9,11151,卖盘,2017-08-10,2017-08-10 10:55:03
10:55:18,10:55:18,12.39,--,30,37170,卖盘,2017-08-10,2017-08-10 10:55:18
10:55:21,10:55:21,12.39,--,5,6195,卖盘,2017-08-10,2017-08-10 10:55:21
10:55:30,10:55:30,12.39,--,4,4956,卖盘,2017-08-10,2017-08-10 10:55:30
10:55:33,10:55:33,12.39,--,6,7434,卖盘,2017-08-10,2017-08-10 10:55:33
10:55:36,10:55:36,12.39,--,14,17346,卖盘,2017-08-10,2017-08-10 10:55:36
10:55:57,10:55:57,12.39,--,6,7434,卖盘,2017-08-10,2017-08-10 10:55:57
10:56:15,10:56:15,12.39,--,3,3717,卖盘,2017-08-10,2017-08-10 10:56:15
10:56:18,10:56:18,12.39,--,205,253995,卖盘,2017-08-10,2017-08-10 10:56:18
10:56:45,10:56:45,12.39,--,10,12390,卖盘,2017-08-10,2017-08-10 10:56:45
10:56:48,10:56:48,12.39,--,40,49560,卖盘,2017-08-10,2017-08-10 10:56:48
10:57:00,10:57:00,12.39,--,25,30975,卖盘,2017-08-10,2017-08-10 10:57:00
10:57:15,10:57:15,12.39,--,9,11151,卖盘,2017-08-10,2017-08-10 10:57:15
10:57:18,10:57:18,12.39,--,45,55755,卖盘,2017-08-10,2017-08-10 10:57:18
10:57:21,10:57:21,12.39,--,10,12390,卖盘,2017-08-10,2017-08-10 10:57:21
10:57:27,10:57:27,12.39,--,82,101598,卖盘,2017-08-10,2017-08-10 10:57:27
10:57:39,10:57:39,12.39,--,10,12390,卖盘,2017-08-10,2017-08-10 10:57:39
10:58:00,10:58:00,12.39,--,52,64428,卖盘,2017-08-10,2017-08-10 10:58:00
10:58:03,10:58:03,12.39,--,20,24780,卖盘,2017-08-10,2017-08-10 10:58:03
10:58:06,10:58:06,12.39,--,133,164787,卖盘,2017-08-10,2017-08-10 10:58:06
10:58:12,10:58:12,12.39,--,10,12390,卖盘,2017-08-10,2017-08-10 10:58:12
10:58:18,10:58:18,12.39,--,23,28497,卖盘,2017-08-10,2017-08-10 10:58:18
10:58:21,10:58:21,12.39,--,25,30975,卖盘,2017-08-10,2017-08-10 10:58:21
10:58:24,10:58:24,12.39,--,150,185850,卖盘,2017-08-10,2017-08-10 10:58:24
10:58:30,10:58:30,12.39,--,5,6195,卖盘,2017-08-10,2017-08-10 10:58:30
10:58:33,10:58:33,12.39,--,8,9912,卖盘,2017-08-10,2017-08-10 10:58:33
10:58:36,10:58:36,12.39,--,52,64428,卖盘,2017-08-10,2017-08-10 10:58:36
10:58:39,10:58:39,12.39,--,248,307272,卖盘,2017-08-10,2017-08-10 10:58:39
10:58:45,10:58:45,12.39,--,128,158592,卖盘,2017-08-10,2017-08-10 10:58:45
10:58:48,10:58:48,12.39,--,4,4956,卖盘,2017-08-10,2017-08-10 10:58:48
10:58:51,10:58:51,12.39,--,11,13629,卖盘,2017-08-10,2017-08-10 10:58:51
10:58:54,10:58:54,12.39,--,13,16107,卖盘,2017-08-10,2017-08-10 10:58:54
10:58:57,10:58:57,12.39,--,170,210630,卖盘,2017-08-10,2017-08-10 10:58:57
10:59:00,10:59:00,12.39,--,43,53277,卖盘,2017-08-10,2017-08-10 10:59:00
10:59:03,10:59:03,12.39,--,70,86730,卖盘,2017-08-10,2017-08-10 10:59:03
10:59:06,10:59:06,12.39,--,8,9912,卖盘,2017-08-10,2017-08-10 10:59:06
10:59:09,10:59:09,12.39,--,5,6195,卖盘,2017-08-10,2017-08-10 10:59:09
10:59:15,10:59:15,12.39,--,10,12390,卖盘,2017-08-10,2017-08-10 10:59:15
10:59:18,10:59:18,12.39,--,50,61950,卖盘,2017-08-10,2017-08-10 10:59:18
10:59:21,10:59:21,12.39,--,2,2478,卖盘,2017-08-10,2017-08-10 10:59:21
10:59:24,10:59:24,12.39,--,29,35931,卖盘,2017-08-10,2017-08-10 10:59:24
10:59:27,10:59:27,12.39,--,7,8673,卖盘,2017-08-10,2017-08-10 10:59:27
10:59:30,10:59:30,12.39,--,59,73101,卖盘,2017-08-10,2017-08-10 10:59:30
10:59:36,10:59:36,12.39,--,90,111510,卖盘,2017-08-10,2017-08-10 10:59:36
10:59:42,10:59:42,12.39,--,5,6195,卖盘,2017-08-10,2017-08-10 10:59:42
10:59:48,10:59:48,12.39,--,8,9912,卖盘,2017-08-10,2017-08-10 10:59:48
10:59:51,10:59:51,12.39,--,47,58233,卖盘,2017-08-10,2017-08-10 10:59:51
10:59:57,10:59:57,12.39,--,21,26019,卖盘,2017-08-10,2017-08-10 10:59:57
11:00:00,11:00:00,12.39,--,25,30975,卖盘,2017-08-10,2017-08-10 11:00:00
11:00:12,11:00:12,12.39,--,16,19824,卖盘,2017-08-10,2017-08-10 11:00:12
11:00:15,11:00:15,12.39,--,10,12390,卖盘,2017-08-10,2017-08-10 11:00:15
11:00:18,11:00:18,12.39,--,10,12390,卖盘,2017-08-10,2017-08-10 11:00:18
11:00:24,11:00:24,12.39,--,15,18585,卖盘,2017-08-10,2017-08-10 11:00:24
11:00:27,11:00:27,12.39,--,11,13629,卖盘,2017-08-10,2017-08-10 11:00:27
11:00:45,11:00:45,12.39,--,4,4956,卖盘,2017-08-10,2017-08-10 11:00:45
11:00:51,11:00:51,12.39,--,19,23541,卖盘,2017-08-10,2017-08-10 11:00:51
11:00:57,11:00:57,12.39,--,18,22302,卖盘,2017-08-10,2017-08-10 11:00:57
11:01:00,11:01:00,12.39,--,1,1239,卖盘,2017-08-10,2017-08-10 11:01:00
11:01:06,11:01:06,12.39,--,8,9912,卖盘,2017-08-10,2017-08-10 11:01:06
11:01:12,11:01:12,12.39,--,10,12390,卖盘,2017-08-10,2017-08-10 11:01:12
11:01:27,11:01:27,12.39,--,49,60711,卖盘,2017-08-10,2017-08-10 11:01:27
11:01:30,11:01:30,12.39,--,7,8673,卖盘,2017-08-10,2017-08-10 11:01:30
11:01:33,11:01:33,12.39,--,30,37170,卖盘,2017-08-10,2017-08-10 11:01:33
11:01:36,11:01:36,12.39,--,47,58233,卖盘,2017-08-10,2017-08-10 11:01:36
11:01:45,11:01:45,12.39,--,20,24780,卖盘,2017-08-10,2017-08-10 11:01:45
11:02:03,11:02:03,12.39,--,17,21063,卖盘,2017-08-10,2017-08-10 11:02:03
11:02:12,11:02:12,12.39,--,1,1239,卖盘,2017-08-10,2017-08-10 11:02:12
11:02:18,11:02:18,12.39,--,44,54516,卖盘,2017-08-10,2017-08-10 11:02:18
11:02:21,11:02:21,12.39,--,31,38409,卖盘,2017-08-10,2017-08-10 11:02:21
11:02:33,11:02:33,12.39,--,22,27258,卖盘,2017-08-10,2017-08-10 11:02:33
11:02:42,11:02:42,12.39,--,3,3717,卖盘,2017-08-10,2017-08-10 11:02:42
11:02:48,11:02:48,12.39,--,29,35931,卖盘,2017-08-10,2017-08-10 11:02:48
11:02:54,11:02:54,12.39,--,7,8673,卖盘,2017-08-10,2017-08-10 11:02:54
11:03:06,11:03:06,12.39,--,20,24780,卖盘,2017-08-10,2017-08-10 11:03:06
11:03:15,11:03:15,12.39,--,12,14868,卖盘,2017-08-10,2017-08-10 11:03:15
11:03:27,11:03:27,12.39,--,10,12390,卖盘,2017-08-10,2017-08-10 11:03:27
11:03:30,11:03:30,12.39,--,10,12390,卖盘,2017-08-10,2017-08-10 11:03:30
11:03:33,11:03:33,12.39,--,16,19824,卖盘,2017-08-10,2017-08-10 11:03:33
11:03:45,11:03:45,12.39,--,229,283731,卖盘,2017-08-10,2017-08-10 11:03:45
11:03:51,11:03:51,12.39,--,69,85491,卖盘,2017-08-10,2017-08-10 11:03:51
11:03:54,11:03:54,12.39,--,26,32214,卖盘,2017-08-10,2017-08-10 11:03:54
11:03:57,11:03:57,12.39,--,28,34692,卖盘,2017-08-10,2017-08-10 11:03:57
11:04:00,11:04:00,12.39,--,6,7434,卖盘,2017-08-10,2017-08-10 11:04:00
11:04:03,11:04:03,12.39,--,10,12390,卖盘,2017-08-10,2017-08-10 11:04:03
11:04:18,11:04:18,12.39,--,10,12390,卖盘,2017-08-10,2017-08-10 11:04:18
11:04:21,11:04:21,12.39,--,4,4956,卖盘,2017-08-10,2017-08-10 11:04:21
11:04:24,11:04:24,12.39,--,50,61950,卖盘,2017-08-10,2017-08-10 11:04:24
11:04:33,11:04:33,12.39,--,11,13629,卖盘,2017-08-10,2017-08-10 11:04:33
11:04:45,11:04:45,12.39,--,3,3717,卖盘,2017-08-10,2017-08-10 11:04:45
11:04:51,11:04:51,12.39,--,5,6195,卖盘,2017-08-10,2017-08-10 11:04:51
11:05:00,11:05:00,12.39,--,109,135051,卖盘,2017-08-10,2017-08-10 11:05:00
11:05:03,11:05:03,12.39,--,9,11151,卖盘,2017-08-10,2017-08-10 11:05:03
11:05:30,11:05:30,12.39,--,58,71862,卖盘,2017-08-10,2017-08-10 11:05:30
11:05:39,11:05:39,12.39,--,10,12390,卖盘,2017-08-10,2017-08-10 11:05:39
11:05:45,11:05:45,12.39,--,20,24780,卖盘,2017-08-10,2017-08-10 11:05:45
11:05:51,11:05:51,12.39,--,23,28497,卖盘,2017-08-10,2017-08-10 11:05:51
11:05:57,11:05:57,12.39,--,100,123900,卖盘,2017-08-10,2017-08-10 11:05:57
11:06:06,11:06:06,12.39,--,10,12390,卖盘,2017-08-10,2017-08-10 11:06:06
11:06:12,11:06:12,12.39,--,104,128856,卖盘,2017-08-10,2017-08-10 11:06:12
11:06:15,11:06:15,12.39,--,6,7434,卖盘,2017-08-10,2017-08-10 11:06:15
11:06:21,11:06:21,12.39,--,29,35931,卖盘,2017-08-10,2017-08-10 11:06:21
11:06:27,11:06:27,12.39,--,25,30975,卖盘,2017-08-10,2017-08-10 11:06:27
11:06:30,11:06:30,12.39,--,7,8673,卖盘,2017-08-10,2017-08-10 11:06:30
11:06:36,11:06:36,12.39,--,59,73101,卖盘,2017-08-10,2017-08-10 11:06:36
11:06:39,11:06:39,12.39,--,103,127617,卖盘,2017-08-10,2017-08-10 11:06:39
11:07:03,11:07:03,12.39,--,110,136290,卖盘,2017-08-10,2017-08-10 11:07:03
11:07:09,11:07:09,12.39,--,50,61950,卖盘,2017-08-10,2017-08-10 11:07:09
11:07:18,11:07:18,12.39,--,11,13629,卖盘,2017-08-10,2017-08-10 11:07:18
11:07:27,11:07:27,12.39,--,10,12390,卖盘,2017-08-10,2017-08-10 11:07:27
11:07:30,11:07:30,12.39,--,40,49560,卖盘,2017-08-10,2017-08-10 11:07:30
11:07:33,11:07:33,12.39,--,5,6195,卖盘,2017-08-10,2017-08-10 11:07:33
11:07:57,11:07:57,12.39,--,60,74340,卖盘,2017-08-10,2017-08-10 11:07:57
11:08:03,11:08:03,12.39,--,1,1239,卖盘,2017-08-10,2017-08-10 11:08:03
11:08:12,11:08:12,12.39,--,10,12390,卖盘,2017-08-10,2017-08-10 11:08:12
11:08:21,11:08:21,12.39,--,10,12390,卖盘,2017-08-10,2017-08-10 11:08:21
11:08:39,11:08:39,12.39,--,50,61950,卖盘,2017-08-10,2017-08-10 11:08:39
11:08:42,11:08:42,12.39,--,47,58233,卖盘,2017-08-10,2017-08-10 11:08:42
11:08:51,11:08:51,12.39,--,20,24780,卖盘,2017-08-10,2017-08-10 11:08:51
11:09:03,11:09:03,12.39,--,60,74340,卖盘,2017-08-10,2017-08-10 11:09:03
11:09:09,11:09:09,12.39,--,15,18585,卖盘,2017-08-10,2017-08-10 11:09:09
11:09:27,11:09:27,12.39,--,52,64428,卖盘,2017-08-10,2017-08-10 11:09:27
11:09:30,11:09:30,12.39,--,1,1239,卖盘,2017-08-10,2017-08-10 11:09:30
11:09:36,11:09:36,12.39,--,225,278775,卖盘,2017-08-10,2017-08-10 11:09:36
11:09:45,11:09:45,12.39,--,8,9912,卖盘,2017-08-10,2017-08-10 11:09:45
11:09:51,11:09:51,12.39,--,20,24780,卖盘,2017-08-10,2017-08-10 11:09:51
11:10:09,11:10:09,12.39,--,30,37170,卖盘,2017-08-10,2017-08-10 11:10:09
11:10:12,11:10:12,12.39,--,106,131334,卖盘,2017-08-10,2017-08-10 11:10:12
11:10:15,11:10:15,12.39,--,13,16107,卖盘,2017-08-10,2017-08-10 11:10:15
11:10:18,11:10:18,12.39,--,8,9912,卖盘,2017-08-10,2017-08-10 11:10:18
11:10:21,11:10:21,12.39,--,100,123900,卖盘,2017-08-10,2017-08-10 11:10:21
11:10:27,11:10:27,12.39,--,3,3717,卖盘,2017-08-10,2017-08-10 11:10:27
11:10:30,11:10:30,12.39,--,120,148680,卖盘,2017-08-10,2017-08-10 11:10:30
11:10:36,11:10:36,12.39,--,7,8673,卖盘,2017-08-10,2017-08-10 11:10:36
11:10:42,11:10:42,12.39,--,7,8673,卖盘,2017-08-10,2017-08-10 11:10:42
11:10:45,11:10:45,12.39,--,40,49560,卖盘,2017-08-10,2017-08-10 11:10:45
11:11:03,11:11:03,12.39,--,20,24780,卖盘,2017-08-10,2017-08-10 11:11:03
11:11:06,11:11:06,12.39,--,3,3717,卖盘,2017-08-10,2017-08-10 11:11:06
11:11:12,11:11:12,12.39,--,53,65667,卖盘,2017-08-10,2017-08-10 11:11:12
11:11:15,11:11:15,12.39,--,40,49560,卖盘,2017-08-10,2017-08-10 11:11:15
11:11:30,11:11:30,12.39,--,60,74340,卖盘,2017-08-10,2017-08-10 11:11:30
11:11:33,11:11:33,12.39,--,43,53277,卖盘,2017-08-10,2017-08-10 11:11:33
11:11:42,11:11:42,12.39,--,40,49560,卖盘,2017-08-10,2017-08-10 11:11:42
11:11:45,11:11:45,12.39,--,15,18585,卖盘,2017-08-10,2017-08-10 11:11:45
11:11:51,11:11:51,12.39,--,1,1239,卖盘,2017-08-10,2017-08-10 11:11:51
11:11:54,11:11:54,12.39,--,10,12390,卖盘,2017-08-10,2017-08-10 11:11:54
11:12:00,11:12:00,12.39,--,10,12390,卖盘,2017-08-10,2017-08-10 11:12:00
11:12:03,11:12:03,12.39,--,5,6195,卖盘,2017-08-10,2017-08-10 11:12:03
11:12:12,11:12:12,12.39,--,200,247800,卖盘,2017-08-10,2017-08-10 11:12:12
11:12:15,11:12:15,12.39,--,55,68145,卖盘,2017-08-10,2017-08-10 11:12:15
11:12:24,11:12:24,12.39,--,24,29736,卖盘,2017-08-10,2017-08-10 11:12:24
11:12:27,11:12:27,12.39,--,5,6195,卖盘,2017-08-10,2017-08-10 11:12:27
11:12:30,11:12:30,12.39,--,40,49560,卖盘,2017-08-10,2017-08-10 11:12:30
11:12:33,11:12:33,12.39,--,4,4956,卖盘,2017-08-10,2017-08-10 11:12:33
11:12:45,11:12:45,12.39,--,320,396480,卖盘,2017-08-10,2017-08-10 11:12:45
11:12:48,11:12:48,12.39,--,11,13629,卖盘,2017-08-10,2017-08-10 11:12:48
11:12:51,11:12:51,12.39,--,50,61950,卖盘,2017-08-10,2017-08-10 11:12:51
11:12:57,11:12:57,12.39,--,50,61950,卖盘,2017-08-10,2017-08-10 11:12:57
11:13:00,11:13:00,12.39,--,5,6195,卖盘,2017-08-10,2017-08-10 11:13:00
11:13:06,11:13:06,12.39,--,31,38409,卖盘,2017-08-10,2017-08-10 11:13:06
11:13:09,11:13:09,12.39,--,30,37170,卖盘,2017-08-10,2017-08-10 11:13:09
11:13:12,11:13:12,12.39,--,5,6195,卖盘,2017-08-10,2017-08-10 11:13:12
11:13:18,11:13:18,12.39,--,105,130095,卖盘,2017-08-10,2017-08-10 11:13:18
11:13:30,11:13:30,12.39,--,20,24780,卖盘,2017-08-10,2017-08-10 11:13:30
11:13:36,11:13:36,12.39,--,10,12390,卖盘,2017-08-10,2017-08-10 11:13:36
11:13:39,11:13:39,12.39,--,9,11151,卖盘,2017-08-10,2017-08-10 11:13:39
11:13:54,11:13:54,12.39,--,5,6195,卖盘,2017-08-10,2017-08-10 11:13:54
11:14:00,11:14:00,12.39,--,5,6195,卖盘,2017-08-10,2017-08-10 11:14:00
11:14:09,11:14:09,12.39,--,16,19824,卖盘,2017-08-10,2017-08-10 11:14:09
11:14:18,11:14:18,12.39,--,50,61950,卖盘,2017-08-10,2017-08-10 11:14:18
11:14:24,11:14:24,12.39,--,1,1239,卖盘,2017-08-10,2017-08-10 11:14:24
11:14:30,11:14:30,12.39,--,1,1239,卖盘,2017-08-10,2017-08-10 11:14:30
11:14:33,11:14:33,12.39,--,40,49560,卖盘,2017-08-10,2017-08-10 11:14:33
11:14:36,11:14:36,12.39,--,26,32214,卖盘,2017-08-10,2017-08-10 11:14:36
11:14:42,11:14:42,12.39,--,153,189567,卖盘,2017-08-10,2017-08-10 11:14:42
11:14:48,11:14:48,12.39,--,20,24780,卖盘,2017-08-10,2017-08-10 11:14:48
11:14:51,11:14:51,12.39,--,50,61950,卖盘,2017-08-10,2017-08-10 11:14:51
11:14:54,11:14:54,12.39,--,131,162309,卖盘,2017-08-10,2017-08-10 11:14:54
11:14:57,11:14:57,12.39,--,55,68145,卖盘,2017-08-10,2017-08-10 11:14:57
11:15:03,11:15:03,12.39,--,192,237888,卖盘,2017-08-10,2017-08-10 11:15:03
11:15:09,11:15:09,12.39,--,40,49560,卖盘,2017-08-10,2017-08-10 11:15:09
11:15:12,11:15:12,12.39,--,14,17346,卖盘,2017-08-10,2017-08-10 11:15:12
11:15:15,11:15:15,12.39,--,100,123900,卖盘,2017-08-10,2017-08-10 11:15:15
11:15:18,11:15:18,12.39,--,230,284970,卖盘,2017-08-10,2017-08-10 11:15:18
11:15:30,11:15:30,12.39,--,102,126378,卖盘,2017-08-10,2017-08-10 11:15:30
11:15:36,11:15:36,12.39,--,30,37170,卖盘,2017-08-10,2017-08-10 11:15:36
11:15:39,11:15:39,12.39,--,43,53277,卖盘,2017-08-10,2017-08-10 11:15:39
11:15:45,11:15:45,12.39,--,20,24780,卖盘,2017-08-10,2017-08-10 11:15:45
11:15:48,11:15:48,12.39,--,20,24780,卖盘,2017-08-10,2017-08-10 11:15:48
11:15:54,11:15:54,12.39,--,150,185850,卖盘,2017-08-10,2017-08-10 11:15:54
11:15:57,11:15:57,12.39,--,6,7434,卖盘,2017-08-10,2017-08-10 11:15:57
11:16:00,11:16:00,12.39,--,420,520380,卖盘,2017-08-10,2017-08-10 11:16:00
11:16:06,11:16:06,12.39,--,137,169743,卖盘,2017-08-10,2017-08-10 11:16:06
11:16:09,11:16:09,12.39,--,60,74340,卖盘,2017-08-10,2017-08-10 11:16:09
11:16:12,11:16:12,12.39,--,2,2478,卖盘,2017-08-10,2017-08-10 11:16:12
11:16:21,11:16:21,12.39,--,63,78057,卖盘,2017-08-10,2017-08-10 11:16:21
11:16:24,11:16:24,12.39,--,171,211869,卖盘,2017-08-10,2017-08-10 11:16:24
11:16:27,11:16:27,12.39,--,10,12390,卖盘,2017-08-10,2017-08-10 11:16:27
11:16:30,11:16:30,12.39,--,3,3717,卖盘,2017-08-10,2017-08-10 11:16:30
11:16:33,11:16:33,12.39,--,10,12390,卖盘,2017-08-10,2017-08-10 11:16:33
11:16:36,11:16:36,12.39,--,111,137529,卖盘,2017-08-10,2017-08-10 11:16:36
11:16:45,11:16:45,12.39,--,2,2478,卖盘,2017-08-10,2017-08-10 11:16:45
11:16:51,11:16:51,12.39,--,30,37170,卖盘,2017-08-10,2017-08-10 11:16:51
11:16:54,11:16:54,12.39,--,245,303555,卖盘,2017-08-10,2017-08-10 11:16:54
11:17:06,11:17:06,12.39,--,3,3717,卖盘,2017-08-10,2017-08-10 11:17:06
11:17:09,11:17:09,12.39,--,10,12390,卖盘,2017-08-10,2017-08-10 11:17:09
11:17:21,11:17:21,12.39,--,37,45843,卖盘,2017-08-10,2017-08-10 11:17:21
11:17:24,11:17:24,12.39,--,50,61950,卖盘,2017-08-10,2017-08-10 11:17:24
11:17:27,11:17:27,12.39,--,10,12390,卖盘,2017-08-10,2017-08-10 11:17:27
11:17:36,11:17:36,12.39,--,3,3717,卖盘,2017-08-10,2017-08-10 11:17:36
11:17:45,11:17:45,12.39,--,30,37170,卖盘,2017-08-10,2017-08-10 11:17:45
11:17:48,11:17:48,12.39,--,2,2478,卖盘,2017-08-10,2017-08-10 11:17:48
11:18:00,11:18:00,12.39,--,5,6195,卖盘,2017-08-10,2017-08-10 11:18:00
11:18:03,11:18:03,12.39,--,40,49560,卖盘,2017-08-10,2017-08-10 11:18:03
11:18:09,11:18:09,12.39,--,10,12390,卖盘,2017-08-10,2017-08-10 11:18:09
11:18:18,11:18:18,12.39,--,4,4956,卖盘,2017-08-10,2017-08-10 11:18:18
11:18:21,11:18:21,12.39,--,20,24780,卖盘,2017-08-10,2017-08-10 11:18:21
11:18:27,11:18:27,12.39,--,45,55755,卖盘,2017-08-10,2017-08-10 11:18:27
11:18:30,11:18:30,12.39,--,3,3717,卖盘,2017-08-10,2017-08-10 11:18:30
11:18:39,11:18:39,12.39,--,5,6195,卖盘,2017-08-10,2017-08-10 11:18:39
11:18:54,11:18:54,12.39,--,161,199479,卖盘,2017-08-10,2017-08-10 11:18:54
11:19:03,11:19:03,12.39,--,60,74340,卖盘,2017-08-10,2017-08-10 11:19:03
11:19:09,11:19:09,12.39,--,311,385329,卖盘,2017-08-10,2017-08-10 11:19:09
11:19:12,11:19:12,12.39,--,4,4956,卖盘,2017-08-10,2017-08-10 11:19:12
11:19:18,11:19:18,12.39,--,2,2478,卖盘,2017-08-10,2017-08-10 11:19:18
11:19:30,11:19:30,12.39,--,15,18585,卖盘,2017-08-10,2017-08-10 11:19:30
11:19:39,11:19:39,12.39,--,10,12390,卖盘,2017-08-10,2017-08-10 11:19:39
11:19:54,11:19:54,12.39,--,73,90447,卖盘,2017-08-10,2017-08-10 11:19:54
11:19:57,11:19:57,12.39,--,2,2478,卖盘,2017-08-10,2017-08-10 11:19:57
11:20:15,11:20:15,12.39,--,13,16107,卖盘,2017-08-10,2017-08-10 11:20:15
11:20:18,11:20:18,12.39,--,20,24780,卖盘,2017-08-10,2017-08-10 11:20:18
11:20:30,11:20:30,12.39,--,2,2478,卖盘,2017-08-10,2017-08-10 11:20:30
11:20:33,11:20:33,12.39,--,40,49560,卖盘,2017-08-10,2017-08-10 11:20:33
11:20:39,11:20:39,12.39,--,15,18585,卖盘,2017-08-10,2017-08-10 11:20:39
11:20:51,11:20:51,12.39,--,7,8673,卖盘,2017-08-10,2017-08-10 11:20:51
11:20:54,11:20:54,12.39,--,36,44604,卖盘,2017-08-10,2017-08-10 11:20:54
11:21:00,11:21:00,12.39,--,10,12390,卖盘,2017-08-10,2017-08-10 11:21:00
11:21:03,11:21:03,12.39,--,4,4956,卖盘,2017-08-10,2017-08-10 11:21:03
11:21:06,11:21:06,12.39,--,9,11151,卖盘,2017-08-10,2017-08-10 11:21:06
11:21:09,11:21:09,12.39,--,185,229215,卖盘,2017-08-10,2017-08-10 11:21:09
11:21:12,11:21:12,12.39,--,8,9912,卖盘,2017-08-10,2017-08-10 11:21:12
11:21:15,11:21:15,12.39,--,2,2478,卖盘,2017-08-10,2017-08-10 11:21:15
11:21:18,11:21:18,12.39,--,7,8673,卖盘,2017-08-10,2017-08-10 11:21:18
11:21:21,11:21:21,12.39,--,30,37170,卖盘,2017-08-10,2017-08-10 11:21:21
11:21:36,11:21:36,12.39,--,14,17346,卖盘,2017-08-10,2017-08-10 11:21:36
11:21:39,11:21:39,12.39,--,30,37170,卖盘,2017-08-10,2017-08-10 11:21:39
11:21:45,11:21:45,12.39,--,20,24780,卖盘,2017-08-10,2017-08-10 11:21:45
11:21:48,11:21:48,12.39,--,16,19824,卖盘,2017-08-10,2017-08-10 11:21:48
11:22:00,11:22:00,12.39,--,4,4956,卖盘,2017-08-10,2017-08-10 11:22:00
11:22:15,11:22:15,12.39,--,10,12390,卖盘,2017-08-10,2017-08-10 11:22:15
11:22:18,11:22:18,12.39,--,1,1239,卖盘,2017-08-10,2017-08-10 11:22:18
11:22:30,11:22:30,12.39,--,59,73101,卖盘,2017-08-10,2017-08-10 11:22:30
11:22:33,11:22:33,12.39,--,30,37170,卖盘,2017-08-10,2017-08-10 11:22:33
11:22:39,11:22:39,12.39,--,20,24780,卖盘,2017-08-10,2017-08-10 11:22:39
11:22:45,11:22:45,12.39,--,20,24780,卖盘,2017-08-10,2017-08-10 11:22:45
11:22:48,11:22:48,12.39,--,21,26019,卖盘,2017-08-10,2017-08-10 11:22:48
11:23:03,11:23:03,12.39,--,3,3717,卖盘,2017-08-10,2017-08-10 11:23:03
11:23:06,11:23:06,12.39,--,9,11151,卖盘,2017-08-10,2017-08-10 11:23:06
11:23:09,11:23:09,12.39,--,55,68145,卖盘,2017-08-10,2017-08-10 11:23:09
11:23:24,11:23:24,12.39,--,11,13629,卖盘,2017-08-10,2017-08-10 11:23:24
11:23:39,11:23:39,12.39,--,30,37170,卖盘,2017-08-10,2017-08-10 11:23:39
11:24:21,11:24:21,12.39,--,4,4956,卖盘,2017-08-10,2017-08-10 11:24:21
11:24:24,11:24:24,12.39,--,90,111510,卖盘,2017-08-10,2017-08-10 11:24:24
11:24:30,11:24:30,12.39,--,10,12390,卖盘,2017-08-10,2017-08-10 11:24:30
11:24:39,11:24:39,12.39,--,9,11151,卖盘,2017-08-10,2017-08-10 11:24:39
11:24:51,11:24:51,12.39,--,5,6195,卖盘,2017-08-10,2017-08-10 11:24:51
11:24:57,11:24:57,12.39,--,40,49560,卖盘,2017-08-10,2017-08-10 11:24:57
11:25:00,11:25:00,12.39,--,5,6195,卖盘,2017-08-10,2017-08-10 11:25:00
11:25:03,11:25:03,12.39,--,4,4956,卖盘,2017-08-10,2017-08-10 11:25:03
11:25:12,11:25:12,12.39,--,15,18585,卖盘,2017-08-10,2017-08-10 11:25:12
11:25:18,11:25:18,12.39,--,4,4956,卖盘,2017-08-10,2017-08-10 11:25:18
11:25:21,11:25:21,12.39,--,10,12390,卖盘,2017-08-10,2017-08-10 11:25:21
11:25:24,11:25:24,12.39,--,38,47082,卖盘,2017-08-10,2017-08-10 11:25:24
11:25:27,11:25:27,12.39,--,2,2478,卖盘,2017-08-10,2017-08-10 11:25:27
11:25:33,11:25:33,12.39,--,204,252756,卖盘,2017-08-10,2017-08-10 11:25:33
11:25:45,11:25:45,12.39,--,1,1239,卖盘,2017-08-10,2017-08-10 11:25:45
11:25:48,11:25:48,12.39,--,1,1239,卖盘,2017-08-10,2017-08-10 11:25:48
11:25:51,11:25:51,12.39,--,8,9912,卖盘,2017-08-10,2017-08-10 11:25:51
11:26:12,11:26:12,12.39,--,5,6195,卖盘,2017-08-10,2017-08-10 11:26:12
11:26:15,11:26:15,12.39,--,5,6195,卖盘,2017-08-10,2017-08-10 11:26:15
11:26:18,11:26:18,12.39,--,70,86730,卖盘,2017-08-10,2017-08-10 11:26:18
11:26:48,11:26:48,12.39,--,10,12390,卖盘,2017-08-10,2017-08-10 11:26:48
11:26:51,11:26:51,12.39,--,3,3717,卖盘,2017-08-10,2017-08-10 11:26:51
11:27:03,11:27:03,12.39,--,1,1239,卖盘,2017-08-10,2017-08-10 11:27:03
11:27:09,11:27:09,12.39,--,10,12390,卖盘,2017-08-10,2017-08-10 11:27:09
11:27:15,11:27:15,12.39,--,28,34692,卖盘,2017-08-10,2017-08-10 11:27:15
11:27:21,11:27:21,12.39,--,505,625695,卖盘,2017-08-10,2017-08-10 11:27:21
11:27:24,11:27:24,12.39,--,68,84252,卖盘,2017-08-10,2017-08-10 11:27:24
11:27:27,11:27:27,12.39,--,1,1239,卖盘,2017-08-10,2017-08-10 11:27:27
11:27:30,11:27:30,12.39,--,10,12390,卖盘,2017-08-10,2017-08-10 11:27:30
11:27:39,11:27:39,12.39,--,14,17346,卖盘,2017-08-10,2017-08-10 11:27:39
11:27:42,11:27:42,12.39,--,30,37170,卖盘,2017-08-10,2017-08-10 11:27:42
11:27:45,11:27:45,12.39,--,196,242844,卖盘,2017-08-10,2017-08-10 11:27:45
11:27:48,11:27:48,12.39,--,211,262593,卖盘,2017-08-10,2017-08-10 11:27:48
11:27:54,11:27:54,12.39,--,10,12390,卖盘,2017-08-10,2017-08-10 11:27:54
11:28:00,11:28:00,12.39,--,49,60711,卖盘,2017-08-10,2017-08-10 11:28:00
11:28:03,11:28:03,12.39,--,54,66906,卖盘,2017-08-10,2017-08-10 11:28:03
11:28:09,11:28:09,12.39,--,156,193284,卖盘,2017-08-10,2017-08-10 11:28:09
11:28:12,11:28:12,12.39,--,50,61950,卖盘,2017-08-10,2017-08-10 11:28:12
11:28:18,11:28:18,12.39,--,10,12390,卖盘,2017-08-10,2017-08-10 11:28:18
11:28:24,11:28:24,12.39,--,121,149919,卖盘,2017-08-10,2017-08-10 11:28:24
11:28:27,11:28:27,12.39,--,64,79296,卖盘,2017-08-10,2017-08-10 11:28:27
11:28:33,11:28:33,12.39,--,334,413826,卖盘,2017-08-10,2017-08-10 11:28:33
11:28:36,11:28:36,12.39,--,232,287448,卖盘,2017-08-10,2017-08-10 11:28:36
11:28:39,11:28:39,12.39,--,127,157353,卖盘,2017-08-10,2017-08-10 11:28:39
11:28:42,11:28:42,12.39,--,360,446040,卖盘,2017-08-10,2017-08-10 11:28:42
11:28:45,11:28:45,12.39,--,5,6195,卖盘,2017-08-10,2017-08-10 11:28:45
11:28:48,11:28:48,12.39,--,36,44604,卖盘,2017-08-10,2017-08-10 11:28:48
11:28:51,11:28:51,12.39,--,24,29736,卖盘,2017-08-10,2017-08-10 11:28:51
11:28:54,11:28:54,12.39,--,182,225498,卖盘,2017-08-10,2017-08-10 11:28:54
11:29:00,11:29:00,12.39,--,32,39648,卖盘,2017-08-10,2017-08-10 11:29:00
11:29:03,11:29:03,12.39,--,8,9912,卖盘,2017-08-10,2017-08-10 11:29:03
11:29:06,11:29:06,12.39,--,15,18585,卖盘,2017-08-10,2017-08-10 11:29:06
11:29:09,11:29:09,12.39,--,1,1239,卖盘,2017-08-10,2017-08-10 11:29:09
11:29:12,11:29:12,12.39,--,5,6195,卖盘,2017-08-10,2017-08-10 11:29:12
11:29:24,11:29:24,12.39,--,36,44604,卖盘,2017-08-10,2017-08-10 11:29:24
11:29:36,11:29:36,12.39,--,13,16107,卖盘,2017-08-10,2017-08-10 11:29:36
11:29:39,11:29:39,12.39,--,10,12390,卖盘,2017-08-10,2017-08-10 11:29:39
11:29:45,11:29:45,12.39,--,2,2478,卖盘,2017-08-10,2017-08-10 11:29:45
11:29:48,11:29:48,12.39,--,1,1239,卖盘,2017-08-10,2017-08-10 11:29:48
11:29:51,11:29:51,12.39,--,96,118944,卖盘,2017-08-10,2017-08-10 11:29:51
11:29:54,11:29:54,12.39,--,10,12390,卖盘,2017-08-10,2017-08-10 11:29:54
11:30:00,11:30:00,12.39,--,0,0,卖盘,2017-08-10,2017-08-10 11:30:00
13:00:00,13:00:00,12.39,--,10,12390,卖盘,2017-08-10,2017-08-10 13:00:00
13:00:03,13:00:03,12.39,--,7044,8727516,卖盘,2017-08-10,2017-08-10 13:00:03
13:00:06,13:00:06,12.39,--,632,783048,卖盘,2017-08-10,2017-08-10 13:00:06
13:00:09,13:00:09,12.39,--,319,395241,卖盘,2017-08-10,2017-08-10 13:00:09
13:00:12,13:00:12,12.39,--,54,66906,卖盘,2017-08-10,2017-08-10 13:00:12
13:00:15,13:00:15,12.39,--,18,22302,卖盘,2017-08-10,2017-08-10 13:00:15
13:00:18,13:00:18,12.39,--,73,90447,卖盘,2017-08-10,2017-08-10 13:00:18
13:00:21,13:00:21,12.39,--,59,73101,卖盘,2017-08-10,2017-08-10 13:00:21
13:00:24,13:00:24,12.39,--,73,90447,卖盘,2017-08-10,2017-08-10 13:00:24
13:00:27,13:00:27,12.39,--,20,24780,卖盘,2017-08-10,2017-08-10 13:00:27
13:00:30,13:00:30,12.39,--,95,118299,卖盘,2017-08-10,2017-08-10 13:00:30
13:00:33,13:00:33,12.39,--,60,74340,卖盘,2017-08-10,2017-08-10 13:00:33
13:00:36,13:00:36,12.39,--,4,4956,卖盘,2017-08-10,2017-08-10 13:00:36
13:00:39,13:00:39,12.39,--,45,55755,卖盘,2017-08-10,2017-08-10 13:00:39
13:00:48,13:00:48,12.39,--,50,61950,卖盘,2017-08-10,2017-08-10 13:00:48
13:00:51,13:00:51,12.39,--,18,22302,卖盘,2017-08-10,2017-08-10 13:00:51
13:00:54,13:00:54,12.39,--,108,133812,卖盘,2017-08-10,2017-08-10 13:00:54
13:01:00,13:01:00,12.39,--,10,12390,卖盘,2017-08-10,2017-08-10 13:01:00
13:01:03,13:01:03,12.39,--,20,24780,卖盘,2017-08-10,2017-08-10 13:01:03
13:01:06,13:01:06,12.39,--,30,37170,卖盘,2017-08-10,2017-08-10 13:01:06
13:01:21,13:01:21,12.39,--,18,22302,卖盘,2017-08-10,2017-08-10 13:01:21
13:01:27,13:01:27,12.39,--,5,6195,卖盘,2017-08-10,2017-08-10 13:01:27
13:01:30,13:01:30,12.39,--,60,74340,卖盘,2017-08-10,2017-08-10 13:01:30
13:01:36,13:01:36,12.39,--,3,3717,卖盘,2017-08-10,2017-08-10 13:01:36
13:01:42,13:01:42,12.39,--,10,12390,卖盘,2017-08-10,2017-08-10 13:01:42
13:01:45,13:01:45,12.39,--,14,17346,卖盘,2017-08-10,2017-08-10 13:01:45
13:01:51,13:01:51,12.39,--,18,22302,卖盘,2017-08-10,2017-08-10 13:01:51
13:01:57,13:01:57,12.39,--,5,6195,卖盘,2017-08-10,2017-08-10 13:01:57
13:02:18,13:02:18,12.39,--,10,12390,卖盘,2017-08-10,2017-08-10 13:02:18
13:02:21,13:02:21,12.39,--,10,12390,卖盘,2017-08-10,2017-08-10 13:02:21
13:02:39,13:02:39,12.39,--,21,26019,卖盘,2017-08-10,2017-08-10 13:02:39
13:02:54,13:02:54,12.39,--,20,24780,卖盘,2017-08-10,2017-08-10 13:02:54
13:04:00,13:04:00,12.39,--,1,1239,卖盘,2017-08-10,2017-08-10 13:04:00
13:04:18,13:04:18,12.39,--,200,247800,卖盘,2017-08-10,2017-08-10 13:04:18
13:04:21,13:04:21,12.39,--,4,4956,卖盘,2017-08-10,2017-08-10 13:04:21
13:04:30,13:04:30,12.39,--,5,6195,卖盘,2017-08-10,2017-08-10 13:04:30
13:04:33,13:04:33,12.39,--,1,1239,卖盘,2017-08-10,2017-08-10 13:04:33
