idx_time,time,price,change,volume,amount,type,date,date_time
09:25:03,09:25:03,13.12,13.12,10720,14064640,买盘,2017-08-02,2017-08-02 09:25:03
09:30:00,09:30:00,13.12,--,32,41984,买盘,2017-08-02,2017-08-02 09:30:00
09:30:03,09:30:03,13.12,--,14504,19029248,买盘,2017-08-02,2017-08-02 09:30:03
09:30:06,09:30:06,13.16,0.04,1976,2600416,买盘,2017-08-02,2017-08-02 09:30:06
09:30:09,09:30:09,13.16,--,1527,2009532,买盘,2017-08-02,2017-08-02 09:30:09
09:30:12,09:30:12,13.19,0.03,1330,1754270,买盘,2017-08-02,2017-08-02 09:30:12
09:30:15,09:30:15,13.19,--,441,581679,卖盘,2017-08-02,2017-08-02 09:30:15
09:30:18,09:30:18,13.17,-0.02,876,1153692,卖盘,2017-08-02,2017-08-02 09:30:18
09:30:21,09:30:21,13.19,0.02,1476,1946844,买盘,2017-08-02,2017-08-02 09:30:21
09:30:24,09:30:24,13.18,-0.01,782,1030676,中性盘,2017-08-02,2017-08-02 09:30:24
09:30:27,09:30:27,13.2,0.02,613,809160,买盘,2017-08-02,2017-08-02 09:30:27
09:30:30,09:30:30,13.16,-0.04,3508,4616528,卖盘,2017-08-02,2017-08-02 09:30:30
09:30:33,09:30:33,13.2,0.04,401,529320,买盘,2017-08-02,2017-08-02 09:30:33
09:30:36,09:30:36,13.22,0.02,135,178470,中性盘,2017-08-02,2017-08-02 09:30:36
09:30:39,09:30:39,13.2,-0.02,1734,2288880,卖盘,2017-08-02,2017-08-02 09:30:39
09:30:42,09:30:42,13.18,-0.02,1487,1959866,卖盘,2017-08-02,2017-08-02 09:30:42
09:30:45,09:30:45,13.2,0.02,1357,1791240,买盘,2017-08-02,2017-08-02 09:30:45
09:30:48,09:30:48,13.13,-0.07,2629,3451877,卖盘,2017-08-02,2017-08-02 09:30:48
09:30:51,09:30:51,13.14,0.01,1691,2221974,买盘,2017-08-02,2017-08-02 09:30:51
09:30:54,09:30:54,13.15,0.01,1189,1563535,买盘,2017-08-02,2017-08-02 09:30:54
09:30:57,09:30:57,13.13,-0.02,948,1244724,卖盘,2017-08-02,2017-08-02 09:30:57
09:31:00,09:31:00,13.16,0.03,537,706692,买盘,2017-08-02,2017-08-02 09:31:00
09:31:03,09:31:03,13.15,-0.01,936,1230840,中性盘,2017-08-02,2017-08-02 09:31:03
09:31:06,09:31:06,13.16,0.01,814,1071224,买盘,2017-08-02,2017-08-02 09:31:06
09:31:09,09:31:09,13.17,0.01,348,458316,买盘,2017-08-02,2017-08-02 09:31:09
09:31:12,09:31:12,13.16,-0.01,1252,1647632,卖盘,2017-08-02,2017-08-02 09:31:12
09:31:15,09:31:15,13.19,0.03,778,1026182,买盘,2017-08-02,2017-08-02 09:31:15
09:31:18,09:31:18,13.17,-0.02,5536,7290912,卖盘,2017-08-02,2017-08-02 09:31:18
09:31:21,09:31:21,13.19,0.02,894,1179186,买盘,2017-08-02,2017-08-02 09:31:21
09:31:24,09:31:24,13.19,--,1128,1487832,卖盘,2017-08-02,2017-08-02 09:31:24
09:31:27,09:31:27,13.19,--,1144,1509489,卖盘,2017-08-02,2017-08-02 09:31:27
09:31:30,09:31:30,13.2,0.01,1025,1353000,买盘,2017-08-02,2017-08-02 09:31:30
09:31:33,09:31:33,13.18,-0.02,2430,3203504,卖盘,2017-08-02,2017-08-02 09:31:33
09:31:36,09:31:36,13.23,0.05,1978,2617793,买盘,2017-08-02,2017-08-02 09:31:36
09:31:39,09:31:39,13.22,-0.01,724,957128,中性盘,2017-08-02,2017-08-02 09:31:39
09:31:42,09:31:42,13.19,-0.03,838,1105322,卖盘,2017-08-02,2017-08-02 09:31:42
09:31:45,09:31:45,13.19,--,968,1276792,买盘,2017-08-02,2017-08-02 09:31:45
09:31:48,09:31:48,13.23,0.04,1871,2475333,买盘,2017-08-02,2017-08-02 09:31:48
09:31:51,09:31:51,13.2,-0.03,2516,3321120,卖盘,2017-08-02,2017-08-02 09:31:51
09:31:54,09:31:54,13.2,--,827,1091640,卖盘,2017-08-02,2017-08-02 09:31:54
09:31:57,09:31:57,13.2,--,1192,1573862,卖盘,2017-08-02,2017-08-02 09:31:57
09:32:00,09:32:00,13.2,--,1888,2492160,买盘,2017-08-02,2017-08-02 09:32:00
09:32:03,09:32:03,13.21,0.01,1374,1815952,买盘,2017-08-02,2017-08-02 09:32:03
09:32:06,09:32:06,13.2,-0.01,751,991320,卖盘,2017-08-02,2017-08-02 09:32:06
09:32:09,09:32:09,13.23,0.03,1453,1922319,买盘,2017-08-02,2017-08-02 09:32:09
09:32:12,09:32:12,13.2,-0.03,1347,1778040,卖盘,2017-08-02,2017-08-02 09:32:12
09:32:15,09:32:15,13.21,0.01,881,1163801,买盘,2017-08-02,2017-08-02 09:32:15
09:32:18,09:32:18,13.2,-0.01,1922,2537462,卖盘,2017-08-02,2017-08-02 09:32:18
09:32:21,09:32:21,13.22,0.02,1132,1496504,买盘,2017-08-02,2017-08-02 09:32:21
09:32:24,09:32:24,13.22,--,1285,1698770,卖盘,2017-08-02,2017-08-02 09:32:24
09:32:27,09:32:27,13.22,--,758,1002076,买盘,2017-08-02,2017-08-02 09:32:27
09:32:30,09:32:30,13.21,-0.01,1607,2122847,卖盘,2017-08-02,2017-08-02 09:32:30
09:32:33,09:32:33,13.2,-0.01,1757,2319240,卖盘,2017-08-02,2017-08-02 09:32:33
09:32:36,09:32:36,13.21,0.01,2197,2902237,买盘,2017-08-02,2017-08-02 09:32:36
09:32:39,09:32:39,13.21,--,1852,2446492,买盘,2017-08-02,2017-08-02 09:32:39
09:32:42,09:32:42,13.2,-0.01,1265,1669800,卖盘,2017-08-02,2017-08-02 09:32:42
09:32:45,09:32:45,13.2,--,1503,1983960,卖盘,2017-08-02,2017-08-02 09:32:45
09:32:48,09:32:48,13.21,0.01,1967,2598407,买盘,2017-08-02,2017-08-02 09:32:48
09:32:51,09:32:51,13.2,-0.01,847,1118040,卖盘,2017-08-02,2017-08-02 09:32:51
09:32:54,09:32:54,13.18,-0.02,780,1028040,中性盘,2017-08-02,2017-08-02 09:32:54
09:32:57,09:32:57,13.21,0.03,690,911490,买盘,2017-08-02,2017-08-02 09:32:57
09:33:00,09:33:00,13.2,-0.01,376,496320,卖盘,2017-08-02,2017-08-02 09:33:00
09:33:03,09:33:03,13.2,--,657,867240,卖盘,2017-08-02,2017-08-02 09:33:03
09:33:06,09:33:06,13.18,-0.02,2117,2790206,卖盘,2017-08-02,2017-08-02 09:33:06
09:33:09,09:33:09,13.19,0.01,482,635758,买盘,2017-08-02,2017-08-02 09:33:09
09:33:12,09:33:12,13.17,-0.02,947,1247199,卖盘,2017-08-02,2017-08-02 09:33:12
09:33:15,09:33:15,13.16,-0.01,874,1150184,卖盘,2017-08-02,2017-08-02 09:33:15
09:33:18,09:33:18,13.17,0.01,765,1007505,卖盘,2017-08-02,2017-08-02 09:33:18
09:33:21,09:33:21,13.17,--,611,804687,卖盘,2017-08-02,2017-08-02 09:33:21
09:33:24,09:33:24,13.16,-0.01,686,902776,卖盘,2017-08-02,2017-08-02 09:33:24
09:33:27,09:33:27,13.17,0.01,662,871854,买盘,2017-08-02,2017-08-02 09:33:27
09:33:30,09:33:30,13.16,-0.01,406,534296,卖盘,2017-08-02,2017-08-02 09:33:30
09:33:33,09:33:33,13.17,0.01,661,870537,买盘,2017-08-02,2017-08-02 09:33:33
09:33:36,09:33:36,13.13,-0.04,1084,1423292,卖盘,2017-08-02,2017-08-02 09:33:36
09:33:39,09:33:39,13.18,0.05,773,1018814,买盘,2017-08-02,2017-08-02 09:33:39
09:33:42,09:33:42,13.16,-0.02,958,1260728,卖盘,2017-08-02,2017-08-02 09:33:42
09:33:45,09:33:45,13.14,-0.02,820,1077480,卖盘,2017-08-02,2017-08-02 09:33:45
09:33:48,09:33:48,13.17,0.03,718,945606,买盘,2017-08-02,2017-08-02 09:33:48
09:33:51,09:33:51,13.18,0.01,455,599690,买盘,2017-08-02,2017-08-02 09:33:51
09:33:54,09:33:54,13.14,-0.04,576,756864,卖盘,2017-08-02,2017-08-02 09:33:54
09:33:57,09:33:57,13.16,0.02,724,952784,买盘,2017-08-02,2017-08-02 09:33:57
09:34:00,09:34:00,13.14,-0.02,810,1064340,卖盘,2017-08-02,2017-08-02 09:34:00
09:34:03,09:34:03,13.15,0.01,255,335325,中性盘,2017-08-02,2017-08-02 09:34:03
09:34:06,09:34:06,13.16,0.01,292,384272,买盘,2017-08-02,2017-08-02 09:34:06
09:34:09,09:34:09,13.16,--,226,297416,卖盘,2017-08-02,2017-08-02 09:34:09
09:34:12,09:34:12,13.16,--,427,561932,卖盘,2017-08-02,2017-08-02 09:34:12
09:34:15,09:34:15,13.18,0.02,324,427032,买盘,2017-08-02,2017-08-02 09:34:15
09:34:18,09:34:18,13.18,--,150,197700,买盘,2017-08-02,2017-08-02 09:34:18
09:34:21,09:34:21,13.18,--,290,382220,买盘,2017-08-02,2017-08-02 09:34:21
09:34:24,09:34:24,13.18,--,466,614188,买盘,2017-08-02,2017-08-02 09:34:24
09:34:27,09:34:27,13.19,0.01,267,352173,买盘,2017-08-02,2017-08-02 09:34:27
09:34:30,09:34:30,13.18,-0.01,413,544334,卖盘,2017-08-02,2017-08-02 09:34:30
09:34:33,09:34:33,13.2,0.02,296,390720,买盘,2017-08-02,2017-08-02 09:34:33
09:34:36,09:34:36,13.2,--,888,1172160,买盘,2017-08-02,2017-08-02 09:34:36
09:34:39,09:34:39,13.2,--,1200,1584000,买盘,2017-08-02,2017-08-02 09:34:39
09:34:42,09:34:42,13.22,0.02,448,592256,买盘,2017-08-02,2017-08-02 09:34:42
09:34:45,09:34:45,13.23,0.01,328,433944,买盘,2017-08-02,2017-08-02 09:34:45
09:34:48,09:34:48,13.24,0.01,301,398524,买盘,2017-08-02,2017-08-02 09:34:48
09:34:51,09:34:51,13.24,--,346,458104,买盘,2017-08-02,2017-08-02 09:34:51
09:34:54,09:34:54,13.25,0.01,727,963275,买盘,2017-08-02,2017-08-02 09:34:54
09:34:57,09:34:57,13.25,--,834,1105050,卖盘,2017-08-02,2017-08-02 09:34:57
09:35:00,09:35:00,13.27,0.02,683,906341,买盘,2017-08-02,2017-08-02 09:35:00
09:35:03,09:35:03,13.29,0.02,775,1029974,买盘,2017-08-02,2017-08-02 09:35:03
09:35:06,09:35:06,13.3,0.01,292,388360,买盘,2017-08-02,2017-08-02 09:35:06
09:35:09,09:35:09,13.31,0.01,1127,1500942,买盘,2017-08-02,2017-08-02 09:35:09
09:35:12,09:35:12,13.32,0.01,1156,1539792,买盘,2017-08-02,2017-08-02 09:35:12
09:35:15,09:35:15,13.34,0.02,939,1252626,买盘,2017-08-02,2017-08-02 09:35:15
09:35:18,09:35:18,13.35,0.01,229,305715,买盘,2017-08-02,2017-08-02 09:35:18
09:35:21,09:35:21,13.37,0.02,123,164451,买盘,2017-08-02,2017-08-02 09:35:21
09:35:24,09:35:24,13.37,--,509,680533,买盘,2017-08-02,2017-08-02 09:35:24
09:35:27,09:35:27,13.39,0.02,1197,1602783,买盘,2017-08-02,2017-08-02 09:35:27
09:35:30,09:35:30,13.39,--,848,1135472,买盘,2017-08-02,2017-08-02 09:35:30
09:35:33,09:35:33,13.42,0.03,918,1231956,买盘,2017-08-02,2017-08-02 09:35:33
09:35:36,09:35:36,13.41,-0.01,526,705366,中性盘,2017-08-02,2017-08-02 09:35:36
09:35:39,09:35:39,13.4,-0.01,3696,4952640,卖盘,2017-08-02,2017-08-02 09:35:39
09:35:42,09:35:42,13.4,--,4104,5499360,卖盘,2017-08-02,2017-08-02 09:35:42
09:35:45,09:35:45,13.4,--,1313,1759420,买盘,2017-08-02,2017-08-02 09:35:45
09:35:48,09:35:48,13.34,-0.06,5586,7451724,卖盘,2017-08-02,2017-08-02 09:35:48
09:35:51,09:35:51,13.39,0.05,2912,3899168,买盘,2017-08-02,2017-08-02 09:35:51
09:35:54,09:35:54,13.4,0.01,2078,2784654,买盘,2017-08-02,2017-08-02 09:35:54
09:35:57,09:35:57,13.3,-0.1,1555,2069347,卖盘,2017-08-02,2017-08-02 09:35:57
09:36:00,09:36:00,13.32,0.02,1572,2093904,买盘,2017-08-02,2017-08-02 09:36:00
09:36:03,09:36:03,13.3,-0.02,694,923020,卖盘,2017-08-02,2017-08-02 09:36:03
09:36:06,09:36:06,13.32,0.02,1471,1959585,买盘,2017-08-02,2017-08-02 09:36:06
09:36:09,09:36:09,13.32,--,1616,2152512,买盘,2017-08-02,2017-08-02 09:36:09
09:36:12,09:36:12,13.32,--,2176,2898565,买盘,2017-08-02,2017-08-02 09:36:12
09:36:15,09:36:15,13.32,--,642,855144,卖盘,2017-08-02,2017-08-02 09:36:15
09:36:18,09:36:18,13.36,0.04,238,317968,买盘,2017-08-02,2017-08-02 09:36:18
09:36:21,09:36:21,13.35,-0.01,196,261660,卖盘,2017-08-02,2017-08-02 09:36:21
09:36:24,09:36:24,13.36,0.01,671,896456,买盘,2017-08-02,2017-08-02 09:36:24
09:36:27,09:36:27,13.37,0.01,766,1024944,买盘,2017-08-02,2017-08-02 09:36:27
09:36:30,09:36:30,13.35,-0.02,2472,3300654,卖盘,2017-08-02,2017-08-02 09:36:30
09:36:33,09:36:33,13.38,0.03,2620,3505560,买盘,2017-08-02,2017-08-02 09:36:33
09:36:36,09:36:36,13.38,--,1010,1351380,买盘,2017-08-02,2017-08-02 09:36:36
09:36:39,09:36:39,13.38,--,675,903150,卖盘,2017-08-02,2017-08-02 09:36:39
09:36:42,09:36:42,13.4,0.02,1128,1511520,买盘,2017-08-02,2017-08-02 09:36:42
09:36:45,09:36:45,13.4,--,519,695460,买盘,2017-08-02,2017-08-02 09:36:45
09:36:48,09:36:48,13.4,--,311,416740,卖盘,2017-08-02,2017-08-02 09:36:48
09:36:51,09:36:51,13.4,--,1136,1523044,卖盘,2017-08-02,2017-08-02 09:36:51
09:36:54,09:36:54,13.43,0.03,253,339779,买盘,2017-08-02,2017-08-02 09:36:54
09:36:57,09:36:57,13.41,-0.02,1929,2586789,卖盘,2017-08-02,2017-08-02 09:36:57
09:37:00,09:37:00,13.43,0.02,381,511683,中性盘,2017-08-02,2017-08-02 09:37:00
09:37:03,09:37:03,13.45,0.02,491,660395,买盘,2017-08-02,2017-08-02 09:37:03
09:37:06,09:37:06,13.45,--,639,859455,买盘,2017-08-02,2017-08-02 09:37:06
09:37:09,09:37:09,13.45,--,204,274380,卖盘,2017-08-02,2017-08-02 09:37:09
09:37:12,09:37:12,13.45,--,4344,5842680,卖盘,2017-08-02,2017-08-02 09:37:12
09:37:15,09:37:15,13.45,--,1136,1527920,买盘,2017-08-02,2017-08-02 09:37:15
09:37:18,09:37:18,13.4,-0.05,2272,3045016,卖盘,2017-08-02,2017-08-02 09:37:18
09:37:21,09:37:21,13.4,--,1120,1500800,买盘,2017-08-02,2017-08-02 09:37:21
09:37:24,09:37:24,13.42,0.02,919,1233298,买盘,2017-08-02,2017-08-02 09:37:24
09:37:27,09:37:27,13.4,-0.02,835,1118900,卖盘,2017-08-02,2017-08-02 09:37:27
09:37:30,09:37:30,13.4,--,1666,2232440,买盘,2017-08-02,2017-08-02 09:37:30
09:37:33,09:37:33,13.39,-0.01,1211,1621529,卖盘,2017-08-02,2017-08-02 09:37:33
09:37:36,09:37:36,13.4,0.01,968,1297120,买盘,2017-08-02,2017-08-02 09:37:36
09:37:39,09:37:39,13.38,-0.02,1513,2024394,中性盘,2017-08-02,2017-08-02 09:37:39
09:37:42,09:37:42,13.39,0.01,692,926588,买盘,2017-08-02,2017-08-02 09:37:42
09:37:45,09:37:45,13.38,-0.01,653,873714,卖盘,2017-08-02,2017-08-02 09:37:45
09:37:48,09:37:48,13.38,--,338,452244,买盘,2017-08-02,2017-08-02 09:37:48
09:37:51,09:37:51,13.37,-0.01,819,1095003,卖盘,2017-08-02,2017-08-02 09:37:51
09:37:54,09:37:54,13.36,-0.01,530,708080,卖盘,2017-08-02,2017-08-02 09:37:54
09:37:57,09:37:57,13.35,-0.01,575,767625,卖盘,2017-08-02,2017-08-02 09:37:57
09:38:00,09:38:00,13.34,-0.01,1729,2306486,卖盘,2017-08-02,2017-08-02 09:38:00
09:38:03,09:38:03,13.33,-0.01,1536,2047488,卖盘,2017-08-02,2017-08-02 09:38:03
09:38:06,09:38:06,13.32,-0.01,1094,1457208,卖盘,2017-08-02,2017-08-02 09:38:06
09:38:09,09:38:09,13.3,-0.02,1488,1979040,卖盘,2017-08-02,2017-08-02 09:38:09
09:38:12,09:38:12,13.3,--,570,759297,卖盘,2017-08-02,2017-08-02 09:38:12
09:38:15,09:38:15,13.29,-0.01,261,346869,卖盘,2017-08-02,2017-08-02 09:38:15
09:38:18,09:38:18,13.27,-0.02,673,893071,卖盘,2017-08-02,2017-08-02 09:38:18
09:38:21,09:38:21,13.29,0.02,344,457175,买盘,2017-08-02,2017-08-02 09:38:21
09:38:24,09:38:24,13.27,-0.02,456,605112,卖盘,2017-08-02,2017-08-02 09:38:24
09:38:27,09:38:27,13.29,0.02,510,677790,买盘,2017-08-02,2017-08-02 09:38:27
09:38:30,09:38:30,13.3,0.01,603,802256,买盘,2017-08-02,2017-08-02 09:38:30
09:38:33,09:38:33,13.27,-0.03,414,549378,卖盘,2017-08-02,2017-08-02 09:38:33
09:38:36,09:38:36,13.27,--,924,1226148,卖盘,2017-08-02,2017-08-02 09:38:36
09:38:39,09:38:39,13.27,--,250,331750,卖盘,2017-08-02,2017-08-02 09:38:39
09:38:42,09:38:42,13.3,0.03,636,845880,买盘,2017-08-02,2017-08-02 09:38:42
09:38:45,09:38:45,13.29,-0.01,294,390726,卖盘,2017-08-02,2017-08-02 09:38:45
09:38:48,09:38:48,13.29,--,365,485084,卖盘,2017-08-02,2017-08-02 09:38:48
09:38:51,09:38:51,13.3,0.01,404,537320,买盘,2017-08-02,2017-08-02 09:38:51
09:38:54,09:38:54,13.3,--,338,449540,卖盘,2017-08-02,2017-08-02 09:38:54
09:38:57,09:38:57,13.3,--,247,328510,卖盘,2017-08-02,2017-08-02 09:38:57
09:39:00,09:39:00,13.31,0.01,259,344862,买盘,2017-08-02,2017-08-02 09:39:00
09:39:03,09:39:03,13.31,--,330,439230,卖盘,2017-08-02,2017-08-02 09:39:03
09:39:06,09:39:06,13.33,0.02,468,623844,买盘,2017-08-02,2017-08-02 09:39:06
09:39:09,09:39:09,13.32,-0.01,211,281052,卖盘,2017-08-02,2017-08-02 09:39:09
09:39:12,09:39:12,13.37,0.05,691,923867,买盘,2017-08-02,2017-08-02 09:39:12
09:39:15,09:39:15,13.33,-0.04,141,187953,卖盘,2017-08-02,2017-08-02 09:39:15
09:39:18,09:39:18,13.37,0.04,512,684544,买盘,2017-08-02,2017-08-02 09:39:18
09:39:21,09:39:21,13.34,-0.03,316,421544,卖盘,2017-08-02,2017-08-02 09:39:21
09:39:24,09:39:24,13.38,0.04,569,761322,买盘,2017-08-02,2017-08-02 09:39:24
09:39:27,09:39:27,13.38,--,153,204714,买盘,2017-08-02,2017-08-02 09:39:27
09:39:30,09:39:30,13.38,--,204,272952,卖盘,2017-08-02,2017-08-02 09:39:30
09:39:33,09:39:33,13.39,0.01,185,247715,买盘,2017-08-02,2017-08-02 09:39:33
09:39:36,09:39:36,13.39,--,458,613262,卖盘,2017-08-02,2017-08-02 09:39:36
09:39:39,09:39:39,13.4,0.01,160,214400,买盘,2017-08-02,2017-08-02 09:39:39
09:39:42,09:39:42,13.42,0.02,160,214720,买盘,2017-08-02,2017-08-02 09:39:42
09:39:45,09:39:45,13.41,-0.01,62,83142,中性盘,2017-08-02,2017-08-02 09:39:45
09:39:48,09:39:48,13.42,0.01,237,318054,买盘,2017-08-02,2017-08-02 09:39:48
09:39:51,09:39:51,13.43,0.01,503,675529,买盘,2017-08-02,2017-08-02 09:39:51
09:39:54,09:39:54,13.45,0.02,472,634840,买盘,2017-08-02,2017-08-02 09:39:54
09:39:57,09:39:57,13.43,-0.02,1879,2523497,卖盘,2017-08-02,2017-08-02 09:39:57
09:40:00,09:40:00,13.45,0.02,370,498457,买盘,2017-08-02,2017-08-02 09:40:00
09:40:03,09:40:03,13.46,0.01,577,776642,买盘,2017-08-02,2017-08-02 09:40:03
09:40:06,09:40:06,13.46,--,867,1166982,买盘,2017-08-02,2017-08-02 09:40:06
09:40:09,09:40:09,13.48,0.02,770,1037960,买盘,2017-08-02,2017-08-02 09:40:09
09:40:12,09:40:12,13.4,-0.08,3154,4226360,卖盘,2017-08-02,2017-08-02 09:40:12
09:40:15,09:40:15,13.46,0.06,1030,1386380,卖盘,2017-08-02,2017-08-02 09:40:15
09:40:18,09:40:18,13.45,-0.01,520,699400,卖盘,2017-08-02,2017-08-02 09:40:18
09:40:21,09:40:21,13.44,-0.01,1158,1556352,中性盘,2017-08-02,2017-08-02 09:40:21
09:40:24,09:40:24,13.41,-0.03,613,822033,中性盘,2017-08-02,2017-08-02 09:40:24
09:40:27,09:40:27,13.39,-0.02,1280,1714455,卖盘,2017-08-02,2017-08-02 09:40:27
09:40:30,09:40:30,13.4,0.01,509,682060,买盘,2017-08-02,2017-08-02 09:40:30
09:40:33,09:40:33,13.38,-0.02,873,1168074,卖盘,2017-08-02,2017-08-02 09:40:33
09:40:36,09:40:36,13.4,0.02,504,675360,买盘,2017-08-02,2017-08-02 09:40:36
09:40:39,09:40:39,13.36,-0.04,394,526384,卖盘,2017-08-02,2017-08-02 09:40:39
09:40:42,09:40:42,13.38,0.02,591,790758,买盘,2017-08-02,2017-08-02 09:40:42
09:40:45,09:40:45,13.4,0.02,889,1191260,买盘,2017-08-02,2017-08-02 09:40:45
09:40:48,09:40:48,13.4,--,363,486420,卖盘,2017-08-02,2017-08-02 09:40:48
09:40:51,09:40:51,13.38,-0.02,879,1176102,卖盘,2017-08-02,2017-08-02 09:40:51
09:40:54,09:40:54,13.38,--,451,603438,卖盘,2017-08-02,2017-08-02 09:40:54
09:40:57,09:40:57,13.38,--,1088,1455744,卖盘,2017-08-02,2017-08-02 09:40:57
09:41:00,09:41:00,13.38,--,1583,2118054,卖盘,2017-08-02,2017-08-02 09:41:00
09:41:03,09:41:03,13.38,--,392,524496,买盘,2017-08-02,2017-08-02 09:41:03
09:41:06,09:41:06,13.37,-0.01,931,1244747,卖盘,2017-08-02,2017-08-02 09:41:06
09:41:09,09:41:09,13.37,--,303,405111,卖盘,2017-08-02,2017-08-02 09:41:09
09:41:12,09:41:12,13.35,-0.02,626,835710,卖盘,2017-08-02,2017-08-02 09:41:12
09:41:15,09:41:15,13.36,0.01,267,356712,中性盘,2017-08-02,2017-08-02 09:41:15
09:41:18,09:41:18,13.35,-0.01,247,329745,卖盘,2017-08-02,2017-08-02 09:41:18
09:41:21,09:41:21,13.37,0.02,391,522766,买盘,2017-08-02,2017-08-02 09:41:21
09:41:24,09:41:24,13.36,-0.01,580,774880,卖盘,2017-08-02,2017-08-02 09:41:24
09:41:27,09:41:27,13.37,0.01,257,343609,买盘,2017-08-02,2017-08-02 09:41:27
09:41:30,09:41:30,13.38,0.01,81,108378,买盘,2017-08-02,2017-08-02 09:41:30
09:41:33,09:41:33,13.38,--,328,438864,买盘,2017-08-02,2017-08-02 09:41:33
09:41:36,09:41:36,13.38,--,204,272952,卖盘,2017-08-02,2017-08-02 09:41:36
09:41:39,09:41:39,13.38,--,320,428160,卖盘,2017-08-02,2017-08-02 09:41:39
09:41:42,09:41:42,13.39,0.01,293,392327,买盘,2017-08-02,2017-08-02 09:41:42
09:41:45,09:41:45,13.41,0.02,680,911880,买盘,2017-08-02,2017-08-02 09:41:45
09:41:48,09:41:48,13.39,-0.02,92,123188,卖盘,2017-08-02,2017-08-02 09:41:48
09:41:51,09:41:51,13.41,0.02,159,213219,买盘,2017-08-02,2017-08-02 09:41:51
09:41:54,09:41:54,13.41,--,118,158238,买盘,2017-08-02,2017-08-02 09:41:54
09:41:57,09:41:57,13.41,--,187,250767,卖盘,2017-08-02,2017-08-02 09:41:57
09:42:00,09:42:00,13.42,0.01,89,119438,买盘,2017-08-02,2017-08-02 09:42:00
09:42:03,09:42:03,13.42,--,489,656238,买盘,2017-08-02,2017-08-02 09:42:03
09:42:06,09:42:06,13.44,0.02,238,319872,买盘,2017-08-02,2017-08-02 09:42:06
09:42:09,09:42:09,13.44,--,405,544320,买盘,2017-08-02,2017-08-02 09:42:09
09:42:12,09:42:12,13.45,0.01,121,162745,买盘,2017-08-02,2017-08-02 09:42:12
09:42:15,09:42:15,13.45,--,429,577005,买盘,2017-08-02,2017-08-02 09:42:15
09:42:18,09:42:18,13.44,-0.01,803,1079232,卖盘,2017-08-02,2017-08-02 09:42:18
09:42:21,09:42:21,13.45,0.01,554,745130,买盘,2017-08-02,2017-08-02 09:42:21
09:42:24,09:42:24,13.45,--,766,1030270,卖盘,2017-08-02,2017-08-02 09:42:24
09:42:27,09:42:27,13.46,0.01,330,444180,买盘,2017-08-02,2017-08-02 09:42:27
09:42:30,09:42:30,13.47,0.01,1040,1400880,中性盘,2017-08-02,2017-08-02 09:42:30
09:42:33,09:42:33,13.5,0.03,1642,2216700,买盘,2017-08-02,2017-08-02 09:42:33
09:42:36,09:42:36,13.5,--,333,449550,买盘,2017-08-02,2017-08-02 09:42:36
09:42:39,09:42:39,13.51,0.01,487,658072,买盘,2017-08-02,2017-08-02 09:42:39
09:42:42,09:42:42,13.51,--,243,328293,中性盘,2017-08-02,2017-08-02 09:42:42
09:42:45,09:42:45,13.54,0.03,365,494209,买盘,2017-08-02,2017-08-02 09:42:45
09:42:48,09:42:48,13.55,0.01,168,227640,中性盘,2017-08-02,2017-08-02 09:42:48
09:42:51,09:42:51,13.56,0.01,353,478668,中性盘,2017-08-02,2017-08-02 09:42:51
09:42:54,09:42:54,13.58,0.02,513,696654,买盘,2017-08-02,2017-08-02 09:42:54
09:42:57,09:42:57,13.6,0.02,1437,1954320,买盘,2017-08-02,2017-08-02 09:42:57
09:43:00,09:43:00,13.6,--,648,881280,买盘,2017-08-02,2017-08-02 09:43:00
09:43:03,09:43:03,13.62,0.02,583,794046,买盘,2017-08-02,2017-08-02 09:43:03
09:43:06,09:43:06,13.63,0.01,184,250792,中性盘,2017-08-02,2017-08-02 09:43:06
09:43:09,09:43:09,13.64,0.01,749,1021636,买盘,2017-08-02,2017-08-02 09:43:09
09:43:12,09:43:12,13.65,0.01,299,408135,买盘,2017-08-02,2017-08-02 09:43:12
09:43:15,09:43:15,13.67,0.02,304,415568,买盘,2017-08-02,2017-08-02 09:43:15
09:43:18,09:43:18,13.7,0.03,1348,1846760,买盘,2017-08-02,2017-08-02 09:43:18
09:43:21,09:43:21,13.7,--,713,976810,买盘,2017-08-02,2017-08-02 09:43:21
09:43:24,09:43:24,13.75,0.05,852,1171500,买盘,2017-08-02,2017-08-02 09:43:24
09:43:27,09:43:27,13.76,0.01,142,195392,买盘,2017-08-02,2017-08-02 09:43:27
09:43:30,09:43:30,13.75,-0.01,612,841500,中性盘,2017-08-02,2017-08-02 09:43:30
09:43:33,09:43:33,13.77,0.02,887,1221399,买盘,2017-08-02,2017-08-02 09:43:33
09:43:36,09:43:36,13.8,0.03,1372,1893360,买盘,2017-08-02,2017-08-02 09:43:36
09:43:39,09:43:39,13.75,-0.05,3340,4592500,卖盘,2017-08-02,2017-08-02 09:43:39
09:43:42,09:43:42,13.8,0.05,1169,1613220,买盘,2017-08-02,2017-08-02 09:43:42
09:43:45,09:43:45,13.76,-0.04,776,1067776,卖盘,2017-08-02,2017-08-02 09:43:45
09:43:48,09:43:48,13.8,0.04,662,913560,买盘,2017-08-02,2017-08-02 09:43:48
09:43:51,09:43:51,13.8,--,2015,2780700,卖盘,2017-08-02,2017-08-02 09:43:51
09:43:54,09:43:54,13.8,--,1219,1682220,买盘,2017-08-02,2017-08-02 09:43:54
09:43:57,09:43:57,13.8,--,2310,3187800,买盘,2017-08-02,2017-08-02 09:43:57
09:44:00,09:44:00,13.78,-0.02,1458,2009124,中性盘,2017-08-02,2017-08-02 09:44:00
09:44:03,09:44:03,13.74,-0.04,1400,1923600,卖盘,2017-08-02,2017-08-02 09:44:03
09:44:06,09:44:06,13.7,-0.04,1207,1653590,卖盘,2017-08-02,2017-08-02 09:44:06
09:44:09,09:44:09,13.76,0.06,555,763680,买盘,2017-08-02,2017-08-02 09:44:09
09:44:12,09:44:12,13.67,-0.09,707,966469,卖盘,2017-08-02,2017-08-02 09:44:12
09:44:15,09:44:15,13.7,0.03,282,386340,买盘,2017-08-02,2017-08-02 09:44:15
09:44:18,09:44:18,13.7,--,345,472650,买盘,2017-08-02,2017-08-02 09:44:18
09:44:21,09:44:21,13.69,-0.01,517,707773,卖盘,2017-08-02,2017-08-02 09:44:21
09:44:24,09:44:24,13.69,--,1142,1563398,买盘,2017-08-02,2017-08-02 09:44:24
09:44:27,09:44:27,13.65,-0.04,735,1003275,卖盘,2017-08-02,2017-08-02 09:44:27
09:44:30,09:44:30,13.65,--,779,1063335,买盘,2017-08-02,2017-08-02 09:44:30
09:44:33,09:44:33,13.64,-0.01,195,265980,中性盘,2017-08-02,2017-08-02 09:44:33
09:44:36,09:44:36,13.64,--,730,995720,买盘,2017-08-02,2017-08-02 09:44:36
09:44:39,09:44:39,13.68,0.04,754,1031472,买盘,2017-08-02,2017-08-02 09:44:39
09:44:42,09:44:42,13.63,-0.05,352,479776,卖盘,2017-08-02,2017-08-02 09:44:42
09:44:45,09:44:45,13.68,0.05,172,235296,买盘,2017-08-02,2017-08-02 09:44:45
09:44:48,09:44:48,13.66,-0.02,302,412532,中性盘,2017-08-02,2017-08-02 09:44:48
09:44:51,09:44:51,13.69,0.03,954,1306026,买盘,2017-08-02,2017-08-02 09:44:51
09:44:54,09:44:54,13.68,-0.01,168,229824,中性盘,2017-08-02,2017-08-02 09:44:54
09:44:57,09:44:57,13.68,--,183,250344,买盘,2017-08-02,2017-08-02 09:44:57
09:45:00,09:45:00,13.69,0.01,441,603729,买盘,2017-08-02,2017-08-02 09:45:00
09:45:03,09:45:03,13.68,-0.01,370,506160,卖盘,2017-08-02,2017-08-02 09:45:03
09:45:06,09:45:06,13.69,0.01,640,876160,卖盘,2017-08-02,2017-08-02 09:45:06
09:45:09,09:45:09,13.7,0.01,1724,2361880,买盘,2017-08-02,2017-08-02 09:45:09
09:45:12,09:45:12,13.7,--,290,397300,买盘,2017-08-02,2017-08-02 09:45:12
09:45:15,09:45:15,13.7,--,1600,2192000,买盘,2017-08-02,2017-08-02 09:45:15
09:45:18,09:45:18,13.71,0.01,576,789696,买盘,2017-08-02,2017-08-02 09:45:18
09:45:21,09:45:21,13.7,-0.01,644,882280,卖盘,2017-08-02,2017-08-02 09:45:21
09:45:24,09:45:24,13.73,0.03,229,314417,中性盘,2017-08-02,2017-08-02 09:45:24
09:45:27,09:45:27,13.76,0.03,355,488480,买盘,2017-08-02,2017-08-02 09:45:27
09:45:30,09:45:30,13.76,--,438,602688,卖盘,2017-08-02,2017-08-02 09:45:30
09:45:33,09:45:33,13.73,-0.03,584,801832,卖盘,2017-08-02,2017-08-02 09:45:33
09:45:36,09:45:36,13.75,0.02,558,767250,买盘,2017-08-02,2017-08-02 09:45:36
09:45:39,09:45:39,13.76,0.01,437,601312,买盘,2017-08-02,2017-08-02 09:45:39
09:45:42,09:45:42,13.77,0.01,314,432378,买盘,2017-08-02,2017-08-02 09:45:42
09:45:45,09:45:45,13.77,--,157,216189,买盘,2017-08-02,2017-08-02 09:45:45
09:45:48,09:45:48,13.77,--,386,531522,卖盘,2017-08-02,2017-08-02 09:45:48
09:45:51,09:45:51,13.79,0.02,588,810852,中性盘,2017-08-02,2017-08-02 09:45:51
09:45:54,09:45:54,13.8,0.01,338,466440,买盘,2017-08-02,2017-08-02 09:45:54
09:45:57,09:45:57,13.8,--,456,629280,买盘,2017-08-02,2017-08-02 09:45:57
09:46:00,09:46:00,13.8,--,891,1229580,买盘,2017-08-02,2017-08-02 09:46:00
09:46:03,09:46:03,13.82,0.02,440,608080,买盘,2017-08-02,2017-08-02 09:46:03
09:46:06,09:46:06,13.82,--,461,637102,中性盘,2017-08-02,2017-08-02 09:46:06
09:46:09,09:46:09,13.81,-0.01,746,1030226,卖盘,2017-08-02,2017-08-02 09:46:09
09:46:12,09:46:12,13.83,0.02,546,755118,买盘,2017-08-02,2017-08-02 09:46:12
09:46:15,09:46:15,13.82,-0.01,711,982602,中性盘,2017-08-02,2017-08-02 09:46:15
09:46:18,09:46:18,13.81,-0.01,1104,1524624,卖盘,2017-08-02,2017-08-02 09:46:18
09:46:21,09:46:21,13.82,0.01,1489,2057798,中性盘,2017-08-02,2017-08-02 09:46:21
09:46:24,09:46:24,13.83,0.01,525,726075,买盘,2017-08-02,2017-08-02 09:46:24
09:46:27,09:46:27,13.82,-0.01,1333,1842206,卖盘,2017-08-02,2017-08-02 09:46:27
09:46:30,09:46:30,13.82,--,790,1091780,卖盘,2017-08-02,2017-08-02 09:46:30
09:46:33,09:46:33,13.81,-0.01,730,1008130,卖盘,2017-08-02,2017-08-02 09:46:33
09:46:36,09:46:36,13.77,-0.04,498,685746,卖盘,2017-08-02,2017-08-02 09:46:36
09:46:39,09:46:39,13.75,-0.02,912,1254000,卖盘,2017-08-02,2017-08-02 09:46:39
09:46:42,09:46:42,13.75,--,289,397375,卖盘,2017-08-02,2017-08-02 09:46:42
09:46:45,09:46:45,13.73,-0.02,657,902061,卖盘,2017-08-02,2017-08-02 09:46:45
09:46:48,09:46:48,13.79,0.06,775,1068725,买盘,2017-08-02,2017-08-02 09:46:48
09:46:51,09:46:51,13.73,-0.06,573,786729,卖盘,2017-08-02,2017-08-02 09:46:51
09:46:54,09:46:54,13.73,--,695,954235,买盘,2017-08-02,2017-08-02 09:46:54
09:46:57,09:46:57,13.72,-0.01,430,589960,中性盘,2017-08-02,2017-08-02 09:46:57
09:47:00,09:47:00,13.71,-0.01,1038,1423098,卖盘,2017-08-02,2017-08-02 09:47:00
09:47:03,09:47:03,13.71,--,407,557997,卖盘,2017-08-02,2017-08-02 09:47:03
09:47:06,09:47:06,13.71,--,545,747195,买盘,2017-08-02,2017-08-02 09:47:06
09:47:09,09:47:09,13.7,-0.01,300,411000,中性盘,2017-08-02,2017-08-02 09:47:09
09:47:12,09:47:12,13.68,-0.02,655,896040,卖盘,2017-08-02,2017-08-02 09:47:12
09:47:15,09:47:15,13.7,0.02,349,478130,买盘,2017-08-02,2017-08-02 09:47:15
09:47:18,09:47:18,13.75,0.05,1476,2029500,买盘,2017-08-02,2017-08-02 09:47:18
09:47:21,09:47:21,13.71,-0.04,441,604611,卖盘,2017-08-02,2017-08-02 09:47:21
09:47:24,09:47:24,13.7,-0.01,105,143850,卖盘,2017-08-02,2017-08-02 09:47:24
09:47:27,09:47:27,13.75,0.05,3676,5054500,买盘,2017-08-02,2017-08-02 09:47:27
09:47:30,09:47:30,13.71,-0.04,3723,5104233,卖盘,2017-08-02,2017-08-02 09:47:30
09:47:33,09:47:33,13.75,0.04,325,446875,买盘,2017-08-02,2017-08-02 09:47:33
09:47:36,09:47:36,13.82,0.07,537,742134,买盘,2017-08-02,2017-08-02 09:47:36
09:47:39,09:47:39,13.75,-0.07,156,214500,卖盘,2017-08-02,2017-08-02 09:47:39
09:47:42,09:47:42,13.76,0.01,265,364640,中性盘,2017-08-02,2017-08-02 09:47:42
09:47:45,09:47:45,13.81,0.05,183,252723,买盘,2017-08-02,2017-08-02 09:47:45
09:47:48,09:47:48,13.82,0.01,115,158930,买盘,2017-08-02,2017-08-02 09:47:48
09:47:51,09:47:51,13.84,0.02,724,1002016,买盘,2017-08-02,2017-08-02 09:47:51
09:47:54,09:47:54,13.88,0.04,149,206812,买盘,2017-08-02,2017-08-02 09:47:54
09:47:57,09:47:57,13.98,0.1,82,114636,买盘,2017-08-02,2017-08-02 09:47:57
09:48:00,09:48:00,13.9,-0.08,119,165410,中性盘,2017-08-02,2017-08-02 09:48:00
09:48:03,09:48:03,14.0,0.1,563,788200,买盘,2017-08-02,2017-08-02 09:48:03
09:48:06,09:48:06,13.98,-0.02,310,433380,卖盘,2017-08-02,2017-08-02 09:48:06
09:48:09,09:48:09,13.99,0.01,186,260214,买盘,2017-08-02,2017-08-02 09:48:09
09:48:12,09:48:12,14.0,0.01,520,728000,买盘,2017-08-02,2017-08-02 09:48:12
09:48:15,09:48:15,14.0,--,840,1176000,买盘,2017-08-02,2017-08-02 09:48:15
09:48:18,09:48:18,14.02,0.02,617,865048,买盘,2017-08-02,2017-08-02 09:48:18
09:48:21,09:48:21,14.01,-0.01,992,1389792,中性盘,2017-08-02,2017-08-02 09:48:21
09:48:24,09:48:24,14.02,0.01,536,751472,卖盘,2017-08-02,2017-08-02 09:48:24
09:48:27,09:48:27,14.03,0.01,448,628544,卖盘,2017-08-02,2017-08-02 09:48:27
09:48:30,09:48:30,14.03,--,542,760426,卖盘,2017-08-02,2017-08-02 09:48:30
09:48:33,09:48:33,14.09,0.06,349,491741,买盘,2017-08-02,2017-08-02 09:48:33
09:48:36,09:48:36,14.04,-0.05,1436,2016143,卖盘,2017-08-02,2017-08-02 09:48:36
09:48:39,09:48:39,14.07,0.03,862,1212834,中性盘,2017-08-02,2017-08-02 09:48:39
09:48:42,09:48:42,14.04,-0.03,1322,1857477,卖盘,2017-08-02,2017-08-02 09:48:42
09:48:45,09:48:45,14.04,--,478,671112,卖盘,2017-08-02,2017-08-02 09:48:45
09:48:48,09:48:48,14.03,-0.01,545,764635,卖盘,2017-08-02,2017-08-02 09:48:48
09:48:51,09:48:51,13.96,-0.07,1559,2176364,卖盘,2017-08-02,2017-08-02 09:48:51
09:48:54,09:48:54,13.96,--,482,672872,买盘,2017-08-02,2017-08-02 09:48:54
09:48:57,09:48:57,13.96,--,363,506748,买盘,2017-08-02,2017-08-02 09:48:57
09:49:00,09:49:00,13.96,--,221,308516,卖盘,2017-08-02,2017-08-02 09:49:00
09:49:03,09:49:03,13.97,0.01,175,244475,中性盘,2017-08-02,2017-08-02 09:49:03
09:49:06,09:49:06,13.9,-0.07,1092,1517880,卖盘,2017-08-02,2017-08-02 09:49:06
09:49:09,09:49:09,13.9,--,487,676930,买盘,2017-08-02,2017-08-02 09:49:09
09:49:12,09:49:12,13.9,--,403,560170,买盘,2017-08-02,2017-08-02 09:49:12
09:49:15,09:49:15,13.87,-0.03,227,314849,卖盘,2017-08-02,2017-08-02 09:49:15
09:49:18,09:49:18,13.87,--,389,539543,卖盘,2017-08-02,2017-08-02 09:49:18
09:49:21,09:49:21,13.84,-0.03,135,186840,卖盘,2017-08-02,2017-08-02 09:49:21
09:49:24,09:49:24,13.85,0.01,112,155120,买盘,2017-08-02,2017-08-02 09:49:24
09:49:27,09:49:27,13.85,--,131,181435,买盘,2017-08-02,2017-08-02 09:49:27
09:49:30,09:49:30,13.8,-0.05,1867,2576460,卖盘,2017-08-02,2017-08-02 09:49:30
09:49:33,09:49:33,13.8,--,732,1010160,买盘,2017-08-02,2017-08-02 09:49:33
09:49:36,09:49:36,13.8,--,310,427800,买盘,2017-08-02,2017-08-02 09:49:36
09:49:39,09:49:39,13.76,-0.04,161,221536,中性盘,2017-08-02,2017-08-02 09:49:39
09:49:42,09:49:42,13.75,-0.01,332,456500,卖盘,2017-08-02,2017-08-02 09:49:42
09:49:45,09:49:45,13.73,-0.02,192,263616,卖盘,2017-08-02,2017-08-02 09:49:45
09:49:48,09:49:48,13.75,0.02,141,193875,买盘,2017-08-02,2017-08-02 09:49:48
09:49:51,09:49:51,13.82,0.07,617,852694,买盘,2017-08-02,2017-08-02 09:49:51
09:49:54,09:49:54,13.75,-0.07,219,301125,卖盘,2017-08-02,2017-08-02 09:49:54
09:49:57,09:49:57,13.82,0.07,272,375904,买盘,2017-08-02,2017-08-02 09:49:57
09:50:00,09:50:00,13.82,--,113,156166,买盘,2017-08-02,2017-08-02 09:50:00
09:50:03,09:50:03,13.77,-0.05,258,355266,卖盘,2017-08-02,2017-08-02 09:50:03
09:50:06,09:50:06,13.82,0.05,262,362084,买盘,2017-08-02,2017-08-02 09:50:06
09:50:09,09:50:09,13.8,-0.02,149,205620,卖盘,2017-08-02,2017-08-02 09:50:09
09:50:12,09:50:12,13.82,0.02,312,431184,买盘,2017-08-02,2017-08-02 09:50:12
09:50:15,09:50:15,13.82,--,111,153402,卖盘,2017-08-02,2017-08-02 09:50:15
09:50:18,09:50:18,13.82,--,58,80156,卖盘,2017-08-02,2017-08-02 09:50:18
09:50:21,09:50:21,13.85,0.03,560,775600,买盘,2017-08-02,2017-08-02 09:50:21
09:50:24,09:50:24,13.83,-0.02,204,282132,卖盘,2017-08-02,2017-08-02 09:50:24
09:50:27,09:50:27,13.83,--,180,248940,买盘,2017-08-02,2017-08-02 09:50:27
09:50:30,09:50:30,13.85,0.02,318,440430,买盘,2017-08-02,2017-08-02 09:50:30
09:50:33,09:50:33,13.83,-0.02,221,305643,卖盘,2017-08-02,2017-08-02 09:50:33
09:50:36,09:50:36,13.85,0.02,222,307470,中性盘,2017-08-02,2017-08-02 09:50:36
09:50:39,09:50:39,13.85,--,358,495830,买盘,2017-08-02,2017-08-02 09:50:39
09:50:42,09:50:42,13.87,0.02,56,77672,卖盘,2017-08-02,2017-08-02 09:50:42
09:50:45,09:50:45,13.89,0.02,151,209739,中性盘,2017-08-02,2017-08-02 09:50:45
09:50:48,09:50:48,13.92,0.03,135,187920,买盘,2017-08-02,2017-08-02 09:50:48
09:50:51,09:50:51,13.91,-0.01,150,208650,中性盘,2017-08-02,2017-08-02 09:50:51
09:50:54,09:50:54,13.99,0.08,663,927537,买盘,2017-08-02,2017-08-02 09:50:54
09:50:57,09:50:57,13.94,-0.05,106,147764,中性盘,2017-08-02,2017-08-02 09:50:57
09:51:00,09:51:00,14.0,0.06,1077,1507800,买盘,2017-08-02,2017-08-02 09:51:00
09:51:03,09:51:03,14.0,--,72,100800,卖盘,2017-08-02,2017-08-02 09:51:03
09:51:06,09:51:06,14.04,0.04,1874,2631096,买盘,2017-08-02,2017-08-02 09:51:06
09:51:09,09:51:09,14.0,-0.04,498,697200,中性盘,2017-08-02,2017-08-02 09:51:09
09:51:12,09:51:12,14.0,--,246,344400,买盘,2017-08-02,2017-08-02 09:51:12
09:51:15,09:51:15,14.02,0.02,524,734648,买盘,2017-08-02,2017-08-02 09:51:15
09:51:18,09:51:18,14.04,0.02,381,534924,买盘,2017-08-02,2017-08-02 09:51:18
09:51:21,09:51:21,14.04,--,547,767988,买盘,2017-08-02,2017-08-02 09:51:21
09:51:24,09:51:24,14.0,-0.04,307,429800,卖盘,2017-08-02,2017-08-02 09:51:24
09:51:27,09:51:27,14.0,--,394,551600,卖盘,2017-08-02,2017-08-02 09:51:27
09:51:30,09:51:30,14.02,0.02,308,431816,卖盘,2017-08-02,2017-08-02 09:51:30
09:51:33,09:51:33,14.0,-0.02,391,547400,卖盘,2017-08-02,2017-08-02 09:51:33
09:51:36,09:51:36,14.0,--,432,604800,买盘,2017-08-02,2017-08-02 09:51:36
09:51:39,09:51:39,14.0,--,675,945000,买盘,2017-08-02,2017-08-02 09:51:39
09:51:42,09:51:42,13.99,-0.01,809,1131791,卖盘,2017-08-02,2017-08-02 09:51:42
09:51:45,09:51:45,13.99,--,240,335760,买盘,2017-08-02,2017-08-02 09:51:45
09:51:48,09:51:48,13.95,-0.04,363,506385,卖盘,2017-08-02,2017-08-02 09:51:48
09:51:51,09:51:51,13.94,-0.01,216,301104,买盘,2017-08-02,2017-08-02 09:51:51
09:51:54,09:51:54,13.92,-0.02,218,303456,卖盘,2017-08-02,2017-08-02 09:51:54
09:51:57,09:51:57,13.92,--,90,125280,卖盘,2017-08-02,2017-08-02 09:51:57
09:52:00,09:52:00,13.92,--,319,444048,买盘,2017-08-02,2017-08-02 09:52:00
09:52:03,09:52:03,13.91,-0.01,537,746967,卖盘,2017-08-02,2017-08-02 09:52:03
09:52:06,09:52:06,13.91,--,345,479895,卖盘,2017-08-02,2017-08-02 09:52:06
09:52:09,09:52:09,13.89,-0.02,351,487539,卖盘,2017-08-02,2017-08-02 09:52:09
09:52:12,09:52:12,13.9,0.01,127,176530,买盘,2017-08-02,2017-08-02 09:52:12
09:52:15,09:52:15,13.87,-0.03,134,185858,卖盘,2017-08-02,2017-08-02 09:52:15
09:52:18,09:52:18,13.88,0.01,66,91608,卖盘,2017-08-02,2017-08-02 09:52:18
09:52:21,09:52:21,13.87,-0.01,193,267691,卖盘,2017-08-02,2017-08-02 09:52:21
09:52:24,09:52:24,13.85,-0.02,135,186975,卖盘,2017-08-02,2017-08-02 09:52:24
09:52:27,09:52:27,13.87,0.02,637,883519,买盘,2017-08-02,2017-08-02 09:52:27
09:52:30,09:52:30,13.85,-0.02,386,534610,卖盘,2017-08-02,2017-08-02 09:52:30
09:52:33,09:52:33,13.84,-0.01,92,127328,买盘,2017-08-02,2017-08-02 09:52:33
09:52:36,09:52:36,13.84,--,461,638024,买盘,2017-08-02,2017-08-02 09:52:36
09:52:39,09:52:39,13.83,-0.01,257,355431,卖盘,2017-08-02,2017-08-02 09:52:39
09:52:42,09:52:42,13.84,0.01,378,523152,买盘,2017-08-02,2017-08-02 09:52:42
09:52:45,09:52:45,13.83,-0.01,295,407985,卖盘,2017-08-02,2017-08-02 09:52:45
09:52:48,09:52:48,13.85,0.02,324,448740,买盘,2017-08-02,2017-08-02 09:52:48
09:52:51,09:52:51,13.83,-0.02,370,511710,卖盘,2017-08-02,2017-08-02 09:52:51
09:52:54,09:52:54,13.82,-0.01,262,362084,卖盘,2017-08-02,2017-08-02 09:52:54
09:52:57,09:52:57,13.83,0.01,3366,4655178,中性盘,2017-08-02,2017-08-02 09:52:57
09:53:00,09:53:00,13.82,-0.01,295,407690,卖盘,2017-08-02,2017-08-02 09:53:00
09:53:03,09:53:03,13.83,0.01,188,260004,买盘,2017-08-02,2017-08-02 09:53:03
09:53:06,09:53:06,13.82,-0.01,162,223884,卖盘,2017-08-02,2017-08-02 09:53:06
09:53:09,09:53:09,13.82,--,354,489228,卖盘,2017-08-02,2017-08-02 09:53:09
09:53:12,09:53:12,13.83,0.01,442,611286,买盘,2017-08-02,2017-08-02 09:53:12
09:53:15,09:53:15,13.82,-0.01,149,205918,卖盘,2017-08-02,2017-08-02 09:53:15
09:53:18,09:53:18,13.83,0.01,319,441177,买盘,2017-08-02,2017-08-02 09:53:18
09:53:21,09:53:21,13.85,0.02,428,592780,买盘,2017-08-02,2017-08-02 09:53:21
09:53:24,09:53:24,13.83,-0.02,618,854694,卖盘,2017-08-02,2017-08-02 09:53:24
09:53:27,09:53:27,13.85,0.02,245,339325,买盘,2017-08-02,2017-08-02 09:53:27
09:53:30,09:53:30,13.85,--,211,292235,卖盘,2017-08-02,2017-08-02 09:53:30
09:53:33,09:53:33,13.85,--,387,535995,卖盘,2017-08-02,2017-08-02 09:53:33
09:53:36,09:53:36,13.86,0.01,162,224532,买盘,2017-08-02,2017-08-02 09:53:36
09:53:39,09:53:39,13.86,--,135,187110,卖盘,2017-08-02,2017-08-02 09:53:39
09:53:42,09:53:42,13.87,0.01,114,158118,买盘,2017-08-02,2017-08-02 09:53:42
09:53:45,09:53:45,13.88,0.01,764,1060432,买盘,2017-08-02,2017-08-02 09:53:45
09:53:48,09:53:48,13.88,--,632,877216,买盘,2017-08-02,2017-08-02 09:53:48
09:53:51,09:53:51,13.87,-0.01,141,195567,卖盘,2017-08-02,2017-08-02 09:53:51
09:53:54,09:53:54,13.88,0.01,211,292868,中性盘,2017-08-02,2017-08-02 09:53:54
09:53:57,09:53:57,13.9,0.02,18,25020,中性盘,2017-08-02,2017-08-02 09:53:57
09:54:00,09:54:00,13.88,-0.02,250,347000,卖盘,2017-08-02,2017-08-02 09:54:00
09:54:03,09:54:03,13.9,0.02,169,234910,买盘,2017-08-02,2017-08-02 09:54:03
09:54:06,09:54:06,13.9,--,253,351670,买盘,2017-08-02,2017-08-02 09:54:06
09:54:09,09:54:09,13.89,-0.01,3315,4604535,中性盘,2017-08-02,2017-08-02 09:54:09
09:54:12,09:54:12,13.89,--,463,643107,卖盘,2017-08-02,2017-08-02 09:54:12
09:54:15,09:54:15,13.9,0.01,754,1048060,买盘,2017-08-02,2017-08-02 09:54:15
09:54:18,09:54:18,13.9,--,287,398930,卖盘,2017-08-02,2017-08-02 09:54:18
09:54:21,09:54:21,13.9,--,316,439240,卖盘,2017-08-02,2017-08-02 09:54:21
09:54:24,09:54:24,14.0,0.1,1072,1500800,买盘,2017-08-02,2017-08-02 09:54:24
09:54:27,09:54:27,14.0,--,1255,1757000,卖盘,2017-08-02,2017-08-02 09:54:27
09:54:30,09:54:30,14.03,0.03,316,443348,买盘,2017-08-02,2017-08-02 09:54:30
09:54:33,09:54:33,14.06,0.03,1168,1642208,买盘,2017-08-02,2017-08-02 09:54:33
09:54:36,09:54:36,14.06,--,2528,3554368,卖盘,2017-08-02,2017-08-02 09:54:36
09:54:39,09:54:39,14.15,0.09,1172,1658380,买盘,2017-08-02,2017-08-02 09:54:39
09:54:42,09:54:42,14.18,0.03,2374,3366332,买盘,2017-08-02,2017-08-02 09:54:42
09:54:45,09:54:45,14.16,-0.02,2750,3894000,卖盘,2017-08-02,2017-08-02 09:54:45
09:54:48,09:54:48,14.2,0.04,3211,4559620,买盘,2017-08-02,2017-08-02 09:54:48
09:54:51,09:54:51,14.21,0.01,2239,3181619,买盘,2017-08-02,2017-08-02 09:54:51
09:54:54,09:54:54,14.22,0.01,1813,2578086,买盘,2017-08-02,2017-08-02 09:54:54
09:54:57,09:54:57,14.22,--,1831,2603682,买盘,2017-08-02,2017-08-02 09:54:57
09:55:00,09:55:00,14.21,-0.01,887,1260427,卖盘,2017-08-02,2017-08-02 09:55:00
09:55:03,09:55:03,14.21,--,851,1209271,卖盘,2017-08-02,2017-08-02 09:55:03
09:55:06,09:55:06,14.2,-0.01,665,944300,中性盘,2017-08-02,2017-08-02 09:55:06
09:55:09,09:55:09,14.21,0.01,393,558453,买盘,2017-08-02,2017-08-02 09:55:09
09:55:12,09:55:12,14.18,-0.03,449,636682,卖盘,2017-08-02,2017-08-02 09:55:12
09:55:15,09:55:15,14.1,-0.08,352,496320,卖盘,2017-08-02,2017-08-02 09:55:15
09:55:18,09:55:18,14.1,--,538,758580,买盘,2017-08-02,2017-08-02 09:55:18
09:55:21,09:55:21,14.1,--,277,390570,买盘,2017-08-02,2017-08-02 09:55:21
09:55:24,09:55:24,14.08,-0.02,115,161920,卖盘,2017-08-02,2017-08-02 09:55:24
09:55:27,09:55:27,14.07,-0.01,204,287028,卖盘,2017-08-02,2017-08-02 09:55:27
09:55:30,09:55:30,14.08,0.01,223,313984,买盘,2017-08-02,2017-08-02 09:55:30
09:55:33,09:55:33,14.07,-0.01,385,541695,卖盘,2017-08-02,2017-08-02 09:55:33
09:55:36,09:55:36,14.08,0.01,309,435072,买盘,2017-08-02,2017-08-02 09:55:36
09:55:39,09:55:39,14.07,-0.01,264,371448,中性盘,2017-08-02,2017-08-02 09:55:39
09:55:42,09:55:42,14.07,--,75,105525,买盘,2017-08-02,2017-08-02 09:55:42
09:55:45,09:55:45,14.05,-0.02,294,413070,卖盘,2017-08-02,2017-08-02 09:55:45
09:55:48,09:55:48,14.06,0.01,260,365560,买盘,2017-08-02,2017-08-02 09:55:48
09:55:51,09:55:51,14.04,-0.02,254,356616,卖盘,2017-08-02,2017-08-02 09:55:51
09:55:54,09:55:54,14.04,--,132,185328,买盘,2017-08-02,2017-08-02 09:55:54
09:55:57,09:55:57,14.03,-0.01,370,519110,卖盘,2017-08-02,2017-08-02 09:55:57
09:56:00,09:56:00,14.04,0.01,354,497015,买盘,2017-08-02,2017-08-02 09:56:00
09:56:03,09:56:03,14.02,-0.02,76,106552,卖盘,2017-08-02,2017-08-02 09:56:03
09:56:06,09:56:06,14.05,0.03,359,504395,买盘,2017-08-02,2017-08-02 09:56:06
09:56:09,09:56:09,14.04,-0.01,286,401544,中性盘,2017-08-02,2017-08-02 09:56:09
09:56:12,09:56:12,14.02,-0.02,205,287410,卖盘,2017-08-02,2017-08-02 09:56:12
09:56:15,09:56:15,14.05,0.03,405,569025,买盘,2017-08-02,2017-08-02 09:56:15
09:56:18,09:56:18,14.04,-0.01,108,151632,卖盘,2017-08-02,2017-08-02 09:56:18
09:56:21,09:56:21,14.04,--,140,196560,卖盘,2017-08-02,2017-08-02 09:56:21
09:56:24,09:56:24,14.06,0.02,145,203870,买盘,2017-08-02,2017-08-02 09:56:24
09:56:27,09:56:27,14.06,--,287,403522,买盘,2017-08-02,2017-08-02 09:56:27
09:56:30,09:56:30,14.05,-0.01,324,455220,卖盘,2017-08-02,2017-08-02 09:56:30
09:56:33,09:56:33,14.05,--,265,372325,买盘,2017-08-02,2017-08-02 09:56:33
09:56:36,09:56:36,14.06,0.01,188,264328,中性盘,2017-08-02,2017-08-02 09:56:36
09:56:39,09:56:39,14.06,--,270,379620,卖盘,2017-08-02,2017-08-02 09:56:39
09:56:42,09:56:42,14.07,0.01,137,192759,买盘,2017-08-02,2017-08-02 09:56:42
09:56:45,09:56:45,14.05,-0.02,104,146120,卖盘,2017-08-02,2017-08-02 09:56:45
09:56:48,09:56:48,14.07,0.02,216,303912,买盘,2017-08-02,2017-08-02 09:56:48
09:56:51,09:56:51,14.05,-0.02,308,432740,卖盘,2017-08-02,2017-08-02 09:56:51
09:56:54,09:56:54,14.07,0.02,356,500892,买盘,2017-08-02,2017-08-02 09:56:54
09:56:57,09:56:57,14.05,-0.02,244,342820,卖盘,2017-08-02,2017-08-02 09:56:57
09:57:00,09:57:00,14.07,0.02,457,642999,买盘,2017-08-02,2017-08-02 09:57:00
09:57:03,09:57:03,14.07,--,298,419286,买盘,2017-08-02,2017-08-02 09:57:03
09:57:06,09:57:06,14.07,--,111,156177,卖盘,2017-08-02,2017-08-02 09:57:06
09:57:09,09:57:09,14.06,-0.01,840,1181040,卖盘,2017-08-02,2017-08-02 09:57:09
09:57:12,09:57:12,14.06,--,102,143412,买盘,2017-08-02,2017-08-02 09:57:12
09:57:15,09:57:15,14.06,--,211,296666,买盘,2017-08-02,2017-08-02 09:57:15
09:57:18,09:57:18,14.05,-0.01,263,369515,卖盘,2017-08-02,2017-08-02 09:57:18
09:57:21,09:57:21,14.05,--,120,168600,买盘,2017-08-02,2017-08-02 09:57:21
09:57:24,09:57:24,14.05,--,229,321745,买盘,2017-08-02,2017-08-02 09:57:24
09:57:27,09:57:27,14.05,--,286,401830,买盘,2017-08-02,2017-08-02 09:57:27
09:57:30,09:57:30,14.04,-0.01,251,352404,卖盘,2017-08-02,2017-08-02 09:57:30
09:57:33,09:57:33,14.04,--,207,290628,买盘,2017-08-02,2017-08-02 09:57:33
09:57:36,09:57:36,14.03,-0.01,139,195017,卖盘,2017-08-02,2017-08-02 09:57:36
09:57:39,09:57:39,14.03,--,117,164151,买盘,2017-08-02,2017-08-02 09:57:39
09:57:42,09:57:42,14.03,--,825,1157475,买盘,2017-08-02,2017-08-02 09:57:42
09:57:45,09:57:45,14.01,-0.02,243,340443,卖盘,2017-08-02,2017-08-02 09:57:45
09:57:48,09:57:48,14.01,--,702,983502,卖盘,2017-08-02,2017-08-02 09:57:48
09:57:51,09:57:51,14.0,-0.01,136,190400,卖盘,2017-08-02,2017-08-02 09:57:51
09:57:54,09:57:54,14.0,--,758,1061200,卖盘,2017-08-02,2017-08-02 09:57:54
09:57:57,09:57:57,14.0,--,185,259000,买盘,2017-08-02,2017-08-02 09:57:57
09:58:00,09:58:00,13.99,-0.01,141,197259,卖盘,2017-08-02,2017-08-02 09:58:00
09:58:03,09:58:03,14.0,0.01,306,428400,买盘,2017-08-02,2017-08-02 09:58:03
09:58:06,09:58:06,13.99,-0.01,136,190264,买盘,2017-08-02,2017-08-02 09:58:06
09:58:09,09:58:09,13.97,-0.02,99,138303,卖盘,2017-08-02,2017-08-02 09:58:09
09:58:12,09:58:12,13.93,-0.04,154,214522,卖盘,2017-08-02,2017-08-02 09:58:12
09:58:15,09:58:15,13.95,0.02,44,61380,买盘,2017-08-02,2017-08-02 09:58:15
09:58:18,09:58:18,13.93,-0.02,27,37611,中性盘,2017-08-02,2017-08-02 09:58:18
09:58:21,09:58:21,13.92,-0.01,189,263088,卖盘,2017-08-02,2017-08-02 09:58:21
09:58:24,09:58:24,13.92,--,178,247776,买盘,2017-08-02,2017-08-02 09:58:24
09:58:27,09:58:27,13.91,-0.01,261,363051,卖盘,2017-08-02,2017-08-02 09:58:27
09:58:30,09:58:30,13.91,--,161,223951,卖盘,2017-08-02,2017-08-02 09:58:30
09:58:33,09:58:33,13.91,--,362,503542,卖盘,2017-08-02,2017-08-02 09:58:33
09:58:36,09:58:36,13.9,-0.01,247,343330,卖盘,2017-08-02,2017-08-02 09:58:36
09:58:39,09:58:39,13.9,--,223,309970,卖盘,2017-08-02,2017-08-02 09:58:39
09:58:42,09:58:42,13.9,--,216,300240,卖盘,2017-08-02,2017-08-02 09:58:42
09:58:45,09:58:45,13.9,--,231,321090,卖盘,2017-08-02,2017-08-02 09:58:45
09:58:48,09:58:48,13.9,--,324,450360,买盘,2017-08-02,2017-08-02 09:58:48
09:58:51,09:58:51,13.88,-0.02,250,347000,卖盘,2017-08-02,2017-08-02 09:58:51
09:58:54,09:58:54,13.88,--,144,199872,卖盘,2017-08-02,2017-08-02 09:58:54
09:58:57,09:58:57,13.88,--,196,272048,卖盘,2017-08-02,2017-08-02 09:58:57
09:59:00,09:59:00,13.91,0.03,3293,4580563,买盘,2017-08-02,2017-08-02 09:59:00
09:59:03,09:59:03,13.88,-0.03,112,155456,中性盘,2017-08-02,2017-08-02 09:59:03
09:59:06,09:59:06,13.86,-0.02,204,282744,卖盘,2017-08-02,2017-08-02 09:59:06
09:59:09,09:59:09,13.89,0.03,179,248631,买盘,2017-08-02,2017-08-02 09:59:09
09:59:12,09:59:12,13.89,--,117,162513,买盘,2017-08-02,2017-08-02 09:59:12
09:59:15,09:59:15,13.88,-0.01,243,337284,卖盘,2017-08-02,2017-08-02 09:59:15
09:59:18,09:59:18,13.89,0.01,96,133344,买盘,2017-08-02,2017-08-02 09:59:18
09:59:21,09:59:21,13.89,--,222,308358,卖盘,2017-08-02,2017-08-02 09:59:21
09:59:24,09:59:24,13.91,0.02,230,319930,买盘,2017-08-02,2017-08-02 09:59:24
09:59:27,09:59:27,13.9,-0.01,1,1390,中性盘,2017-08-02,2017-08-02 09:59:27
09:59:30,09:59:30,13.9,--,119,165410,卖盘,2017-08-02,2017-08-02 09:59:30
09:59:33,09:59:33,13.91,0.01,241,335231,买盘,2017-08-02,2017-08-02 09:59:33
09:59:36,09:59:36,13.91,--,69,95979,卖盘,2017-08-02,2017-08-02 09:59:36
09:59:39,09:59:39,13.92,0.01,203,282576,买盘,2017-08-02,2017-08-02 09:59:39
09:59:42,09:59:42,13.91,-0.01,180,250380,卖盘,2017-08-02,2017-08-02 09:59:42
09:59:45,09:59:45,13.94,0.03,88,122672,买盘,2017-08-02,2017-08-02 09:59:45
09:59:48,09:59:48,13.92,-0.02,83,115536,卖盘,2017-08-02,2017-08-02 09:59:48
09:59:51,09:59:51,13.95,0.03,77,107415,买盘,2017-08-02,2017-08-02 09:59:51
09:59:54,09:59:54,13.94,-0.01,35,48790,卖盘,2017-08-02,2017-08-02 09:59:54
09:59:57,09:59:57,13.94,--,60,83640,卖盘,2017-08-02,2017-08-02 09:59:57
10:00:00,10:00:00,13.95,0.01,253,352935,买盘,2017-08-02,2017-08-02 10:00:00
10:00:03,10:00:03,13.97,0.02,127,177419,买盘,2017-08-02,2017-08-02 10:00:03
10:00:06,10:00:06,13.98,0.01,71,99258,买盘,2017-08-02,2017-08-02 10:00:06
10:00:09,10:00:09,13.97,-0.01,59,82423,中性盘,2017-08-02,2017-08-02 10:00:09
10:00:12,10:00:12,13.96,-0.01,104,145184,卖盘,2017-08-02,2017-08-02 10:00:12
10:00:15,10:00:15,13.96,--,78,108888,卖盘,2017-08-02,2017-08-02 10:00:15
10:00:18,10:00:18,13.98,0.02,95,132810,卖盘,2017-08-02,2017-08-02 10:00:18
10:00:21,10:00:21,13.99,0.01,207,289593,买盘,2017-08-02,2017-08-02 10:00:21
10:00:24,10:00:24,13.98,-0.01,110,153780,卖盘,2017-08-02,2017-08-02 10:00:24
10:00:27,10:00:27,13.98,--,121,169158,买盘,2017-08-02,2017-08-02 10:00:27
10:00:30,10:00:30,13.97,-0.01,168,234696,中性盘,2017-08-02,2017-08-02 10:00:30
10:00:33,10:00:33,13.96,-0.01,53,73988,卖盘,2017-08-02,2017-08-02 10:00:33
10:00:36,10:00:36,13.98,0.02,124,173352,买盘,2017-08-02,2017-08-02 10:00:36
10:00:39,10:00:39,13.98,--,111,155178,买盘,2017-08-02,2017-08-02 10:00:39
10:00:42,10:00:42,13.98,--,421,588558,买盘,2017-08-02,2017-08-02 10:00:42
10:00:45,10:00:45,13.97,-0.01,479,669163,卖盘,2017-08-02,2017-08-02 10:00:45
10:00:48,10:00:48,13.96,-0.01,521,727316,卖盘,2017-08-02,2017-08-02 10:00:48
10:00:51,10:00:51,13.97,0.01,338,472186,买盘,2017-08-02,2017-08-02 10:00:51
10:00:54,10:00:54,13.96,-0.01,405,565380,卖盘,2017-08-02,2017-08-02 10:00:54
10:00:57,10:00:57,13.96,--,128,178688,买盘,2017-08-02,2017-08-02 10:00:57
10:01:00,10:01:00,13.97,0.01,425,594591,买盘,2017-08-02,2017-08-02 10:01:00
10:01:03,10:01:03,13.96,-0.01,217,303462,卖盘,2017-08-02,2017-08-02 10:01:03
10:01:06,10:01:06,13.96,--,171,238716,买盘,2017-08-02,2017-08-02 10:01:06
10:01:09,10:01:09,13.95,-0.01,48,66960,买盘,2017-08-02,2017-08-02 10:01:09
10:01:12,10:01:12,13.95,--,127,177165,买盘,2017-08-02,2017-08-02 10:01:12
10:01:15,10:01:15,13.95,--,250,348750,买盘,2017-08-02,2017-08-02 10:01:15
10:01:18,10:01:18,13.94,-0.01,132,184008,中性盘,2017-08-02,2017-08-02 10:01:18
10:01:21,10:01:21,13.94,--,124,172856,买盘,2017-08-02,2017-08-02 10:01:21
10:01:24,10:01:24,13.93,-0.01,670,933310,卖盘,2017-08-02,2017-08-02 10:01:24
10:01:27,10:01:27,13.93,--,35,48755,买盘,2017-08-02,2017-08-02 10:01:27
10:01:30,10:01:30,13.91,-0.02,621,863811,卖盘,2017-08-02,2017-08-02 10:01:30
10:01:33,10:01:33,13.9,-0.01,160,222400,卖盘,2017-08-02,2017-08-02 10:01:33
10:01:36,10:01:36,13.9,--,196,272440,卖盘,2017-08-02,2017-08-02 10:01:36
10:01:39,10:01:39,13.9,--,278,386420,卖盘,2017-08-02,2017-08-02 10:01:39
10:01:42,10:01:42,13.9,--,127,176530,买盘,2017-08-02,2017-08-02 10:01:42
10:01:45,10:01:45,13.9,--,22,30580,买盘,2017-08-02,2017-08-02 10:01:45
10:01:48,10:01:48,13.89,-0.01,80,111120,买盘,2017-08-02,2017-08-02 10:01:48
10:01:51,10:01:51,13.88,-0.01,330,458040,卖盘,2017-08-02,2017-08-02 10:01:51
10:01:54,10:01:54,13.88,--,54,74952,卖盘,2017-08-02,2017-08-02 10:01:54
10:01:57,10:01:57,13.87,-0.01,89,123443,卖盘,2017-08-02,2017-08-02 10:01:57
10:02:00,10:02:00,13.88,0.01,140,194320,买盘,2017-08-02,2017-08-02 10:02:00
10:02:03,10:02:03,13.87,-0.01,50,69350,卖盘,2017-08-02,2017-08-02 10:02:03
10:02:06,10:02:06,13.87,--,481,667147,买盘,2017-08-02,2017-08-02 10:02:06
10:02:09,10:02:09,13.86,-0.01,124,171864,卖盘,2017-08-02,2017-08-02 10:02:09
10:02:12,10:02:12,13.86,--,115,159390,买盘,2017-08-02,2017-08-02 10:02:12
10:02:15,10:02:15,13.85,-0.01,345,477825,卖盘,2017-08-02,2017-08-02 10:02:15
10:02:18,10:02:18,13.86,0.01,252,349272,买盘,2017-08-02,2017-08-02 10:02:18
10:02:21,10:02:21,13.84,-0.02,50,69200,卖盘,2017-08-02,2017-08-02 10:02:21
10:02:24,10:02:24,13.85,0.01,216,299160,买盘,2017-08-02,2017-08-02 10:02:24
10:02:27,10:02:27,13.85,--,339,469515,买盘,2017-08-02,2017-08-02 10:02:27
10:02:30,10:02:30,13.83,-0.02,371,513093,卖盘,2017-08-02,2017-08-02 10:02:30
10:02:33,10:02:33,13.83,--,72,99576,卖盘,2017-08-02,2017-08-02 10:02:33
10:02:36,10:02:36,13.82,-0.01,220,304040,卖盘,2017-08-02,2017-08-02 10:02:36
10:02:39,10:02:39,13.83,0.01,135,186705,中性盘,2017-08-02,2017-08-02 10:02:39
10:02:42,10:02:42,13.82,-0.01,420,580440,卖盘,2017-08-02,2017-08-02 10:02:42
10:02:45,10:02:45,13.82,--,318,439476,卖盘,2017-08-02,2017-08-02 10:02:45
10:02:48,10:02:48,13.82,--,227,313714,卖盘,2017-08-02,2017-08-02 10:02:48
10:02:51,10:02:51,13.82,--,21,29022,买盘,2017-08-02,2017-08-02 10:02:51
10:02:54,10:02:54,13.82,--,647,894154,买盘,2017-08-02,2017-08-02 10:02:54
10:02:57,10:02:57,13.81,-0.01,202,278962,卖盘,2017-08-02,2017-08-02 10:02:57
10:03:00,10:03:00,13.81,--,166,229246,买盘,2017-08-02,2017-08-02 10:03:00
10:03:03,10:03:03,13.81,--,208,287248,买盘,2017-08-02,2017-08-02 10:03:03
10:03:06,10:03:06,13.8,-0.01,289,398820,卖盘,2017-08-02,2017-08-02 10:03:06
10:03:09,10:03:09,13.81,0.01,471,650451,买盘,2017-08-02,2017-08-02 10:03:09
10:03:12,10:03:12,13.8,-0.01,851,1174380,卖盘,2017-08-02,2017-08-02 10:03:12
10:03:15,10:03:15,13.81,0.01,271,374251,买盘,2017-08-02,2017-08-02 10:03:15
10:03:18,10:03:18,13.8,-0.01,374,516120,卖盘,2017-08-02,2017-08-02 10:03:18
10:03:21,10:03:21,13.8,--,632,872160,卖盘,2017-08-02,2017-08-02 10:03:21
10:03:24,10:03:24,13.8,--,141,194580,买盘,2017-08-02,2017-08-02 10:03:24
10:03:27,10:03:27,13.8,--,247,340860,买盘,2017-08-02,2017-08-02 10:03:27
10:03:30,10:03:30,13.8,--,335,462300,买盘,2017-08-02,2017-08-02 10:03:30
10:03:33,10:03:33,13.79,-0.01,320,441280,卖盘,2017-08-02,2017-08-02 10:03:33
10:03:36,10:03:36,13.79,--,82,113078,买盘,2017-08-02,2017-08-02 10:03:36
10:03:39,10:03:39,13.79,--,285,393015,买盘,2017-08-02,2017-08-02 10:03:39
10:03:42,10:03:42,13.79,--,198,273042,买盘,2017-08-02,2017-08-02 10:03:42
10:03:45,10:03:45,13.78,-0.01,92,126776,卖盘,2017-08-02,2017-08-02 10:03:45
10:03:48,10:03:48,13.78,--,85,117130,买盘,2017-08-02,2017-08-02 10:03:48
10:03:51,10:03:51,13.76,-0.02,60,82560,卖盘,2017-08-02,2017-08-02 10:03:51
10:03:54,10:03:54,13.77,0.01,71,97767,买盘,2017-08-02,2017-08-02 10:03:54
10:03:57,10:03:57,13.76,-0.01,114,156864,卖盘,2017-08-02,2017-08-02 10:03:57
10:04:00,10:04:00,13.77,0.01,208,286416,买盘,2017-08-02,2017-08-02 10:04:00
10:04:03,10:04:03,13.77,--,197,271269,买盘,2017-08-02,2017-08-02 10:04:03
10:04:06,10:04:06,13.76,-0.01,193,265568,中性盘,2017-08-02,2017-08-02 10:04:06
10:04:09,10:04:09,13.77,0.01,178,245106,买盘,2017-08-02,2017-08-02 10:04:09
10:04:12,10:04:12,13.77,--,284,391068,买盘,2017-08-02,2017-08-02 10:04:12
10:04:15,10:04:15,13.77,--,190,261630,买盘,2017-08-02,2017-08-02 10:04:15
10:04:18,10:04:18,13.77,--,114,156978,卖盘,2017-08-02,2017-08-02 10:04:18
10:04:21,10:04:21,13.77,--,59,81243,卖盘,2017-08-02,2017-08-02 10:04:21
10:04:24,10:04:24,13.77,--,157,216189,卖盘,2017-08-02,2017-08-02 10:04:24
10:04:27,10:04:27,13.78,0.01,289,398242,买盘,2017-08-02,2017-08-02 10:04:27
10:04:30,10:04:30,13.78,--,170,234260,卖盘,2017-08-02,2017-08-02 10:04:30
10:04:33,10:04:33,13.79,0.01,259,357161,买盘,2017-08-02,2017-08-02 10:04:33
10:04:36,10:04:36,13.79,--,281,387499,买盘,2017-08-02,2017-08-02 10:04:36
10:04:39,10:04:39,13.79,--,84,115836,买盘,2017-08-02,2017-08-02 10:04:39
10:04:42,10:04:42,13.8,0.01,1041,1436580,买盘,2017-08-02,2017-08-02 10:04:42
10:04:45,10:04:45,13.8,--,155,213900,卖盘,2017-08-02,2017-08-02 10:04:45
10:04:48,10:04:48,13.8,--,24,33120,卖盘,2017-08-02,2017-08-02 10:04:48
10:04:51,10:04:51,13.82,0.02,76,105032,买盘,2017-08-02,2017-08-02 10:04:51
10:04:54,10:04:54,13.8,-0.02,306,422280,卖盘,2017-08-02,2017-08-02 10:04:54
10:04:57,10:04:57,13.82,0.02,158,218356,买盘,2017-08-02,2017-08-02 10:04:57
10:05:00,10:05:00,13.83,0.01,2,2766,买盘,2017-08-02,2017-08-02 10:05:00
10:05:03,10:05:03,13.84,0.01,111,153624,买盘,2017-08-02,2017-08-02 10:05:03
10:05:06,10:05:06,13.83,-0.01,25,34575,买盘,2017-08-02,2017-08-02 10:05:06
10:05:09,10:05:09,13.84,0.01,3,4152,买盘,2017-08-02,2017-08-02 10:05:09
10:05:12,10:05:12,13.84,--,86,119024,买盘,2017-08-02,2017-08-02 10:05:12
10:05:15,10:05:15,13.85,0.01,132,182820,买盘,2017-08-02,2017-08-02 10:05:15
10:05:18,10:05:18,13.84,-0.01,148,204832,卖盘,2017-08-02,2017-08-02 10:05:18
10:05:21,10:05:21,13.85,0.01,129,178665,买盘,2017-08-02,2017-08-02 10:05:21
10:05:24,10:05:24,13.85,--,168,232680,买盘,2017-08-02,2017-08-02 10:05:24
10:05:27,10:05:27,13.86,0.01,11,15246,买盘,2017-08-02,2017-08-02 10:05:27
10:05:30,10:05:30,13.86,--,156,216216,买盘,2017-08-02,2017-08-02 10:05:30
10:05:33,10:05:33,13.86,--,69,95634,买盘,2017-08-02,2017-08-02 10:05:33
10:05:36,10:05:36,13.87,0.01,17,23579,买盘,2017-08-02,2017-08-02 10:05:36
10:05:39,10:05:39,13.87,--,170,235790,买盘,2017-08-02,2017-08-02 10:05:39
10:05:42,10:05:42,13.87,--,115,159505,卖盘,2017-08-02,2017-08-02 10:05:42
10:05:45,10:05:45,13.88,0.01,89,123532,买盘,2017-08-02,2017-08-02 10:05:45
10:05:48,10:05:48,13.89,0.01,67,93063,买盘,2017-08-02,2017-08-02 10:05:48
10:05:51,10:05:51,13.9,0.01,778,1081420,买盘,2017-08-02,2017-08-02 10:05:51
10:05:54,10:05:54,13.88,-0.02,52,72176,卖盘,2017-08-02,2017-08-02 10:05:54
10:05:57,10:05:57,13.9,0.02,88,122320,买盘,2017-08-02,2017-08-02 10:05:57
10:06:00,10:06:00,13.9,--,38,52820,买盘,2017-08-02,2017-08-02 10:06:00
10:06:03,10:06:03,13.91,0.01,2,2782,买盘,2017-08-02,2017-08-02 10:06:03
10:06:06,10:06:06,13.9,-0.01,78,108420,卖盘,2017-08-02,2017-08-02 10:06:06
10:06:09,10:06:09,13.91,0.01,87,121017,买盘,2017-08-02,2017-08-02 10:06:09
10:06:12,10:06:12,13.91,--,85,118235,卖盘,2017-08-02,2017-08-02 10:06:12
10:06:15,10:06:15,13.91,--,224,311584,卖盘,2017-08-02,2017-08-02 10:06:15
10:06:18,10:06:18,13.91,--,46,63986,卖盘,2017-08-02,2017-08-02 10:06:18
10:06:21,10:06:21,13.91,--,99,137709,卖盘,2017-08-02,2017-08-02 10:06:21
10:06:24,10:06:24,13.91,--,147,204477,卖盘,2017-08-02,2017-08-02 10:06:24
10:06:27,10:06:27,13.92,0.01,114,158688,买盘,2017-08-02,2017-08-02 10:06:27
10:06:30,10:06:30,13.9,-0.02,691,960490,卖盘,2017-08-02,2017-08-02 10:06:30
10:06:33,10:06:33,13.9,--,155,215450,买盘,2017-08-02,2017-08-02 10:06:33
10:06:36,10:06:36,13.89,-0.01,398,552822,卖盘,2017-08-02,2017-08-02 10:06:36
10:06:39,10:06:39,13.88,-0.01,180,249840,卖盘,2017-08-02,2017-08-02 10:06:39
10:06:42,10:06:42,13.87,-0.01,88,122056,卖盘,2017-08-02,2017-08-02 10:06:42
10:06:45,10:06:45,13.87,--,161,223307,卖盘,2017-08-02,2017-08-02 10:06:45
10:06:48,10:06:48,13.85,-0.02,379,524915,卖盘,2017-08-02,2017-08-02 10:06:48
10:06:51,10:06:51,13.86,0.01,72,99792,中性盘,2017-08-02,2017-08-02 10:06:51
10:06:54,10:06:54,13.85,-0.01,121,167585,卖盘,2017-08-02,2017-08-02 10:06:54
10:06:57,10:06:57,13.85,--,167,231295,卖盘,2017-08-02,2017-08-02 10:06:57
10:07:00,10:07:00,13.85,--,326,451510,买盘,2017-08-02,2017-08-02 10:07:00
10:07:03,10:07:03,13.85,--,85,117725,卖盘,2017-08-02,2017-08-02 10:07:03
10:07:06,10:07:06,13.84,-0.01,119,164696,卖盘,2017-08-02,2017-08-02 10:07:06
10:07:09,10:07:09,13.83,-0.01,156,215748,卖盘,2017-08-02,2017-08-02 10:07:09
10:07:12,10:07:12,13.84,0.01,224,310016,买盘,2017-08-02,2017-08-02 10:07:12
10:07:15,10:07:15,13.83,-0.01,63,87129,卖盘,2017-08-02,2017-08-02 10:07:15
10:07:18,10:07:18,13.82,-0.01,54,74628,卖盘,2017-08-02,2017-08-02 10:07:18
10:07:21,10:07:21,13.8,-0.02,759,1047420,卖盘,2017-08-02,2017-08-02 10:07:21
10:07:24,10:07:24,13.8,--,257,354660,买盘,2017-08-02,2017-08-02 10:07:24
10:07:27,10:07:27,13.8,--,189,260820,买盘,2017-08-02,2017-08-02 10:07:27
10:07:30,10:07:30,13.79,-0.01,70,96530,卖盘,2017-08-02,2017-08-02 10:07:30
10:07:33,10:07:33,13.8,0.01,234,322920,买盘,2017-08-02,2017-08-02 10:07:33
10:07:36,10:07:36,13.79,-0.01,321,442659,卖盘,2017-08-02,2017-08-02 10:07:36
10:07:39,10:07:39,13.79,--,46,63433,买盘,2017-08-02,2017-08-02 10:07:39
10:07:42,10:07:42,13.79,--,170,234430,买盘,2017-08-02,2017-08-02 10:07:42
10:07:45,10:07:45,13.78,-0.01,353,486434,卖盘,2017-08-02,2017-08-02 10:07:45
10:07:48,10:07:48,13.79,0.01,131,180649,中性盘,2017-08-02,2017-08-02 10:07:48
10:07:51,10:07:51,13.79,--,365,503334,卖盘,2017-08-02,2017-08-02 10:07:51
10:07:54,10:07:54,13.78,-0.01,533,734474,卖盘,2017-08-02,2017-08-02 10:07:54
10:07:57,10:07:57,13.79,0.01,20,27580,买盘,2017-08-02,2017-08-02 10:07:57
10:08:00,10:08:00,13.79,--,136,187544,买盘,2017-08-02,2017-08-02 10:08:00
10:08:03,10:08:03,13.78,-0.01,110,151580,中性盘,2017-08-02,2017-08-02 10:08:03
10:08:06,10:08:06,13.78,--,27,37206,买盘,2017-08-02,2017-08-02 10:08:06
10:08:09,10:08:09,13.78,--,58,79924,买盘,2017-08-02,2017-08-02 10:08:09
10:08:12,10:08:12,13.77,-0.01,411,565947,卖盘,2017-08-02,2017-08-02 10:08:12
10:08:15,10:08:15,13.76,-0.01,204,280704,卖盘,2017-08-02,2017-08-02 10:08:15
10:08:18,10:08:18,13.76,--,23,31648,卖盘,2017-08-02,2017-08-02 10:08:18
10:08:21,10:08:21,13.77,0.01,76,104652,买盘,2017-08-02,2017-08-02 10:08:21
10:08:24,10:08:24,13.77,--,407,560439,买盘,2017-08-02,2017-08-02 10:08:24
10:08:27,10:08:27,13.76,-0.01,85,116960,卖盘,2017-08-02,2017-08-02 10:08:27
10:08:30,10:08:30,13.76,--,82,112832,买盘,2017-08-02,2017-08-02 10:08:30
10:08:33,10:08:33,13.75,-0.01,77,105875,卖盘,2017-08-02,2017-08-02 10:08:33
10:08:36,10:08:36,13.75,--,517,710875,卖盘,2017-08-02,2017-08-02 10:08:36
10:08:39,10:08:39,13.75,--,159,218625,买盘,2017-08-02,2017-08-02 10:08:39
10:08:42,10:08:42,13.74,-0.01,163,223962,卖盘,2017-08-02,2017-08-02 10:08:42
10:08:45,10:08:45,13.74,--,132,181368,买盘,2017-08-02,2017-08-02 10:08:45
10:08:48,10:08:48,13.74,--,70,96180,买盘,2017-08-02,2017-08-02 10:08:48
10:08:51,10:08:51,13.73,-0.01,212,291076,卖盘,2017-08-02,2017-08-02 10:08:51
10:08:54,10:08:54,13.73,--,80,109840,买盘,2017-08-02,2017-08-02 10:08:54
10:08:57,10:08:57,13.72,-0.01,157,215404,卖盘,2017-08-02,2017-08-02 10:08:57
10:09:00,10:09:00,13.72,--,102,139944,卖盘,2017-08-02,2017-08-02 10:09:00
10:09:03,10:09:03,13.72,--,193,264796,卖盘,2017-08-02,2017-08-02 10:09:03
10:09:06,10:09:06,13.72,--,319,437668,卖盘,2017-08-02,2017-08-02 10:09:06
10:09:09,10:09:09,13.72,--,115,157780,买盘,2017-08-02,2017-08-02 10:09:09
10:09:12,10:09:12,13.72,--,281,385532,买盘,2017-08-02,2017-08-02 10:09:12
10:09:15,10:09:15,13.71,-0.01,137,187827,卖盘,2017-08-02,2017-08-02 10:09:15
10:09:18,10:09:18,13.72,0.01,271,371812,买盘,2017-08-02,2017-08-02 10:09:18
10:09:21,10:09:21,13.71,-0.01,428,586788,卖盘,2017-08-02,2017-08-02 10:09:21
10:09:24,10:09:24,13.72,0.01,119,163268,买盘,2017-08-02,2017-08-02 10:09:24
10:09:27,10:09:27,13.72,--,253,347116,买盘,2017-08-02,2017-08-02 10:09:27
10:09:30,10:09:30,13.71,-0.01,320,438720,卖盘,2017-08-02,2017-08-02 10:09:30
10:09:33,10:09:33,13.71,--,148,202908,卖盘,2017-08-02,2017-08-02 10:09:33
10:09:36,10:09:36,13.7,-0.01,556,761720,卖盘,2017-08-02,2017-08-02 10:09:36
10:09:39,10:09:39,13.71,0.01,155,212505,买盘,2017-08-02,2017-08-02 10:09:39
10:09:42,10:09:42,13.71,--,149,204279,买盘,2017-08-02,2017-08-02 10:09:42
10:09:45,10:09:45,13.73,0.02,1125,1544625,买盘,2017-08-02,2017-08-02 10:09:45
10:09:48,10:09:48,13.7,-0.03,722,989140,卖盘,2017-08-02,2017-08-02 10:09:48
10:09:51,10:09:51,13.73,0.03,129,177117,买盘,2017-08-02,2017-08-02 10:09:51
10:09:54,10:09:54,13.71,-0.02,309,423639,卖盘,2017-08-02,2017-08-02 10:09:54
10:09:57,10:09:57,13.71,--,345,472995,卖盘,2017-08-02,2017-08-02 10:09:57
10:10:00,10:10:00,13.73,0.02,152,208696,买盘,2017-08-02,2017-08-02 10:10:00
10:10:03,10:10:03,13.72,-0.01,37,50764,卖盘,2017-08-02,2017-08-02 10:10:03
10:10:06,10:10:06,13.73,0.01,110,151030,买盘,2017-08-02,2017-08-02 10:10:06
10:10:09,10:10:09,13.73,--,104,142792,买盘,2017-08-02,2017-08-02 10:10:09
10:10:12,10:10:12,13.72,-0.01,161,220892,中性盘,2017-08-02,2017-08-02 10:10:12
10:10:15,10:10:15,13.73,0.01,287,394051,买盘,2017-08-02,2017-08-02 10:10:15
10:10:18,10:10:18,13.73,--,60,82380,卖盘,2017-08-02,2017-08-02 10:10:18
10:10:21,10:10:21,13.73,--,255,350115,卖盘,2017-08-02,2017-08-02 10:10:21
10:10:24,10:10:24,13.74,0.01,151,207474,买盘,2017-08-02,2017-08-02 10:10:24
10:10:27,10:10:27,13.74,--,113,155262,买盘,2017-08-02,2017-08-02 10:10:27
10:10:30,10:10:30,13.74,--,123,169002,买盘,2017-08-02,2017-08-02 10:10:30
10:10:33,10:10:33,13.72,-0.02,162,222264,卖盘,2017-08-02,2017-08-02 10:10:33
10:10:36,10:10:36,13.75,0.03,135,185625,买盘,2017-08-02,2017-08-02 10:10:36
10:10:39,10:10:39,13.75,--,62,85250,买盘,2017-08-02,2017-08-02 10:10:39
10:10:42,10:10:42,13.74,-0.01,82,112668,卖盘,2017-08-02,2017-08-02 10:10:42
10:10:45,10:10:45,13.74,--,167,229458,买盘,2017-08-02,2017-08-02 10:10:45
10:10:48,10:10:48,13.73,-0.01,33,45309,卖盘,2017-08-02,2017-08-02 10:10:48
10:10:51,10:10:51,13.76,0.03,200,275200,买盘,2017-08-02,2017-08-02 10:10:51
10:10:54,10:10:54,13.75,-0.01,20,27500,卖盘,2017-08-02,2017-08-02 10:10:54
10:10:57,10:10:57,13.74,-0.01,128,175872,卖盘,2017-08-02,2017-08-02 10:10:57
10:11:00,10:11:00,13.77,0.03,192,264384,买盘,2017-08-02,2017-08-02 10:11:00
10:11:03,10:11:03,13.76,-0.01,65,89440,卖盘,2017-08-02,2017-08-02 10:11:03
10:11:06,10:11:06,13.77,0.01,71,97767,买盘,2017-08-02,2017-08-02 10:11:06
10:11:09,10:11:09,13.75,-0.02,228,313500,卖盘,2017-08-02,2017-08-02 10:11:09
10:11:12,10:11:12,13.75,--,25,34375,买盘,2017-08-02,2017-08-02 10:11:12
10:11:15,10:11:15,13.76,0.01,37,50912,买盘,2017-08-02,2017-08-02 10:11:15
10:11:18,10:11:18,13.76,--,40,55040,买盘,2017-08-02,2017-08-02 10:11:18
10:11:21,10:11:21,13.75,-0.01,186,255750,卖盘,2017-08-02,2017-08-02 10:11:21
10:11:24,10:11:24,13.75,--,222,305250,买盘,2017-08-02,2017-08-02 10:11:24
10:11:27,10:11:27,13.75,--,31,42625,买盘,2017-08-02,2017-08-02 10:11:27
10:11:30,10:11:30,13.75,--,36,49500,卖盘,2017-08-02,2017-08-02 10:11:30
10:11:33,10:11:33,13.76,0.01,96,132096,买盘,2017-08-02,2017-08-02 10:11:33
10:11:36,10:11:36,13.77,0.01,56,77112,买盘,2017-08-02,2017-08-02 10:11:36
10:11:39,10:11:39,13.76,-0.01,78,107328,卖盘,2017-08-02,2017-08-02 10:11:39
10:11:42,10:11:42,13.75,-0.01,38,52250,卖盘,2017-08-02,2017-08-02 10:11:42
10:11:45,10:11:45,13.75,--,116,159500,卖盘,2017-08-02,2017-08-02 10:11:45
10:11:48,10:11:48,13.75,--,101,138875,卖盘,2017-08-02,2017-08-02 10:11:48
10:11:51,10:11:51,13.74,-0.01,1088,1494912,卖盘,2017-08-02,2017-08-02 10:11:51
10:11:54,10:11:54,13.74,--,27,37098,买盘,2017-08-02,2017-08-02 10:11:54
10:11:57,10:11:57,13.72,-0.02,395,541940,卖盘,2017-08-02,2017-08-02 10:11:57
10:12:00,10:12:00,13.74,0.02,164,225336,买盘,2017-08-02,2017-08-02 10:12:00
10:12:03,10:12:03,13.72,-0.02,37,50764,卖盘,2017-08-02,2017-08-02 10:12:03
10:12:06,10:12:06,13.73,0.01,35,48055,买盘,2017-08-02,2017-08-02 10:12:06
10:12:09,10:12:09,13.73,--,209,286957,买盘,2017-08-02,2017-08-02 10:12:09
10:12:12,10:12:12,13.71,-0.02,123,168633,卖盘,2017-08-02,2017-08-02 10:12:12
10:12:15,10:12:15,13.71,--,90,123390,卖盘,2017-08-02,2017-08-02 10:12:15
10:12:18,10:12:18,13.72,0.01,104,142688,买盘,2017-08-02,2017-08-02 10:12:18
10:12:21,10:12:21,13.71,-0.01,439,601869,卖盘,2017-08-02,2017-08-02 10:12:21
10:12:24,10:12:24,13.7,-0.01,80,109600,卖盘,2017-08-02,2017-08-02 10:12:24
10:12:27,10:12:27,13.71,0.01,148,202908,买盘,2017-08-02,2017-08-02 10:12:27
10:12:30,10:12:30,13.71,--,299,409929,买盘,2017-08-02,2017-08-02 10:12:30
10:12:33,10:12:33,13.71,--,264,361944,买盘,2017-08-02,2017-08-02 10:12:33
10:12:36,10:12:36,13.7,-0.01,355,486350,卖盘,2017-08-02,2017-08-02 10:12:36
10:12:39,10:12:39,13.71,0.01,177,242667,买盘,2017-08-02,2017-08-02 10:12:39
10:12:42,10:12:42,13.71,--,578,792438,买盘,2017-08-02,2017-08-02 10:12:42
10:12:45,10:12:45,13.69,-0.02,485,663965,卖盘,2017-08-02,2017-08-02 10:12:45
10:12:48,10:12:48,13.69,--,203,277907,卖盘,2017-08-02,2017-08-02 10:12:48
10:12:51,10:12:51,13.69,--,142,194398,卖盘,2017-08-02,2017-08-02 10:12:51
10:12:54,10:12:54,13.69,--,182,249158,卖盘,2017-08-02,2017-08-02 10:12:54
10:12:57,10:12:57,13.69,--,5,6845,买盘,2017-08-02,2017-08-02 10:12:57
10:13:00,10:13:00,13.68,-0.01,112,153216,卖盘,2017-08-02,2017-08-02 10:13:00
10:13:03,10:13:03,13.69,0.01,429,587301,买盘,2017-08-02,2017-08-02 10:13:03
10:13:06,10:13:06,13.68,-0.01,470,642960,卖盘,2017-08-02,2017-08-02 10:13:06
10:13:09,10:13:09,13.68,--,93,127224,买盘,2017-08-02,2017-08-02 10:13:09
10:13:12,10:13:12,13.68,--,159,217512,买盘,2017-08-02,2017-08-02 10:13:12
10:13:15,10:13:15,13.68,--,267,365256,买盘,2017-08-02,2017-08-02 10:13:15
10:13:18,10:13:18,13.65,-0.03,163,222495,卖盘,2017-08-02,2017-08-02 10:13:18
10:13:21,10:13:21,13.66,0.01,225,307350,买盘,2017-08-02,2017-08-02 10:13:21
10:13:24,10:13:24,13.65,-0.01,216,294840,卖盘,2017-08-02,2017-08-02 10:13:24
10:13:27,10:13:27,13.65,--,320,436800,卖盘,2017-08-02,2017-08-02 10:13:27
10:13:30,10:13:30,13.65,--,415,566475,卖盘,2017-08-02,2017-08-02 10:13:30
10:13:33,10:13:33,13.66,0.01,131,178946,买盘,2017-08-02,2017-08-02 10:13:33
10:13:36,10:13:36,13.65,-0.01,167,227955,卖盘,2017-08-02,2017-08-02 10:13:36
10:13:39,10:13:39,13.65,--,263,358995,买盘,2017-08-02,2017-08-02 10:13:39
10:13:42,10:13:42,13.65,--,214,292110,卖盘,2017-08-02,2017-08-02 10:13:42
10:13:45,10:13:45,13.63,-0.02,217,295771,卖盘,2017-08-02,2017-08-02 10:13:45
10:13:48,10:13:48,13.63,--,137,186731,买盘,2017-08-02,2017-08-02 10:13:48
10:13:51,10:13:51,13.63,--,259,353017,买盘,2017-08-02,2017-08-02 10:13:51
10:13:54,10:13:54,13.61,-0.02,348,473628,卖盘,2017-08-02,2017-08-02 10:13:54
10:13:57,10:13:57,13.61,--,367,499487,卖盘,2017-08-02,2017-08-02 10:13:57
10:14:00,10:14:00,13.62,0.01,433,589746,卖盘,2017-08-02,2017-08-02 10:14:00
10:14:03,10:14:03,13.62,--,251,341862,买盘,2017-08-02,2017-08-02 10:14:03
10:14:06,10:14:06,13.61,-0.01,600,816600,卖盘,2017-08-02,2017-08-02 10:14:06
10:14:09,10:14:09,13.61,--,217,295337,卖盘,2017-08-02,2017-08-02 10:14:09
10:14:12,10:14:12,13.61,--,146,198706,卖盘,2017-08-02,2017-08-02 10:14:12
10:14:15,10:14:15,13.62,0.01,275,374550,买盘,2017-08-02,2017-08-02 10:14:15
10:14:18,10:14:18,13.61,-0.01,261,355221,买盘,2017-08-02,2017-08-02 10:14:18
10:14:21,10:14:21,13.61,--,256,348416,卖盘,2017-08-02,2017-08-02 10:14:21
10:14:24,10:14:24,13.62,0.01,144,196128,买盘,2017-08-02,2017-08-02 10:14:24
10:14:27,10:14:27,13.62,--,125,170250,卖盘,2017-08-02,2017-08-02 10:14:27
10:14:30,10:14:30,13.63,0.01,185,252155,买盘,2017-08-02,2017-08-02 10:14:30
10:14:33,10:14:33,13.62,-0.01,77,104874,卖盘,2017-08-02,2017-08-02 10:14:33
10:14:36,10:14:36,13.65,0.03,40,54600,买盘,2017-08-02,2017-08-02 10:14:36
10:14:39,10:14:39,13.65,--,270,368550,买盘,2017-08-02,2017-08-02 10:14:39
10:14:42,10:14:42,13.63,-0.02,174,237162,卖盘,2017-08-02,2017-08-02 10:14:42
10:14:45,10:14:45,13.64,0.01,53,72292,中性盘,2017-08-02,2017-08-02 10:14:45
10:14:48,10:14:48,13.64,--,40,54560,买盘,2017-08-02,2017-08-02 10:14:48
10:14:51,10:14:51,13.63,-0.01,114,155382,卖盘,2017-08-02,2017-08-02 10:14:51
10:14:54,10:14:54,13.64,0.01,172,234608,买盘,2017-08-02,2017-08-02 10:14:54
10:14:57,10:14:57,13.64,--,62,84568,卖盘,2017-08-02,2017-08-02 10:14:57
10:15:00,10:15:00,13.64,--,81,110484,卖盘,2017-08-02,2017-08-02 10:15:00
10:15:03,10:15:03,13.64,--,45,61380,卖盘,2017-08-02,2017-08-02 10:15:03
10:15:06,10:15:06,13.65,0.01,203,277095,买盘,2017-08-02,2017-08-02 10:15:06
10:15:09,10:15:09,13.64,-0.01,60,81840,卖盘,2017-08-02,2017-08-02 10:15:09
10:15:12,10:15:12,13.65,0.01,327,446355,卖盘,2017-08-02,2017-08-02 10:15:12
10:15:15,10:15:15,13.65,--,51,69615,买盘,2017-08-02,2017-08-02 10:15:15
10:15:18,10:15:18,13.65,--,188,256620,买盘,2017-08-02,2017-08-02 10:15:18
10:15:21,10:15:21,13.65,--,133,181545,买盘,2017-08-02,2017-08-02 10:15:21
10:15:24,10:15:24,13.65,--,64,87360,卖盘,2017-08-02,2017-08-02 10:15:24
10:15:27,10:15:27,13.66,0.01,85,116110,买盘,2017-08-02,2017-08-02 10:15:27
10:15:30,10:15:30,13.66,--,88,120208,买盘,2017-08-02,2017-08-02 10:15:30
10:15:33,10:15:33,13.67,0.01,56,76552,买盘,2017-08-02,2017-08-02 10:15:33
10:15:36,10:15:36,13.66,-0.01,56,76496,卖盘,2017-08-02,2017-08-02 10:15:36
10:15:39,10:15:39,13.68,0.02,39,53352,买盘,2017-08-02,2017-08-02 10:15:39
10:15:42,10:15:42,13.68,--,4,5472,买盘,2017-08-02,2017-08-02 10:15:42
10:15:45,10:15:45,13.68,--,93,127224,买盘,2017-08-02,2017-08-02 10:15:45
10:15:48,10:15:48,13.68,--,57,77976,买盘,2017-08-02,2017-08-02 10:15:48
10:15:51,10:15:51,13.68,--,67,91656,买盘,2017-08-02,2017-08-02 10:15:51
10:15:54,10:15:54,13.68,--,76,103968,卖盘,2017-08-02,2017-08-02 10:15:54
10:15:57,10:15:57,13.7,0.02,68,93160,买盘,2017-08-02,2017-08-02 10:15:57
10:16:00,10:16:00,13.7,--,25,34250,买盘,2017-08-02,2017-08-02 10:16:00
10:16:03,10:16:03,13.71,0.01,180,246780,买盘,2017-08-02,2017-08-02 10:16:03
10:16:06,10:16:06,13.71,--,7,9597,买盘,2017-08-02,2017-08-02 10:16:06
10:16:09,10:16:09,13.71,--,85,116535,买盘,2017-08-02,2017-08-02 10:16:09
10:16:12,10:16:12,13.71,--,78,106938,卖盘,2017-08-02,2017-08-02 10:16:12
10:16:15,10:16:15,13.73,0.02,139,190847,买盘,2017-08-02,2017-08-02 10:16:15
10:16:18,10:16:18,13.73,--,32,43936,卖盘,2017-08-02,2017-08-02 10:16:18
10:16:21,10:16:21,13.74,0.01,51,70074,买盘,2017-08-02,2017-08-02 10:16:21
10:16:24,10:16:24,13.74,--,158,217092,买盘,2017-08-02,2017-08-02 10:16:24
10:16:27,10:16:27,13.75,0.01,37,50875,买盘,2017-08-02,2017-08-02 10:16:27
10:16:30,10:16:30,13.75,--,64,88000,买盘,2017-08-02,2017-08-02 10:16:30
10:16:33,10:16:33,13.75,--,322,442750,买盘,2017-08-02,2017-08-02 10:16:33
10:16:36,10:16:36,13.76,0.01,86,118336,买盘,2017-08-02,2017-08-02 10:16:36
10:16:39,10:16:39,13.76,--,4,5504,买盘,2017-08-02,2017-08-02 10:16:39
10:16:42,10:16:42,13.76,--,26,35776,卖盘,2017-08-02,2017-08-02 10:16:42
10:16:45,10:16:45,13.76,--,95,130720,卖盘,2017-08-02,2017-08-02 10:16:45
10:16:48,10:16:48,13.76,--,128,176128,卖盘,2017-08-02,2017-08-02 10:16:48
10:16:51,10:16:51,13.76,--,109,149984,卖盘,2017-08-02,2017-08-02 10:16:51
10:16:54,10:16:54,13.76,--,106,145856,卖盘,2017-08-02,2017-08-02 10:16:54
10:16:57,10:16:57,13.76,--,147,202272,卖盘,2017-08-02,2017-08-02 10:16:57
10:17:00,10:17:00,13.78,0.02,66,90948,买盘,2017-08-02,2017-08-02 10:17:00
10:17:03,10:17:03,13.78,--,55,75790,买盘,2017-08-02,2017-08-02 10:17:03
10:17:06,10:17:06,13.78,--,15,20670,卖盘,2017-08-02,2017-08-02 10:17:06
10:17:09,10:17:09,13.79,0.01,38,52402,买盘,2017-08-02,2017-08-02 10:17:09
10:17:12,10:17:12,13.79,--,50,68950,买盘,2017-08-02,2017-08-02 10:17:12
10:17:15,10:17:15,13.78,-0.01,170,234260,卖盘,2017-08-02,2017-08-02 10:17:15
10:17:18,10:17:18,13.79,0.01,179,246840,买盘,2017-08-02,2017-08-02 10:17:18
10:17:21,10:17:21,13.78,-0.01,136,187408,中性盘,2017-08-02,2017-08-02 10:17:21
10:17:24,10:17:24,13.78,--,92,126776,买盘,2017-08-02,2017-08-02 10:17:24
10:17:27,10:17:27,13.78,--,202,278356,买盘,2017-08-02,2017-08-02 10:17:27
10:17:30,10:17:30,13.77,-0.01,259,356643,卖盘,2017-08-02,2017-08-02 10:17:30
10:17:33,10:17:33,13.78,0.01,99,136422,买盘,2017-08-02,2017-08-02 10:17:33
10:17:36,10:17:36,13.79,0.01,81,111699,买盘,2017-08-02,2017-08-02 10:17:36
10:17:39,10:17:39,13.78,-0.01,136,187408,卖盘,2017-08-02,2017-08-02 10:17:39
10:17:42,10:17:42,13.79,0.01,194,267526,买盘,2017-08-02,2017-08-02 10:17:42
10:17:45,10:17:45,13.79,--,143,197197,买盘,2017-08-02,2017-08-02 10:17:45
10:17:48,10:17:48,13.79,--,127,175133,买盘,2017-08-02,2017-08-02 10:17:48
10:17:51,10:17:51,13.79,--,144,198576,买盘,2017-08-02,2017-08-02 10:17:51
10:17:54,10:17:54,13.79,--,68,93772,买盘,2017-08-02,2017-08-02 10:17:54
10:17:57,10:17:57,13.78,-0.01,197,271466,卖盘,2017-08-02,2017-08-02 10:17:57
10:18:00,10:18:00,13.79,0.01,110,151690,买盘,2017-08-02,2017-08-02 10:18:00
10:18:03,10:18:03,13.8,0.01,906,1250280,买盘,2017-08-02,2017-08-02 10:18:03
10:18:06,10:18:06,13.79,-0.01,23,31716,卖盘,2017-08-02,2017-08-02 10:18:06
10:18:09,10:18:09,13.81,0.02,63,87003,买盘,2017-08-02,2017-08-02 10:18:09
10:18:12,10:18:12,13.8,-0.01,65,89700,卖盘,2017-08-02,2017-08-02 10:18:12
10:18:15,10:18:15,13.8,--,159,219420,卖盘,2017-08-02,2017-08-02 10:18:15
10:18:18,10:18:18,13.81,0.01,72,99432,中性盘,2017-08-02,2017-08-02 10:18:18
10:18:21,10:18:21,13.82,0.01,36,49752,买盘,2017-08-02,2017-08-02 10:18:21
10:18:24,10:18:24,13.81,-0.01,41,56621,卖盘,2017-08-02,2017-08-02 10:18:24
10:18:27,10:18:27,13.82,0.01,90,124380,买盘,2017-08-02,2017-08-02 10:18:27
10:18:30,10:18:30,13.82,--,134,185188,卖盘,2017-08-02,2017-08-02 10:18:30
10:18:33,10:18:33,13.82,--,31,42842,卖盘,2017-08-02,2017-08-02 10:18:33
10:18:36,10:18:36,13.84,0.02,13,17992,买盘,2017-08-02,2017-08-02 10:18:36
10:18:39,10:18:39,13.84,--,56,77504,买盘,2017-08-02,2017-08-02 10:18:39
10:18:42,10:18:42,13.82,-0.02,20,27640,卖盘,2017-08-02,2017-08-02 10:18:42
10:18:45,10:18:45,13.84,0.02,33,45672,卖盘,2017-08-02,2017-08-02 10:18:45
10:18:48,10:18:48,13.85,0.01,62,85870,买盘,2017-08-02,2017-08-02 10:18:48
10:18:51,10:18:51,13.85,--,40,55400,买盘,2017-08-02,2017-08-02 10:18:51
10:18:54,10:18:54,13.84,-0.01,183,253272,卖盘,2017-08-02,2017-08-02 10:18:54
10:18:57,10:18:57,13.85,0.01,72,99720,买盘,2017-08-02,2017-08-02 10:18:57
10:19:00,10:19:00,13.84,-0.01,20,27680,卖盘,2017-08-02,2017-08-02 10:19:00
10:19:03,10:19:03,13.85,0.01,28,38780,买盘,2017-08-02,2017-08-02 10:19:03
10:19:06,10:19:06,13.86,0.01,31,42966,中性盘,2017-08-02,2017-08-02 10:19:06
10:19:09,10:19:09,13.86,--,102,141372,买盘,2017-08-02,2017-08-02 10:19:09
10:19:12,10:19:12,13.85,-0.01,60,83100,买盘,2017-08-02,2017-08-02 10:19:12
10:19:15,10:19:15,13.85,--,66,91410,买盘,2017-08-02,2017-08-02 10:19:15
10:19:18,10:19:18,13.85,--,66,91410,卖盘,2017-08-02,2017-08-02 10:19:18
10:19:21,10:19:21,13.84,-0.01,283,391672,卖盘,2017-08-02,2017-08-02 10:19:21
10:19:24,10:19:24,13.84,--,78,107952,买盘,2017-08-02,2017-08-02 10:19:24
10:19:27,10:19:27,13.84,--,12,16608,买盘,2017-08-02,2017-08-02 10:19:27
10:19:30,10:19:30,13.81,-0.03,388,535828,卖盘,2017-08-02,2017-08-02 10:19:30
10:19:33,10:19:33,13.81,--,286,394966,卖盘,2017-08-02,2017-08-02 10:19:33
10:19:36,10:19:36,13.82,0.01,32,44224,买盘,2017-08-02,2017-08-02 10:19:36
10:19:39,10:19:39,13.8,-0.02,190,262200,卖盘,2017-08-02,2017-08-02 10:19:39
10:19:42,10:19:42,13.8,--,33,45540,买盘,2017-08-02,2017-08-02 10:19:42
10:19:45,10:19:45,13.8,--,29,40020,买盘,2017-08-02,2017-08-02 10:19:45
10:19:48,10:19:48,13.79,-0.01,24,33096,卖盘,2017-08-02,2017-08-02 10:19:48
10:19:51,10:19:51,13.78,-0.01,33,45474,卖盘,2017-08-02,2017-08-02 10:19:51
10:19:54,10:19:54,13.77,-0.01,48,66096,卖盘,2017-08-02,2017-08-02 10:19:54
10:19:57,10:19:57,13.76,-0.01,139,191264,卖盘,2017-08-02,2017-08-02 10:19:57
10:20:00,10:20:00,13.77,0.01,74,101898,买盘,2017-08-02,2017-08-02 10:20:00
10:20:03,10:20:03,13.75,-0.02,101,138875,卖盘,2017-08-02,2017-08-02 10:20:03
10:20:06,10:20:06,13.74,-0.01,240,329760,卖盘,2017-08-02,2017-08-02 10:20:06
10:20:09,10:20:09,13.74,--,81,111294,卖盘,2017-08-02,2017-08-02 10:20:09
10:20:12,10:20:12,13.73,-0.01,342,469566,卖盘,2017-08-02,2017-08-02 10:20:12
10:20:15,10:20:15,13.73,--,19,26087,买盘,2017-08-02,2017-08-02 10:20:15
10:20:18,10:20:18,13.7,-0.03,65,89050,卖盘,2017-08-02,2017-08-02 10:20:18
10:20:21,10:20:21,13.7,--,133,182210,卖盘,2017-08-02,2017-08-02 10:20:21
10:20:24,10:20:24,13.7,--,286,391820,卖盘,2017-08-02,2017-08-02 10:20:24
10:20:27,10:20:27,13.7,--,208,284960,卖盘,2017-08-02,2017-08-02 10:20:27
10:20:30,10:20:30,13.7,--,85,116450,卖盘,2017-08-02,2017-08-02 10:20:30
10:20:33,10:20:33,13.69,-0.01,184,251896,卖盘,2017-08-02,2017-08-02 10:20:33
10:20:36,10:20:36,13.7,0.01,24,32880,买盘,2017-08-02,2017-08-02 10:20:36
10:20:39,10:20:39,13.69,-0.01,57,78033,卖盘,2017-08-02,2017-08-02 10:20:39
10:20:42,10:20:42,13.67,-0.02,2456,3357352,卖盘,2017-08-02,2017-08-02 10:20:42
10:20:45,10:20:45,13.67,--,33,45111,买盘,2017-08-02,2017-08-02 10:20:45
10:20:48,10:20:48,13.66,-0.01,122,166652,卖盘,2017-08-02,2017-08-02 10:20:48
10:20:51,10:20:51,13.66,--,197,269102,卖盘,2017-08-02,2017-08-02 10:20:51
10:20:54,10:20:54,13.66,--,176,240416,卖盘,2017-08-02,2017-08-02 10:20:54
10:20:57,10:20:57,13.66,--,108,147528,买盘,2017-08-02,2017-08-02 10:20:57
10:21:00,10:21:00,13.65,-0.01,79,107835,卖盘,2017-08-02,2017-08-02 10:21:00
10:21:03,10:21:03,13.65,--,183,249795,卖盘,2017-08-02,2017-08-02 10:21:03
10:21:06,10:21:06,13.65,--,31,42315,买盘,2017-08-02,2017-08-02 10:21:06
10:21:09,10:21:09,13.65,--,93,126945,买盘,2017-08-02,2017-08-02 10:21:09
10:21:12,10:21:12,13.64,-0.01,129,175956,卖盘,2017-08-02,2017-08-02 10:21:12
10:21:15,10:21:15,13.63,-0.01,319,434797,卖盘,2017-08-02,2017-08-02 10:21:15
10:21:18,10:21:18,13.64,0.01,83,113212,买盘,2017-08-02,2017-08-02 10:21:18
10:21:21,10:21:21,13.63,-0.01,111,151293,卖盘,2017-08-02,2017-08-02 10:21:21
10:21:24,10:21:24,13.64,0.01,104,141856,买盘,2017-08-02,2017-08-02 10:21:24
10:21:27,10:21:27,13.63,-0.01,335,456605,卖盘,2017-08-02,2017-08-02 10:21:27
10:21:30,10:21:30,13.63,--,197,268511,买盘,2017-08-02,2017-08-02 10:21:30
10:21:33,10:21:33,13.63,--,107,145841,卖盘,2017-08-02,2017-08-02 10:21:33
10:21:36,10:21:36,13.63,--,247,336661,买盘,2017-08-02,2017-08-02 10:21:36
10:21:39,10:21:39,13.63,--,175,238525,卖盘,2017-08-02,2017-08-02 10:21:39
10:21:42,10:21:42,13.63,--,249,339387,买盘,2017-08-02,2017-08-02 10:21:42
10:21:45,10:21:45,13.63,--,83,113129,卖盘,2017-08-02,2017-08-02 10:21:45
10:21:48,10:21:48,13.63,--,82,111766,中性盘,2017-08-02,2017-08-02 10:21:48
10:21:51,10:21:51,13.63,--,98,133574,买盘,2017-08-02,2017-08-02 10:21:51
10:21:54,10:21:54,13.63,--,100,136300,卖盘,2017-08-02,2017-08-02 10:21:54
10:21:57,10:21:57,13.63,--,101,137663,卖盘,2017-08-02,2017-08-02 10:21:57
10:22:00,10:22:00,13.63,--,306,417078,买盘,2017-08-02,2017-08-02 10:22:00
10:22:03,10:22:03,13.64,0.01,48,65472,买盘,2017-08-02,2017-08-02 10:22:03
10:22:06,10:22:06,13.63,-0.01,511,696493,卖盘,2017-08-02,2017-08-02 10:22:06
10:22:09,10:22:09,13.63,--,81,110403,卖盘,2017-08-02,2017-08-02 10:22:09
10:22:12,10:22:12,13.63,--,109,148567,卖盘,2017-08-02,2017-08-02 10:22:12
10:22:15,10:22:15,13.64,0.01,158,215512,买盘,2017-08-02,2017-08-02 10:22:15
10:22:18,10:22:18,13.62,-0.02,249,339138,卖盘,2017-08-02,2017-08-02 10:22:18
10:22:21,10:22:21,13.65,0.03,21,28665,买盘,2017-08-02,2017-08-02 10:22:21
10:22:24,10:22:24,13.64,-0.01,38,51832,卖盘,2017-08-02,2017-08-02 10:22:24
10:22:27,10:22:27,13.63,-0.01,1576,2148088,卖盘,2017-08-02,2017-08-02 10:22:27
10:22:30,10:22:30,13.64,0.01,90,122760,中性盘,2017-08-02,2017-08-02 10:22:30
10:22:33,10:22:33,13.65,0.01,72,98280,买盘,2017-08-02,2017-08-02 10:22:33
10:22:36,10:22:36,13.65,--,55,75075,买盘,2017-08-02,2017-08-02 10:22:36
10:22:39,10:22:39,13.65,--,66,90090,卖盘,2017-08-02,2017-08-02 10:22:39
10:22:42,10:22:42,13.66,0.01,543,741738,买盘,2017-08-02,2017-08-02 10:22:42
10:22:45,10:22:45,13.66,--,113,154358,买盘,2017-08-02,2017-08-02 10:22:45
10:22:48,10:22:48,13.66,--,101,137966,买盘,2017-08-02,2017-08-02 10:22:48
10:22:51,10:22:51,13.67,0.01,174,237858,买盘,2017-08-02,2017-08-02 10:22:51
10:22:54,10:22:54,13.67,--,63,86121,卖盘,2017-08-02,2017-08-02 10:22:54
10:22:57,10:22:57,13.69,0.02,46,62974,买盘,2017-08-02,2017-08-02 10:22:57
10:23:00,10:23:00,13.7,0.01,157,215090,买盘,2017-08-02,2017-08-02 10:23:00
10:23:03,10:23:03,13.72,0.02,19,26068,买盘,2017-08-02,2017-08-02 10:23:03
10:23:06,10:23:06,13.72,--,21,28812,卖盘,2017-08-02,2017-08-02 10:23:06
10:23:09,10:23:09,13.71,-0.01,88,120648,卖盘,2017-08-02,2017-08-02 10:23:09
10:23:12,10:23:12,13.73,0.02,26,35698,买盘,2017-08-02,2017-08-02 10:23:12
10:23:15,10:23:15,13.76,0.03,44,60544,买盘,2017-08-02,2017-08-02 10:23:15
10:23:18,10:23:18,13.75,-0.01,25,34375,中性盘,2017-08-02,2017-08-02 10:23:18
10:23:21,10:23:21,13.73,-0.02,127,174371,卖盘,2017-08-02,2017-08-02 10:23:21
10:23:24,10:23:24,13.76,0.03,36,49536,中性盘,2017-08-02,2017-08-02 10:23:24
10:23:27,10:23:27,13.76,--,127,174752,卖盘,2017-08-02,2017-08-02 10:23:27
10:23:30,10:23:30,13.73,-0.03,72,98856,卖盘,2017-08-02,2017-08-02 10:23:30
10:23:33,10:23:33,13.76,0.03,93,127968,买盘,2017-08-02,2017-08-02 10:23:33
10:23:36,10:23:36,13.76,--,97,133472,买盘,2017-08-02,2017-08-02 10:23:36
10:23:39,10:23:39,13.76,--,94,129344,买盘,2017-08-02,2017-08-02 10:23:39
10:23:42,10:23:42,13.76,--,132,181632,买盘,2017-08-02,2017-08-02 10:23:42
10:23:45,10:23:45,13.77,0.01,90,123930,买盘,2017-08-02,2017-08-02 10:23:45
10:23:48,10:23:48,13.76,-0.01,82,112832,卖盘,2017-08-02,2017-08-02 10:23:48
10:23:51,10:23:51,13.76,--,24,33024,卖盘,2017-08-02,2017-08-02 10:23:51
10:23:54,10:23:54,13.77,0.01,31,42687,买盘,2017-08-02,2017-08-02 10:23:54
10:23:57,10:23:57,13.77,--,97,133569,买盘,2017-08-02,2017-08-02 10:23:57
10:24:00,10:24:00,13.76,-0.01,91,125216,卖盘,2017-08-02,2017-08-02 10:24:00
10:24:03,10:24:03,13.76,--,116,159616,卖盘,2017-08-02,2017-08-02 10:24:03
10:24:06,10:24:06,13.77,0.01,45,61965,中性盘,2017-08-02,2017-08-02 10:24:06
10:24:09,10:24:09,13.76,-0.01,44,60544,卖盘,2017-08-02,2017-08-02 10:24:09
10:24:12,10:24:12,13.77,0.01,146,201042,买盘,2017-08-02,2017-08-02 10:24:12
10:24:15,10:24:15,13.78,0.01,251,345878,买盘,2017-08-02,2017-08-02 10:24:15
10:24:18,10:24:18,13.79,0.01,64,88256,买盘,2017-08-02,2017-08-02 10:24:18
10:24:21,10:24:21,13.77,-0.02,87,119799,中性盘,2017-08-02,2017-08-02 10:24:21
10:24:24,10:24:24,13.77,--,54,74358,卖盘,2017-08-02,2017-08-02 10:24:24
10:24:27,10:24:27,13.78,0.01,9,12402,买盘,2017-08-02,2017-08-02 10:24:27
10:24:30,10:24:30,13.77,-0.01,543,747711,卖盘,2017-08-02,2017-08-02 10:24:30
10:24:33,10:24:33,13.77,--,20,27540,买盘,2017-08-02,2017-08-02 10:24:33
10:24:36,10:24:36,13.76,-0.01,215,295840,卖盘,2017-08-02,2017-08-02 10:24:36
10:24:39,10:24:39,13.75,-0.01,95,130625,卖盘,2017-08-02,2017-08-02 10:24:39
10:24:42,10:24:42,13.75,--,20,27500,卖盘,2017-08-02,2017-08-02 10:24:42
10:24:45,10:24:45,13.75,--,111,152625,卖盘,2017-08-02,2017-08-02 10:24:45
10:24:48,10:24:48,13.75,--,64,88000,卖盘,2017-08-02,2017-08-02 10:24:48
10:24:51,10:24:51,13.74,-0.01,92,126408,卖盘,2017-08-02,2017-08-02 10:24:51
10:24:54,10:24:54,13.75,0.01,32,44000,买盘,2017-08-02,2017-08-02 10:24:54
10:24:57,10:24:57,13.73,-0.02,85,116705,卖盘,2017-08-02,2017-08-02 10:24:57
10:25:00,10:25:00,13.73,--,170,233410,卖盘,2017-08-02,2017-08-02 10:25:00
10:25:03,10:25:03,13.73,--,28,38444,卖盘,2017-08-02,2017-08-02 10:25:03
10:25:06,10:25:06,13.73,--,19,26087,买盘,2017-08-02,2017-08-02 10:25:06
10:25:09,10:25:09,13.73,--,112,153776,买盘,2017-08-02,2017-08-02 10:25:09
10:25:12,10:25:12,13.74,0.01,117,160758,买盘,2017-08-02,2017-08-02 10:25:12
10:25:15,10:25:15,13.73,-0.01,70,96110,卖盘,2017-08-02,2017-08-02 10:25:15
10:25:18,10:25:18,13.72,-0.01,5,6860,卖盘,2017-08-02,2017-08-02 10:25:18
10:25:21,10:25:21,13.73,0.01,13,17849,买盘,2017-08-02,2017-08-02 10:25:21
10:25:24,10:25:24,13.72,-0.01,74,101528,卖盘,2017-08-02,2017-08-02 10:25:24
10:25:27,10:25:27,13.72,--,695,953540,卖盘,2017-08-02,2017-08-02 10:25:27
10:25:30,10:25:30,13.72,--,49,67228,买盘,2017-08-02,2017-08-02 10:25:30
10:25:33,10:25:33,13.72,--,89,122108,买盘,2017-08-02,2017-08-02 10:25:33
10:25:36,10:25:36,13.71,-0.01,152,208392,卖盘,2017-08-02,2017-08-02 10:25:36
10:25:39,10:25:39,13.71,--,71,97341,卖盘,2017-08-02,2017-08-02 10:25:39
10:25:42,10:25:42,13.72,0.01,101,138572,买盘,2017-08-02,2017-08-02 10:25:42
10:25:45,10:25:45,13.71,-0.01,207,283797,卖盘,2017-08-02,2017-08-02 10:25:45
10:25:48,10:25:48,13.72,0.01,118,161896,中性盘,2017-08-02,2017-08-02 10:25:48
10:25:51,10:25:51,13.72,--,47,64484,卖盘,2017-08-02,2017-08-02 10:25:51
10:25:54,10:25:54,13.72,--,43,58996,卖盘,2017-08-02,2017-08-02 10:25:54
10:25:57,10:25:57,13.72,--,81,111132,买盘,2017-08-02,2017-08-02 10:25:57
10:26:00,10:26:00,13.72,--,90,123480,买盘,2017-08-02,2017-08-02 10:26:00
10:26:03,10:26:03,13.71,-0.01,350,479850,卖盘,2017-08-02,2017-08-02 10:26:03
10:26:06,10:26:06,13.72,0.01,45,61740,买盘,2017-08-02,2017-08-02 10:26:06
10:26:09,10:26:09,13.72,--,94,128968,买盘,2017-08-02,2017-08-02 10:26:09
10:26:12,10:26:12,13.71,-0.01,86,117906,买盘,2017-08-02,2017-08-02 10:26:12
10:26:15,10:26:15,13.71,--,49,67179,买盘,2017-08-02,2017-08-02 10:26:15
10:26:18,10:26:18,13.7,-0.01,116,158920,卖盘,2017-08-02,2017-08-02 10:26:18
10:26:21,10:26:21,13.71,0.01,16,21936,买盘,2017-08-02,2017-08-02 10:26:21
10:26:24,10:26:24,13.7,-0.01,18,24660,卖盘,2017-08-02,2017-08-02 10:26:24
10:26:27,10:26:27,13.7,--,57,78090,卖盘,2017-08-02,2017-08-02 10:26:27
10:26:30,10:26:30,13.7,--,9,12330,买盘,2017-08-02,2017-08-02 10:26:30
10:26:33,10:26:33,13.7,--,13,17810,买盘,2017-08-02,2017-08-02 10:26:33
10:26:36,10:26:36,13.69,-0.01,77,105413,卖盘,2017-08-02,2017-08-02 10:26:36
10:26:39,10:26:39,13.68,-0.01,173,236664,卖盘,2017-08-02,2017-08-02 10:26:39
10:26:42,10:26:42,13.68,--,81,110808,卖盘,2017-08-02,2017-08-02 10:26:42
10:26:45,10:26:45,13.67,-0.01,27,36909,卖盘,2017-08-02,2017-08-02 10:26:45
10:26:48,10:26:48,13.69,0.02,79,108151,买盘,2017-08-02,2017-08-02 10:26:48
10:26:51,10:26:51,13.7,0.01,20,27400,卖盘,2017-08-02,2017-08-02 10:26:51
10:26:54,10:26:54,13.69,-0.01,19,26011,卖盘,2017-08-02,2017-08-02 10:26:54
10:26:57,10:26:57,13.7,0.01,28,38360,买盘,2017-08-02,2017-08-02 10:26:57
10:27:00,10:27:00,13.7,--,58,79460,卖盘,2017-08-02,2017-08-02 10:27:00
10:27:03,10:27:03,13.7,--,122,167140,卖盘,2017-08-02,2017-08-02 10:27:03
10:27:06,10:27:06,13.7,--,35,47950,买盘,2017-08-02,2017-08-02 10:27:06
10:27:09,10:27:09,13.7,--,65,89050,买盘,2017-08-02,2017-08-02 10:27:09
10:27:12,10:27:12,13.7,--,42,57540,买盘,2017-08-02,2017-08-02 10:27:12
10:27:15,10:27:15,13.69,-0.01,61,83509,卖盘,2017-08-02,2017-08-02 10:27:15
10:27:18,10:27:18,13.69,--,83,113627,买盘,2017-08-02,2017-08-02 10:27:18
10:27:21,10:27:21,13.7,0.01,22,30140,买盘,2017-08-02,2017-08-02 10:27:21
10:27:24,10:27:24,13.69,-0.01,124,169756,卖盘,2017-08-02,2017-08-02 10:27:24
10:27:30,10:27:30,13.7,0.01,9,12330,买盘,2017-08-02,2017-08-02 10:27:30
10:27:33,10:27:33,13.68,-0.02,171,233928,卖盘,2017-08-02,2017-08-02 10:27:33
10:27:36,10:27:36,13.69,0.01,76,104044,买盘,2017-08-02,2017-08-02 10:27:36
10:27:39,10:27:39,13.7,0.01,76,104120,买盘,2017-08-02,2017-08-02 10:27:39
10:27:42,10:27:42,13.69,-0.01,10,13690,买盘,2017-08-02,2017-08-02 10:27:42
10:27:45,10:27:45,13.69,--,15,20535,卖盘,2017-08-02,2017-08-02 10:27:45
10:27:48,10:27:48,13.69,--,56,76664,卖盘,2017-08-02,2017-08-02 10:27:48
10:27:51,10:27:51,13.69,--,3,4107,卖盘,2017-08-02,2017-08-02 10:27:51
10:27:54,10:27:54,13.69,--,140,191660,卖盘,2017-08-02,2017-08-02 10:27:54
10:27:57,10:27:57,13.7,0.01,6,8220,买盘,2017-08-02,2017-08-02 10:27:57
10:28:00,10:28:00,13.7,--,19,26030,买盘,2017-08-02,2017-08-02 10:28:00
10:28:03,10:28:03,13.7,--,100,137000,买盘,2017-08-02,2017-08-02 10:28:03
10:28:06,10:28:06,13.69,-0.01,22,30118,卖盘,2017-08-02,2017-08-02 10:28:06
10:28:09,10:28:09,13.69,--,125,171125,卖盘,2017-08-02,2017-08-02 10:28:09
10:28:12,10:28:12,13.69,--,13,17797,卖盘,2017-08-02,2017-08-02 10:28:12
10:28:15,10:28:15,13.7,0.01,92,126040,买盘,2017-08-02,2017-08-02 10:28:15
10:28:18,10:28:18,13.69,-0.01,89,121841,卖盘,2017-08-02,2017-08-02 10:28:18
10:28:21,10:28:21,13.7,0.01,551,754870,买盘,2017-08-02,2017-08-02 10:28:21
10:28:24,10:28:24,13.7,--,19,26030,卖盘,2017-08-02,2017-08-02 10:28:24
10:28:27,10:28:27,13.7,--,10,13700,卖盘,2017-08-02,2017-08-02 10:28:27
10:28:30,10:28:30,13.7,--,43,58910,卖盘,2017-08-02,2017-08-02 10:28:30
10:28:33,10:28:33,13.7,--,21,28770,卖盘,2017-08-02,2017-08-02 10:28:33
10:28:36,10:28:36,13.7,--,7,9590,卖盘,2017-08-02,2017-08-02 10:28:36
10:28:39,10:28:39,13.71,0.01,91,124761,买盘,2017-08-02,2017-08-02 10:28:39
10:28:42,10:28:42,13.71,--,72,98712,买盘,2017-08-02,2017-08-02 10:28:42
10:28:45,10:28:45,13.71,--,67,91857,买盘,2017-08-02,2017-08-02 10:28:45
10:28:48,10:28:48,13.71,--,38,52098,买盘,2017-08-02,2017-08-02 10:28:48
10:28:51,10:28:51,13.72,0.01,2,2744,买盘,2017-08-02,2017-08-02 10:28:51
10:28:54,10:28:54,13.72,--,5,6860,买盘,2017-08-02,2017-08-02 10:28:54
10:28:57,10:28:57,13.72,--,167,229124,买盘,2017-08-02,2017-08-02 10:28:57
10:29:00,10:29:00,13.72,--,29,39788,买盘,2017-08-02,2017-08-02 10:29:00
10:29:03,10:29:03,13.72,--,128,175616,买盘,2017-08-02,2017-08-02 10:29:03
10:29:06,10:29:06,13.72,--,4,5488,卖盘,2017-08-02,2017-08-02 10:29:06
10:29:09,10:29:09,13.72,--,166,227752,卖盘,2017-08-02,2017-08-02 10:29:09
10:29:12,10:29:12,13.73,0.01,16,21968,买盘,2017-08-02,2017-08-02 10:29:12
10:29:15,10:29:15,13.73,--,57,78261,买盘,2017-08-02,2017-08-02 10:29:15
10:29:21,10:29:21,13.73,--,37,50801,卖盘,2017-08-02,2017-08-02 10:29:21
10:29:24,10:29:24,13.74,0.01,119,163506,买盘,2017-08-02,2017-08-02 10:29:24
10:29:27,10:29:27,13.74,--,46,63204,卖盘,2017-08-02,2017-08-02 10:29:27
10:29:30,10:29:30,13.75,0.01,105,144375,买盘,2017-08-02,2017-08-02 10:29:30
10:29:33,10:29:33,13.75,--,76,104500,买盘,2017-08-02,2017-08-02 10:29:33
10:29:36,10:29:36,13.74,-0.01,113,155262,卖盘,2017-08-02,2017-08-02 10:29:36
10:29:39,10:29:39,13.75,0.01,144,198000,买盘,2017-08-02,2017-08-02 10:29:39
10:29:42,10:29:42,13.75,--,137,188375,买盘,2017-08-02,2017-08-02 10:29:42
10:29:45,10:29:45,13.74,-0.01,81,111294,卖盘,2017-08-02,2017-08-02 10:29:45
10:29:48,10:29:48,13.75,0.01,64,88000,买盘,2017-08-02,2017-08-02 10:29:48
10:29:51,10:29:51,13.76,0.01,140,192640,买盘,2017-08-02,2017-08-02 10:29:51
10:29:54,10:29:54,13.76,--,24,33024,买盘,2017-08-02,2017-08-02 10:29:54
10:29:57,10:29:57,13.75,-0.01,17,23375,卖盘,2017-08-02,2017-08-02 10:29:57
10:30:00,10:30:00,13.75,--,194,266750,卖盘,2017-08-02,2017-08-02 10:30:00
10:30:03,10:30:03,13.75,--,54,74250,卖盘,2017-08-02,2017-08-02 10:30:03
10:30:06,10:30:06,13.75,--,15,20625,买盘,2017-08-02,2017-08-02 10:30:06
10:30:09,10:30:09,13.76,0.01,89,122464,买盘,2017-08-02,2017-08-02 10:30:09
10:30:12,10:30:12,13.76,--,24,33024,卖盘,2017-08-02,2017-08-02 10:30:12
10:30:15,10:30:15,13.77,0.01,22,30294,买盘,2017-08-02,2017-08-02 10:30:15
10:30:18,10:30:18,13.76,-0.01,37,50912,卖盘,2017-08-02,2017-08-02 10:30:18
10:30:21,10:30:21,13.77,0.01,127,174879,买盘,2017-08-02,2017-08-02 10:30:21
10:30:24,10:30:24,13.77,--,38,52326,买盘,2017-08-02,2017-08-02 10:30:24
10:30:27,10:30:27,13.77,--,22,30294,卖盘,2017-08-02,2017-08-02 10:30:27
10:30:30,10:30:30,13.77,--,23,31671,卖盘,2017-08-02,2017-08-02 10:30:30
10:30:33,10:30:33,13.77,--,72,99144,买盘,2017-08-02,2017-08-02 10:30:33
10:30:36,10:30:36,13.77,--,6,8262,卖盘,2017-08-02,2017-08-02 10:30:36
10:30:39,10:30:39,13.78,0.01,15,20670,买盘,2017-08-02,2017-08-02 10:30:39
10:30:42,10:30:42,13.78,--,148,203944,买盘,2017-08-02,2017-08-02 10:30:42
10:30:48,10:30:48,13.79,0.01,36,49644,买盘,2017-08-02,2017-08-02 10:30:48
10:30:51,10:30:51,13.79,--,39,53781,买盘,2017-08-02,2017-08-02 10:30:51
10:30:54,10:30:54,13.8,0.01,487,672060,买盘,2017-08-02,2017-08-02 10:30:54
10:30:57,10:30:57,13.79,-0.01,5,6895,卖盘,2017-08-02,2017-08-02 10:30:57
10:31:00,10:31:00,13.8,0.01,629,868020,买盘,2017-08-02,2017-08-02 10:31:00
10:31:03,10:31:03,13.81,0.01,84,116004,买盘,2017-08-02,2017-08-02 10:31:03
10:31:06,10:31:06,13.81,--,3,4143,买盘,2017-08-02,2017-08-02 10:31:06
10:31:12,10:31:12,13.81,--,42,58002,买盘,2017-08-02,2017-08-02 10:31:12
10:31:15,10:31:15,13.82,0.01,63,87066,买盘,2017-08-02,2017-08-02 10:31:15
10:31:18,10:31:18,13.82,--,4,5528,买盘,2017-08-02,2017-08-02 10:31:18
10:31:21,10:31:21,13.82,--,12,16584,买盘,2017-08-02,2017-08-02 10:31:21
10:31:24,10:31:24,13.82,--,10,13820,卖盘,2017-08-02,2017-08-02 10:31:24
10:31:27,10:31:27,13.82,--,97,134054,卖盘,2017-08-02,2017-08-02 10:31:27
10:31:30,10:31:30,13.83,0.01,51,70533,买盘,2017-08-02,2017-08-02 10:31:30
10:31:33,10:31:33,13.84,0.01,106,146704,买盘,2017-08-02,2017-08-02 10:31:33
10:31:36,10:31:36,13.84,--,16,22144,买盘,2017-08-02,2017-08-02 10:31:36
10:31:39,10:31:39,13.84,--,71,98264,买盘,2017-08-02,2017-08-02 10:31:39
10:31:42,10:31:42,13.84,--,625,865000,买盘,2017-08-02,2017-08-02 10:31:42
10:31:45,10:31:45,13.84,--,117,161928,卖盘,2017-08-02,2017-08-02 10:31:45
10:31:48,10:31:48,13.86,0.02,89,123354,买盘,2017-08-02,2017-08-02 10:31:48
10:31:54,10:31:54,13.87,0.01,39,54093,买盘,2017-08-02,2017-08-02 10:31:54
10:31:57,10:31:57,13.88,0.01,37,51356,买盘,2017-08-02,2017-08-02 10:31:57
10:32:00,10:32:00,13.87,-0.01,24,33288,卖盘,2017-08-02,2017-08-02 10:32:00
10:32:03,10:32:03,13.87,--,105,145635,卖盘,2017-08-02,2017-08-02 10:32:03
10:32:06,10:32:06,13.88,0.01,141,195708,买盘,2017-08-02,2017-08-02 10:32:06
10:32:09,10:32:09,13.88,--,44,61072,买盘,2017-08-02,2017-08-02 10:32:09
10:32:12,10:32:12,13.88,--,60,83280,卖盘,2017-08-02,2017-08-02 10:32:12
10:32:15,10:32:15,13.88,--,58,80504,卖盘,2017-08-02,2017-08-02 10:32:15
10:32:18,10:32:18,13.88,--,196,272048,卖盘,2017-08-02,2017-08-02 10:32:18
10:32:21,10:32:21,13.89,0.01,51,70839,卖盘,2017-08-02,2017-08-02 10:32:21
10:32:24,10:32:24,13.9,0.01,52,72280,买盘,2017-08-02,2017-08-02 10:32:24
10:32:27,10:32:27,13.9,--,40,55600,买盘,2017-08-02,2017-08-02 10:32:27
10:32:30,10:32:30,13.89,-0.01,130,180570,卖盘,2017-08-02,2017-08-02 10:32:30
10:32:33,10:32:33,13.9,0.01,202,280780,买盘,2017-08-02,2017-08-02 10:32:33
10:32:36,10:32:36,13.9,--,50,69500,买盘,2017-08-02,2017-08-02 10:32:36
10:32:39,10:32:39,13.9,--,145,201550,买盘,2017-08-02,2017-08-02 10:32:39
10:32:42,10:32:42,13.89,-0.01,149,206961,卖盘,2017-08-02,2017-08-02 10:32:42
10:32:45,10:32:45,13.9,0.01,122,169580,买盘,2017-08-02,2017-08-02 10:32:45
10:32:48,10:32:48,13.9,--,115,159850,买盘,2017-08-02,2017-08-02 10:32:48
10:32:51,10:32:51,13.9,--,98,136220,买盘,2017-08-02,2017-08-02 10:32:51
10:32:54,10:32:54,13.9,--,109,151510,卖盘,2017-08-02,2017-08-02 10:32:54
10:32:57,10:32:57,13.9,--,62,86180,卖盘,2017-08-02,2017-08-02 10:32:57
10:33:00,10:33:00,13.9,--,150,208500,卖盘,2017-08-02,2017-08-02 10:33:00
10:33:03,10:33:03,13.91,0.01,71,98761,买盘,2017-08-02,2017-08-02 10:33:03
10:33:06,10:33:06,13.91,--,216,300456,买盘,2017-08-02,2017-08-02 10:33:06
10:33:09,10:33:09,13.91,--,308,428428,买盘,2017-08-02,2017-08-02 10:33:09
10:33:12,10:33:12,13.9,-0.01,106,147340,卖盘,2017-08-02,2017-08-02 10:33:12
10:33:15,10:33:15,13.9,--,25,35445,买盘,2017-08-02,2017-08-02 10:33:15
10:33:18,10:33:18,13.89,-0.01,137,190293,卖盘,2017-08-02,2017-08-02 10:33:18
10:33:21,10:33:21,13.9,0.01,438,609515,买盘,2017-08-02,2017-08-02 10:33:21
10:33:24,10:33:24,13.88,-0.02,42,58296,中性盘,2017-08-02,2017-08-02 10:33:24
10:33:27,10:33:27,13.87,-0.01,32,44384,卖盘,2017-08-02,2017-08-02 10:33:27
10:33:30,10:33:30,13.87,--,76,105412,买盘,2017-08-02,2017-08-02 10:33:30
10:33:33,10:33:33,13.85,-0.02,189,262457,卖盘,2017-08-02,2017-08-02 10:33:33
10:33:36,10:33:36,13.86,0.01,47,65142,买盘,2017-08-02,2017-08-02 10:33:36
10:33:39,10:33:39,13.85,-0.01,259,358715,卖盘,2017-08-02,2017-08-02 10:33:39
10:33:42,10:33:42,13.85,--,108,149580,卖盘,2017-08-02,2017-08-02 10:33:42
10:33:45,10:33:45,13.85,--,179,248607,卖盘,2017-08-02,2017-08-02 10:33:45
10:33:48,10:33:48,13.83,-0.02,35,48405,卖盘,2017-08-02,2017-08-02 10:33:48
10:33:51,10:33:51,13.85,0.02,79,109415,买盘,2017-08-02,2017-08-02 10:33:51
10:33:54,10:33:54,13.82,-0.03,72,99504,卖盘,2017-08-02,2017-08-02 10:33:54
10:33:57,10:33:57,13.82,--,70,96740,卖盘,2017-08-02,2017-08-02 10:33:57
10:34:00,10:34:00,13.82,--,64,88448,卖盘,2017-08-02,2017-08-02 10:34:00
10:34:03,10:34:03,13.82,--,16,22112,卖盘,2017-08-02,2017-08-02 10:34:03
10:34:06,10:34:06,13.82,--,3,4146,买盘,2017-08-02,2017-08-02 10:34:06
10:34:09,10:34:09,13.81,-0.01,79,109099,卖盘,2017-08-02,2017-08-02 10:34:09
10:34:12,10:34:12,13.81,--,28,38668,买盘,2017-08-02,2017-08-02 10:34:12
10:34:15,10:34:15,13.8,-0.01,60,82800,卖盘,2017-08-02,2017-08-02 10:34:15
10:34:18,10:34:18,13.8,--,50,69000,卖盘,2017-08-02,2017-08-02 10:34:18
10:34:21,10:34:21,13.8,--,40,55200,卖盘,2017-08-02,2017-08-02 10:34:21
10:34:24,10:34:24,13.8,--,49,67620,买盘,2017-08-02,2017-08-02 10:34:24
10:34:27,10:34:27,13.79,-0.01,45,62054,卖盘,2017-08-02,2017-08-02 10:34:27
10:34:30,10:34:30,13.79,--,622,857738,卖盘,2017-08-02,2017-08-02 10:34:30
10:34:33,10:34:33,13.79,--,15,20685,中性盘,2017-08-02,2017-08-02 10:34:33
10:34:36,10:34:36,13.79,--,8,11032,买盘,2017-08-02,2017-08-02 10:34:36
10:34:39,10:34:39,13.79,--,75,103425,买盘,2017-08-02,2017-08-02 10:34:39
10:34:42,10:34:42,13.77,-0.02,31,42687,卖盘,2017-08-02,2017-08-02 10:34:42
10:34:45,10:34:45,13.78,0.01,2,2756,买盘,2017-08-02,2017-08-02 10:34:45
10:34:48,10:34:48,13.77,-0.01,7,9639,买盘,2017-08-02,2017-08-02 10:34:48
10:34:51,10:34:51,13.77,--,66,90882,买盘,2017-08-02,2017-08-02 10:34:51
10:34:54,10:34:54,13.77,--,37,50949,买盘,2017-08-02,2017-08-02 10:34:54
10:34:57,10:34:57,13.77,--,47,64719,卖盘,2017-08-02,2017-08-02 10:34:57
10:35:00,10:35:00,13.77,--,87,119799,卖盘,2017-08-02,2017-08-02 10:35:00
10:35:03,10:35:03,13.78,0.01,42,57876,买盘,2017-08-02,2017-08-02 10:35:03
10:35:06,10:35:06,13.78,--,81,111618,买盘,2017-08-02,2017-08-02 10:35:06
10:35:09,10:35:09,13.78,--,4,5512,卖盘,2017-08-02,2017-08-02 10:35:09
10:35:12,10:35:12,13.78,--,49,67522,卖盘,2017-08-02,2017-08-02 10:35:12
10:35:15,10:35:15,13.78,--,7,9646,买盘,2017-08-02,2017-08-02 10:35:15
10:35:18,10:35:18,13.77,-0.01,21,28917,卖盘,2017-08-02,2017-08-02 10:35:18
10:35:21,10:35:21,13.76,-0.01,10,13760,卖盘,2017-08-02,2017-08-02 10:35:21
10:35:24,10:35:24,13.78,0.02,4,5512,买盘,2017-08-02,2017-08-02 10:35:24
10:35:27,10:35:27,13.77,-0.01,68,93636,卖盘,2017-08-02,2017-08-02 10:35:27
10:35:30,10:35:30,13.78,0.01,49,67522,买盘,2017-08-02,2017-08-02 10:35:30
10:35:33,10:35:33,13.77,-0.01,29,39933,卖盘,2017-08-02,2017-08-02 10:35:33
10:35:36,10:35:36,13.77,--,117,161109,卖盘,2017-08-02,2017-08-02 10:35:36
10:35:39,10:35:39,13.78,0.01,61,84058,买盘,2017-08-02,2017-08-02 10:35:39
10:35:42,10:35:42,13.77,-0.01,1,1377,买盘,2017-08-02,2017-08-02 10:35:42
10:35:45,10:35:45,13.76,-0.01,16,22016,卖盘,2017-08-02,2017-08-02 10:35:45
10:35:48,10:35:48,13.77,0.01,21,28917,买盘,2017-08-02,2017-08-02 10:35:48
10:35:51,10:35:51,13.76,-0.01,63,86688,卖盘,2017-08-02,2017-08-02 10:35:51
10:35:54,10:35:54,13.76,--,114,156864,卖盘,2017-08-02,2017-08-02 10:35:54
10:35:57,10:35:57,13.78,0.02,46,63388,买盘,2017-08-02,2017-08-02 10:35:57
10:36:00,10:36:00,13.78,--,9,12402,买盘,2017-08-02,2017-08-02 10:36:00
10:36:03,10:36:03,13.78,--,10,13780,买盘,2017-08-02,2017-08-02 10:36:03
10:36:06,10:36:06,13.77,-0.01,63,86751,卖盘,2017-08-02,2017-08-02 10:36:06
10:36:09,10:36:09,13.77,--,31,42687,卖盘,2017-08-02,2017-08-02 10:36:09
10:36:12,10:36:12,13.77,--,22,30294,卖盘,2017-08-02,2017-08-02 10:36:12
10:36:15,10:36:15,13.77,--,11,15147,买盘,2017-08-02,2017-08-02 10:36:15
10:36:18,10:36:18,13.77,--,2,2754,买盘,2017-08-02,2017-08-02 10:36:18
10:36:21,10:36:21,13.77,--,141,194157,买盘,2017-08-02,2017-08-02 10:36:21
10:36:24,10:36:24,13.77,--,24,33048,买盘,2017-08-02,2017-08-02 10:36:24
10:36:27,10:36:27,13.76,-0.01,89,122464,卖盘,2017-08-02,2017-08-02 10:36:27
10:36:30,10:36:30,13.77,0.01,130,179010,买盘,2017-08-02,2017-08-02 10:36:30
10:36:33,10:36:33,13.77,--,70,96390,买盘,2017-08-02,2017-08-02 10:36:33
10:36:36,10:36:36,13.77,--,70,96390,卖盘,2017-08-02,2017-08-02 10:36:36
10:36:39,10:36:39,13.77,--,8,11016,卖盘,2017-08-02,2017-08-02 10:36:39
10:36:42,10:36:42,13.77,--,40,55080,卖盘,2017-08-02,2017-08-02 10:36:42
10:36:45,10:36:45,13.77,--,8,11016,买盘,2017-08-02,2017-08-02 10:36:45
10:36:48,10:36:48,13.77,--,37,50949,卖盘,2017-08-02,2017-08-02 10:36:48
10:36:51,10:36:51,13.77,--,44,60588,买盘,2017-08-02,2017-08-02 10:36:51
10:36:54,10:36:54,13.78,0.01,61,84058,买盘,2017-08-02,2017-08-02 10:36:54
10:36:57,10:36:57,13.78,--,68,93704,买盘,2017-08-02,2017-08-02 10:36:57
10:37:00,10:37:00,13.77,-0.01,19,26163,中性盘,2017-08-02,2017-08-02 10:37:00
10:37:03,10:37:03,13.77,--,7,9639,买盘,2017-08-02,2017-08-02 10:37:03
10:37:06,10:37:06,13.77,--,27,37179,买盘,2017-08-02,2017-08-02 10:37:06
10:37:09,10:37:09,13.76,-0.01,116,159616,卖盘,2017-08-02,2017-08-02 10:37:09
10:37:12,10:37:12,13.77,0.01,29,39933,买盘,2017-08-02,2017-08-02 10:37:12
10:37:15,10:37:15,13.77,--,47,64719,卖盘,2017-08-02,2017-08-02 10:37:15
10:37:18,10:37:18,13.77,--,38,52326,卖盘,2017-08-02,2017-08-02 10:37:18
10:37:21,10:37:21,13.77,--,9,12393,买盘,2017-08-02,2017-08-02 10:37:21
10:37:24,10:37:24,13.77,--,19,26163,买盘,2017-08-02,2017-08-02 10:37:24
10:37:27,10:37:27,13.77,--,35,48195,买盘,2017-08-02,2017-08-02 10:37:27
10:37:30,10:37:30,13.76,-0.01,54,74304,卖盘,2017-08-02,2017-08-02 10:37:30
10:37:33,10:37:33,13.76,--,20,27520,卖盘,2017-08-02,2017-08-02 10:37:33
10:37:39,10:37:39,13.77,0.01,45,61965,买盘,2017-08-02,2017-08-02 10:37:39
10:37:42,10:37:42,13.77,--,124,170748,卖盘,2017-08-02,2017-08-02 10:37:42
10:37:45,10:37:45,13.77,--,2,2754,卖盘,2017-08-02,2017-08-02 10:37:45
10:37:48,10:37:48,13.78,0.01,41,56498,买盘,2017-08-02,2017-08-02 10:37:48
10:37:51,10:37:51,13.78,--,93,128154,买盘,2017-08-02,2017-08-02 10:37:51
10:37:54,10:37:54,13.77,-0.01,7,9639,买盘,2017-08-02,2017-08-02 10:37:54
10:37:57,10:37:57,13.76,-0.01,7,9632,卖盘,2017-08-02,2017-08-02 10:37:57
10:38:00,10:38:00,13.75,-0.01,19,26125,卖盘,2017-08-02,2017-08-02 10:38:00
10:38:03,10:38:03,13.78,0.03,174,239772,买盘,2017-08-02,2017-08-02 10:38:03
10:38:06,10:38:06,13.78,--,4,5512,卖盘,2017-08-02,2017-08-02 10:38:06
10:38:09,10:38:09,13.78,--,147,202566,卖盘,2017-08-02,2017-08-02 10:38:09
10:38:12,10:38:12,13.79,0.01,91,125488,买盘,2017-08-02,2017-08-02 10:38:12
10:38:15,10:38:15,13.79,--,45,62054,买盘,2017-08-02,2017-08-02 10:38:15
10:38:18,10:38:18,13.78,-0.01,6,8268,卖盘,2017-08-02,2017-08-02 10:38:18
10:38:21,10:38:21,13.79,0.01,13,17927,买盘,2017-08-02,2017-08-02 10:38:21
10:38:24,10:38:24,13.8,0.01,7,9660,买盘,2017-08-02,2017-08-02 10:38:24
10:38:27,10:38:27,13.79,-0.01,2,2758,卖盘,2017-08-02,2017-08-02 10:38:27
10:38:30,10:38:30,13.8,0.01,84,115920,买盘,2017-08-02,2017-08-02 10:38:30
10:38:33,10:38:33,13.8,--,50,69000,买盘,2017-08-02,2017-08-02 10:38:33
10:38:36,10:38:36,13.8,--,11,15180,买盘,2017-08-02,2017-08-02 10:38:36
