idx_time,time,price,change,volume,amount,type,date,date_time
09:25:03,09:25:03,31.58,31.58,9,28422,买盘,2017-07-04,2017-07-04 09:25:03
09:30:00,09:30:00,31.58,--,0,0,卖盘,2017-07-04,2017-07-04 09:30:00
09:30:03,09:30:03,31.63,0.05,11,34793,买盘,2017-07-04,2017-07-04 09:30:03
09:30:06,09:30:06,31.65,0.02,14,44310,买盘,2017-07-04,2017-07-04 09:30:06
09:30:09,09:30:09,31.65,--,22,69630,买盘,2017-07-04,2017-07-04 09:30:09
09:30:15,09:30:15,31.66,0.01,4,12664,中性盘,2017-07-04,2017-07-04 09:30:15
09:30:33,09:30:33,31.66,--,42,132972,卖盘,2017-07-04,2017-07-04 09:30:33
09:30:39,09:30:39,31.66,--,1,3166,买盘,2017-07-04,2017-07-04 09:30:39
09:30:42,09:30:42,31.66,--,6,18996,买盘,2017-07-04,2017-07-04 09:30:42
09:30:45,09:30:45,31.66,--,4,12664,买盘,2017-07-04,2017-07-04 09:30:45
09:30:51,09:30:51,31.66,--,10,31660,买盘,2017-07-04,2017-07-04 09:30:51
09:30:57,09:30:57,31.66,--,1,3166,买盘,2017-07-04,2017-07-04 09:30:57
09:31:09,09:31:09,31.66,--,1,3166,买盘,2017-07-04,2017-07-04 09:31:09
09:31:18,09:31:18,31.66,--,1,3166,卖盘,2017-07-04,2017-07-04 09:31:18
09:31:39,09:31:39,31.68,0.02,3,9504,卖盘,2017-07-04,2017-07-04 09:31:39
09:31:48,09:31:48,31.69,0.01,4,12676,买盘,2017-07-04,2017-07-04 09:31:48
09:32:09,09:32:09,31.75,0.06,3,9525,中性盘,2017-07-04,2017-07-04 09:32:09
09:32:12,09:32:12,31.76,0.01,2,6352,卖盘,2017-07-04,2017-07-04 09:32:12
09:32:15,09:32:15,31.77,0.01,2,6354,买盘,2017-07-04,2017-07-04 09:32:15
09:32:18,09:32:18,31.77,--,1,3177,卖盘,2017-07-04,2017-07-04 09:32:18
09:32:24,09:32:24,31.78,0.01,3,9534,买盘,2017-07-04,2017-07-04 09:32:24
09:32:30,09:32:30,31.79,0.01,6,19074,买盘,2017-07-04,2017-07-04 09:32:30
09:32:36,09:32:36,31.77,-0.02,1,3177,卖盘,2017-07-04,2017-07-04 09:32:36
09:32:48,09:32:48,31.77,--,21,66717,买盘,2017-07-04,2017-07-04 09:32:48
09:32:51,09:32:51,31.77,--,1,3177,买盘,2017-07-04,2017-07-04 09:32:51
09:32:57,09:32:57,31.77,--,10,31770,卖盘,2017-07-04,2017-07-04 09:32:57
09:33:00,09:33:00,31.77,--,4,12708,买盘,2017-07-04,2017-07-04 09:33:00
09:33:06,09:33:06,31.78,0.01,6,19068,买盘,2017-07-04,2017-07-04 09:33:06
09:33:12,09:33:12,31.78,--,4,12712,卖盘,2017-07-04,2017-07-04 09:33:12
09:33:15,09:33:15,31.78,--,5,15890,卖盘,2017-07-04,2017-07-04 09:33:15
09:33:18,09:33:18,31.78,--,5,15890,卖盘,2017-07-04,2017-07-04 09:33:18
09:33:24,09:33:24,31.77,-0.01,1,3177,卖盘,2017-07-04,2017-07-04 09:33:24
09:33:27,09:33:27,31.78,0.01,3,9534,买盘,2017-07-04,2017-07-04 09:33:27
09:33:39,09:33:39,31.78,--,10,31780,买盘,2017-07-04,2017-07-04 09:33:39
09:33:45,09:33:45,31.75,-0.03,4,12700,买盘,2017-07-04,2017-07-04 09:33:45
09:34:03,09:34:03,31.75,--,3,9525,买盘,2017-07-04,2017-07-04 09:34:03
09:34:06,09:34:06,31.75,--,5,15875,卖盘,2017-07-04,2017-07-04 09:34:06
09:34:12,09:34:12,31.75,--,2,6350,卖盘,2017-07-04,2017-07-04 09:34:12
09:34:27,09:34:27,31.75,--,1,3175,卖盘,2017-07-04,2017-07-04 09:34:27
09:34:30,09:34:30,31.75,--,1,3175,卖盘,2017-07-04,2017-07-04 09:34:30
09:34:36,09:34:36,31.77,0.02,2,6354,买盘,2017-07-04,2017-07-04 09:34:36
09:34:39,09:34:39,31.75,-0.02,1,3175,卖盘,2017-07-04,2017-07-04 09:34:39
09:34:45,09:34:45,31.75,--,22,69850,卖盘,2017-07-04,2017-07-04 09:34:45
09:34:48,09:34:48,31.75,--,2,6350,卖盘,2017-07-04,2017-07-04 09:34:48
09:34:54,09:34:54,31.75,--,5,15875,卖盘,2017-07-04,2017-07-04 09:34:54
09:34:57,09:34:57,31.75,--,1,3175,卖盘,2017-07-04,2017-07-04 09:34:57
09:35:00,09:35:00,31.75,--,1,3175,卖盘,2017-07-04,2017-07-04 09:35:00
09:35:06,09:35:06,31.75,--,3,9525,卖盘,2017-07-04,2017-07-04 09:35:06
09:35:09,09:35:09,31.75,--,2,6350,卖盘,2017-07-04,2017-07-04 09:35:09
09:35:12,09:35:12,31.75,--,10,31750,卖盘,2017-07-04,2017-07-04 09:35:12
09:35:15,09:35:15,31.73,-0.02,9,28557,卖盘,2017-07-04,2017-07-04 09:35:15
09:35:18,09:35:18,31.75,0.02,19,60325,买盘,2017-07-04,2017-07-04 09:35:18
09:35:30,09:35:30,31.73,-0.02,5,15865,卖盘,2017-07-04,2017-07-04 09:35:30
09:35:33,09:35:33,31.73,--,4,12692,卖盘,2017-07-04,2017-07-04 09:35:33
09:35:36,09:35:36,31.72,-0.01,19,60268,卖盘,2017-07-04,2017-07-04 09:35:36
09:35:39,09:35:39,31.58,-0.14,7,22106,卖盘,2017-07-04,2017-07-04 09:35:39
09:35:45,09:35:45,31.72,0.14,6,19032,买盘,2017-07-04,2017-07-04 09:35:45
09:35:54,09:35:54,31.6,-0.12,5,15800,中性盘,2017-07-04,2017-07-04 09:35:54
09:35:57,09:35:57,31.6,--,1,3160,卖盘,2017-07-04,2017-07-04 09:35:57
09:36:18,09:36:18,31.65,0.05,2,6330,中性盘,2017-07-04,2017-07-04 09:36:18
09:36:21,09:36:21,31.65,--,1,3165,卖盘,2017-07-04,2017-07-04 09:36:21
09:36:39,09:36:39,31.65,--,2,6330,买盘,2017-07-04,2017-07-04 09:36:39
09:36:48,09:36:48,31.69,0.04,2,6338,买盘,2017-07-04,2017-07-04 09:36:48
09:36:57,09:36:57,31.7,0.01,13,41210,买盘,2017-07-04,2017-07-04 09:36:57
09:37:03,09:37:03,31.64,-0.06,4,12656,卖盘,2017-07-04,2017-07-04 09:37:03
09:37:06,09:37:06,31.62,-0.02,3,9486,买盘,2017-07-04,2017-07-04 09:37:06
09:37:18,09:37:18,31.72,0.1,3,9516,买盘,2017-07-04,2017-07-04 09:37:18
09:37:24,09:37:24,31.72,--,8,25376,买盘,2017-07-04,2017-07-04 09:37:24
09:37:39,09:37:39,31.72,--,5,15860,买盘,2017-07-04,2017-07-04 09:37:39
09:37:48,09:37:48,31.72,--,1,3172,买盘,2017-07-04,2017-07-04 09:37:48
09:37:51,09:37:51,31.72,--,5,15860,买盘,2017-07-04,2017-07-04 09:37:51
09:37:54,09:37:54,31.72,--,7,22204,买盘,2017-07-04,2017-07-04 09:37:54
09:38:09,09:38:09,31.72,--,1,3172,买盘,2017-07-04,2017-07-04 09:38:09
09:38:18,09:38:18,31.72,--,7,22204,买盘,2017-07-04,2017-07-04 09:38:18
09:38:21,09:38:21,31.72,--,1,3172,卖盘,2017-07-04,2017-07-04 09:38:21
09:38:27,09:38:27,31.72,--,1,3172,卖盘,2017-07-04,2017-07-04 09:38:27
09:38:42,09:38:42,31.73,0.01,6,19038,买盘,2017-07-04,2017-07-04 09:38:42
09:38:45,09:38:45,31.72,-0.01,10,31720,卖盘,2017-07-04,2017-07-04 09:38:45
09:38:48,09:38:48,31.72,--,5,15860,卖盘,2017-07-04,2017-07-04 09:38:48
09:38:54,09:38:54,31.73,0.01,14,44422,买盘,2017-07-04,2017-07-04 09:38:54
09:38:57,09:38:57,31.73,--,10,31730,卖盘,2017-07-04,2017-07-04 09:38:57
09:39:00,09:39:00,31.73,--,15,47595,卖盘,2017-07-04,2017-07-04 09:39:00
09:39:24,09:39:24,31.73,--,9,28557,买盘,2017-07-04,2017-07-04 09:39:24
09:39:27,09:39:27,31.73,--,1,3173,买盘,2017-07-04,2017-07-04 09:39:27
09:39:33,09:39:33,31.71,-0.02,5,15855,卖盘,2017-07-04,2017-07-04 09:39:33
09:39:45,09:39:45,31.71,--,2,6342,卖盘,2017-07-04,2017-07-04 09:39:45
09:39:57,09:39:57,31.71,--,5,15855,卖盘,2017-07-04,2017-07-04 09:39:57
09:40:00,09:40:00,31.71,--,1,3171,卖盘,2017-07-04,2017-07-04 09:40:00
09:40:06,09:40:06,31.73,0.02,7,22211,买盘,2017-07-04,2017-07-04 09:40:06
09:40:12,09:40:12,31.71,-0.02,10,31710,卖盘,2017-07-04,2017-07-04 09:40:12
09:40:15,09:40:15,31.71,--,5,15855,卖盘,2017-07-04,2017-07-04 09:40:15
09:40:18,09:40:18,31.71,--,1,3171,卖盘,2017-07-04,2017-07-04 09:40:18
09:40:27,09:40:27,31.7,-0.01,5,15850,卖盘,2017-07-04,2017-07-04 09:40:27
09:40:39,09:40:39,31.7,--,4,12680,买盘,2017-07-04,2017-07-04 09:40:39
09:40:42,09:40:42,31.66,-0.04,2,6332,卖盘,2017-07-04,2017-07-04 09:40:42
09:41:00,09:41:00,31.66,--,8,25328,卖盘,2017-07-04,2017-07-04 09:41:00
09:41:15,09:41:15,31.66,--,1,3166,卖盘,2017-07-04,2017-07-04 09:41:15
09:41:45,09:41:45,31.67,0.01,1,3167,中性盘,2017-07-04,2017-07-04 09:41:45
09:41:48,09:41:48,31.69,0.02,2,6338,买盘,2017-07-04,2017-07-04 09:41:48
09:41:51,09:41:51,31.7,0.01,2,6340,买盘,2017-07-04,2017-07-04 09:41:51
09:41:54,09:41:54,31.66,-0.04,37,117142,卖盘,2017-07-04,2017-07-04 09:41:54
09:41:57,09:41:57,31.67,0.01,34,107678,买盘,2017-07-04,2017-07-04 09:41:57
09:42:21,09:42:21,31.65,-0.02,14,44310,卖盘,2017-07-04,2017-07-04 09:42:21
09:42:24,09:42:24,31.67,0.02,1,3167,买盘,2017-07-04,2017-07-04 09:42:24
09:42:30,09:42:30,31.67,--,4,12668,卖盘,2017-07-04,2017-07-04 09:42:30
09:42:36,09:42:36,31.65,-0.02,5,15825,卖盘,2017-07-04,2017-07-04 09:42:36
09:42:54,09:42:54,31.7,0.05,2,6340,买盘,2017-07-04,2017-07-04 09:42:54
09:43:24,09:43:24,31.7,--,1,3170,买盘,2017-07-04,2017-07-04 09:43:24
09:43:48,09:43:48,31.66,-0.04,25,79150,卖盘,2017-07-04,2017-07-04 09:43:48
09:43:54,09:43:54,31.66,--,3,9498,买盘,2017-07-04,2017-07-04 09:43:54
09:44:09,09:44:09,31.63,-0.03,42,132846,卖盘,2017-07-04,2017-07-04 09:44:09
09:44:18,09:44:18,31.63,--,2,6326,卖盘,2017-07-04,2017-07-04 09:44:18
09:44:27,09:44:27,31.66,0.03,1,3166,买盘,2017-07-04,2017-07-04 09:44:27
09:44:30,09:44:30,31.63,-0.03,2,6326,卖盘,2017-07-04,2017-07-04 09:44:30
09:44:45,09:44:45,31.64,0.01,3,9492,中性盘,2017-07-04,2017-07-04 09:44:45
09:44:51,09:44:51,31.64,--,24,75936,卖盘,2017-07-04,2017-07-04 09:44:51
09:45:03,09:45:03,31.64,--,18,56952,卖盘,2017-07-04,2017-07-04 09:45:03
09:45:09,09:45:09,31.62,-0.02,23,72726,卖盘,2017-07-04,2017-07-04 09:45:09
09:45:21,09:45:21,31.62,--,2,6324,卖盘,2017-07-04,2017-07-04 09:45:21
09:45:36,09:45:36,31.62,--,72,227664,买盘,2017-07-04,2017-07-04 09:45:36
09:45:39,09:45:39,31.62,--,7,22134,卖盘,2017-07-04,2017-07-04 09:45:39
09:45:42,09:45:42,31.62,--,7,22134,卖盘,2017-07-04,2017-07-04 09:45:42
09:46:00,09:46:00,31.6,-0.02,2,6320,卖盘,2017-07-04,2017-07-04 09:46:00
09:46:15,09:46:15,31.6,--,3,9480,卖盘,2017-07-04,2017-07-04 09:46:15
09:46:36,09:46:36,31.6,--,3,9480,卖盘,2017-07-04,2017-07-04 09:46:36
09:46:42,09:46:42,31.61,0.01,23,72703,买盘,2017-07-04,2017-07-04 09:46:42
09:46:48,09:46:48,31.58,-0.03,38,120004,卖盘,2017-07-04,2017-07-04 09:46:48
09:46:51,09:46:51,31.58,--,11,34738,卖盘,2017-07-04,2017-07-04 09:46:51
09:47:00,09:47:00,31.62,0.04,10,31620,中性盘,2017-07-04,2017-07-04 09:47:00
09:47:24,09:47:24,31.58,-0.04,10,31580,卖盘,2017-07-04,2017-07-04 09:47:24
09:47:30,09:47:30,31.59,0.01,3,9477,中性盘,2017-07-04,2017-07-04 09:47:30
09:48:03,09:48:03,31.6,0.01,6,18960,中性盘,2017-07-04,2017-07-04 09:48:03
09:48:06,09:48:06,31.64,0.04,3,9492,买盘,2017-07-04,2017-07-04 09:48:06
09:48:27,09:48:27,31.66,0.02,23,72818,买盘,2017-07-04,2017-07-04 09:48:27
09:48:57,09:48:57,31.67,0.01,2,6334,买盘,2017-07-04,2017-07-04 09:48:57
09:49:06,09:49:06,31.7,0.03,38,120460,买盘,2017-07-04,2017-07-04 09:49:06
09:49:09,09:49:09,31.66,-0.04,20,63320,卖盘,2017-07-04,2017-07-04 09:49:09
09:49:18,09:49:18,31.71,0.05,22,69762,买盘,2017-07-04,2017-07-04 09:49:18
09:49:39,09:49:39,31.7,-0.01,3,9510,买盘,2017-07-04,2017-07-04 09:49:39
09:49:42,09:49:42,31.7,--,2,6340,卖盘,2017-07-04,2017-07-04 09:49:42
09:49:51,09:49:51,31.67,-0.03,3,9501,卖盘,2017-07-04,2017-07-04 09:49:51
09:50:06,09:50:06,31.67,--,3,9501,买盘,2017-07-04,2017-07-04 09:50:06
09:50:09,09:50:09,31.67,--,3,9501,买盘,2017-07-04,2017-07-04 09:50:09
09:50:24,09:50:24,31.7,0.03,1,3170,买盘,2017-07-04,2017-07-04 09:50:24
09:50:27,09:50:27,31.68,-0.02,10,31680,卖盘,2017-07-04,2017-07-04 09:50:27
09:50:33,09:50:33,31.67,-0.01,10,31670,卖盘,2017-07-04,2017-07-04 09:50:33
09:50:36,09:50:36,31.7,0.03,2,6340,买盘,2017-07-04,2017-07-04 09:50:36
09:50:54,09:50:54,31.7,--,2,6340,买盘,2017-07-04,2017-07-04 09:50:54
09:51:06,09:51:06,31.7,--,17,53890,买盘,2017-07-04,2017-07-04 09:51:06
09:51:09,09:51:09,31.7,--,1,3170,卖盘,2017-07-04,2017-07-04 09:51:09
09:51:27,09:51:27,31.72,0.02,22,69784,买盘,2017-07-04,2017-07-04 09:51:27
09:51:33,09:51:33,31.71,-0.01,10,31710,卖盘,2017-07-04,2017-07-04 09:51:33
09:51:36,09:51:36,31.71,--,3,9513,卖盘,2017-07-04,2017-07-04 09:51:36
09:51:42,09:51:42,31.72,0.01,1,3172,买盘,2017-07-04,2017-07-04 09:51:42
09:51:45,09:51:45,31.74,0.02,40,126960,买盘,2017-07-04,2017-07-04 09:51:45
09:51:51,09:51:51,31.72,-0.02,2,6344,卖盘,2017-07-04,2017-07-04 09:51:51
09:52:09,09:52:09,31.75,0.03,15,47625,买盘,2017-07-04,2017-07-04 09:52:09
09:52:12,09:52:12,31.78,0.03,64,203392,买盘,2017-07-04,2017-07-04 09:52:12
09:52:15,09:52:15,31.8,0.02,43,136740,买盘,2017-07-04,2017-07-04 09:52:15
09:52:18,09:52:18,31.78,-0.02,2,6356,卖盘,2017-07-04,2017-07-04 09:52:18
09:52:21,09:52:21,31.8,0.02,8,25440,买盘,2017-07-04,2017-07-04 09:52:21
09:52:33,09:52:33,31.88,0.08,35,111580,买盘,2017-07-04,2017-07-04 09:52:33
09:52:39,09:52:39,31.88,--,13,41444,买盘,2017-07-04,2017-07-04 09:52:39
09:52:48,09:52:48,32.2,0.32,124,399280,买盘,2017-07-04,2017-07-04 09:52:48
09:52:54,09:52:54,32.26,0.06,1,3226,中性盘,2017-07-04,2017-07-04 09:52:54
09:52:57,09:52:57,32.2,-0.06,60,193200,卖盘,2017-07-04,2017-07-04 09:52:57
09:53:03,09:53:03,32.2,--,25,80500,卖盘,2017-07-04,2017-07-04 09:53:03
09:53:06,09:53:06,32.2,--,6,19320,卖盘,2017-07-04,2017-07-04 09:53:06
09:53:09,09:53:09,32.2,--,11,35420,卖盘,2017-07-04,2017-07-04 09:53:09
09:53:15,09:53:15,32.2,--,1,3220,买盘,2017-07-04,2017-07-04 09:53:15
09:53:21,09:53:21,32.13,-0.07,8,25704,卖盘,2017-07-04,2017-07-04 09:53:21
09:53:24,09:53:24,32.2,0.07,11,35420,买盘,2017-07-04,2017-07-04 09:53:24
09:53:27,09:53:27,32.19,-0.01,5,16094,中性盘,2017-07-04,2017-07-04 09:53:27
09:53:39,09:53:39,32.15,-0.04,1,3215,中性盘,2017-07-04,2017-07-04 09:53:39
09:53:45,09:53:45,32.15,--,14,45010,中性盘,2017-07-04,2017-07-04 09:53:45
09:53:48,09:53:48,32.15,--,1,3215,买盘,2017-07-04,2017-07-04 09:53:48
09:53:51,09:53:51,32.14,-0.01,6,19284,中性盘,2017-07-04,2017-07-04 09:53:51
09:53:54,09:53:54,32.13,-0.01,8,25704,卖盘,2017-07-04,2017-07-04 09:53:54
09:53:57,09:53:57,32.14,0.01,9,28926,买盘,2017-07-04,2017-07-04 09:53:57
09:54:00,09:54:00,32.13,-0.01,21,67473,卖盘,2017-07-04,2017-07-04 09:54:00
09:54:03,09:54:03,32.05,-0.08,6,19230,卖盘,2017-07-04,2017-07-04 09:54:03
09:54:09,09:54:09,32.05,--,20,64099,卖盘,2017-07-04,2017-07-04 09:54:09
09:54:12,09:54:12,32.05,--,5,16024,卖盘,2017-07-04,2017-07-04 09:54:12
09:54:15,09:54:15,32.05,--,10,32049,卖盘,2017-07-04,2017-07-04 09:54:15
09:54:18,09:54:18,32.05,--,8,25639,卖盘,2017-07-04,2017-07-04 09:54:18
09:54:21,09:54:21,32.13,0.08,50,160650,买盘,2017-07-04,2017-07-04 09:54:21
09:54:24,09:54:24,32.05,-0.08,5,16024,卖盘,2017-07-04,2017-07-04 09:54:24
09:54:33,09:54:33,32.1,0.05,15,48150,买盘,2017-07-04,2017-07-04 09:54:33
09:54:36,09:54:36,32.11,0.01,4,12844,买盘,2017-07-04,2017-07-04 09:54:36
09:54:45,09:54:45,32.13,0.02,21,67473,买盘,2017-07-04,2017-07-04 09:54:45
09:54:51,09:54:51,32.13,--,6,19278,买盘,2017-07-04,2017-07-04 09:54:51
09:54:54,09:54:54,32.13,--,5,16065,买盘,2017-07-04,2017-07-04 09:54:54
09:54:57,09:54:57,32.12,-0.01,31,99571,中性盘,2017-07-04,2017-07-04 09:54:57
09:55:00,09:55:00,32.14,0.02,31,99634,买盘,2017-07-04,2017-07-04 09:55:00
09:55:06,09:55:06,32.13,-0.01,2,6426,买盘,2017-07-04,2017-07-04 09:55:06
09:55:09,09:55:09,32.15,0.02,33,106095,买盘,2017-07-04,2017-07-04 09:55:09
09:55:12,09:55:12,32.12,-0.03,5,16059,卖盘,2017-07-04,2017-07-04 09:55:12
09:55:15,09:55:15,32.17,0.05,47,151199,买盘,2017-07-04,2017-07-04 09:55:15
09:55:18,09:55:18,32.16,-0.01,3,9647,卖盘,2017-07-04,2017-07-04 09:55:18
09:55:21,09:55:21,32.15,-0.01,5,16075,卖盘,2017-07-04,2017-07-04 09:55:21
09:55:24,09:55:24,32.15,--,5,16075,买盘,2017-07-04,2017-07-04 09:55:24
09:55:27,09:55:27,32.15,--,20,64300,买盘,2017-07-04,2017-07-04 09:55:27
09:55:30,09:55:30,32.17,0.02,21,67557,买盘,2017-07-04,2017-07-04 09:55:30
09:55:33,09:55:33,32.17,--,17,54689,买盘,2017-07-04,2017-07-04 09:55:33
09:55:36,09:55:36,32.15,-0.02,10,32150,卖盘,2017-07-04,2017-07-04 09:55:36
09:55:39,09:55:39,32.15,--,10,32150,卖盘,2017-07-04,2017-07-04 09:55:39
09:55:45,09:55:45,32.18,0.03,62,199516,买盘,2017-07-04,2017-07-04 09:55:45
09:55:51,09:55:51,32.19,0.01,8,25752,买盘,2017-07-04,2017-07-04 09:55:51
09:55:54,09:55:54,32.25,0.06,75,241875,买盘,2017-07-04,2017-07-04 09:55:54
09:55:57,09:55:57,32.25,--,4,12900,卖盘,2017-07-04,2017-07-04 09:55:57
09:56:00,09:56:00,32.3,0.05,58,187339,买盘,2017-07-04,2017-07-04 09:56:00
09:56:03,09:56:03,32.48,0.18,30,97439,买盘,2017-07-04,2017-07-04 09:56:03
09:56:06,09:56:06,32.49,0.01,70,227430,买盘,2017-07-04,2017-07-04 09:56:06
09:56:09,09:56:09,32.49,--,12,38988,买盘,2017-07-04,2017-07-04 09:56:09
09:56:12,09:56:12,32.5,0.01,27,87750,买盘,2017-07-04,2017-07-04 09:56:12
09:56:15,09:56:15,32.48,-0.02,23,74704,卖盘,2017-07-04,2017-07-04 09:56:15
09:56:18,09:56:18,32.49,0.01,30,97470,买盘,2017-07-04,2017-07-04 09:56:18
09:56:21,09:56:21,32.49,--,25,81225,买盘,2017-07-04,2017-07-04 09:56:21
09:56:24,09:56:24,32.57,0.08,41,133537,买盘,2017-07-04,2017-07-04 09:56:24
09:56:27,09:56:27,32.55,-0.02,19,61844,卖盘,2017-07-04,2017-07-04 09:56:27
09:56:30,09:56:30,32.5,-0.05,25,81250,卖盘,2017-07-04,2017-07-04 09:56:30
09:56:33,09:56:33,32.56,0.06,19,61864,买盘,2017-07-04,2017-07-04 09:56:33
09:56:36,09:56:36,32.56,--,18,58608,买盘,2017-07-04,2017-07-04 09:56:36
09:56:39,09:56:39,32.56,--,38,123728,买盘,2017-07-04,2017-07-04 09:56:39
09:56:42,09:56:42,32.55,-0.01,44,143220,卖盘,2017-07-04,2017-07-04 09:56:42
09:56:45,09:56:45,32.5,-0.05,159,516750,卖盘,2017-07-04,2017-07-04 09:56:45
09:56:48,09:56:48,32.57,0.07,208,677456,买盘,2017-07-04,2017-07-04 09:56:48
09:56:51,09:56:51,32.57,--,84,273588,卖盘,2017-07-04,2017-07-04 09:56:51
09:56:54,09:56:54,32.57,--,12,39084,买盘,2017-07-04,2017-07-04 09:56:54
09:56:57,09:56:57,32.58,0.01,86,280188,买盘,2017-07-04,2017-07-04 09:56:57
09:57:00,09:57:00,32.65,0.07,21,68565,买盘,2017-07-04,2017-07-04 09:57:00
09:57:03,09:57:03,32.58,-0.07,7,22806,卖盘,2017-07-04,2017-07-04 09:57:03
09:57:06,09:57:06,32.64,0.06,20,65280,买盘,2017-07-04,2017-07-04 09:57:06
09:57:09,09:57:09,32.8,0.16,159,521519,买盘,2017-07-04,2017-07-04 09:57:09
09:57:12,09:57:12,32.8,--,4,13119,卖盘,2017-07-04,2017-07-04 09:57:12
09:57:15,09:57:15,32.8,--,29,95119,卖盘,2017-07-04,2017-07-04 09:57:15
09:57:18,09:57:18,32.82,0.02,29,95178,买盘,2017-07-04,2017-07-04 09:57:18
09:57:21,09:57:21,32.8,-0.02,53,173839,卖盘,2017-07-04,2017-07-04 09:57:21
09:57:24,09:57:24,32.8,--,26,85279,买盘,2017-07-04,2017-07-04 09:57:24
09:57:27,09:57:27,32.8,--,19,62319,买盘,2017-07-04,2017-07-04 09:57:27
09:57:30,09:57:30,32.8,--,86,282080,买盘,2017-07-04,2017-07-04 09:57:30
09:57:33,09:57:33,32.8,--,38,124639,买盘,2017-07-04,2017-07-04 09:57:33
09:57:36,09:57:36,32.78,-0.02,120,393360,中性盘,2017-07-04,2017-07-04 09:57:36
09:57:39,09:57:39,32.8,0.02,28,91839,买盘,2017-07-04,2017-07-04 09:57:39
09:57:42,09:57:42,32.69,-0.11,57,186333,卖盘,2017-07-04,2017-07-04 09:57:42
09:57:45,09:57:45,32.8,0.11,43,141040,买盘,2017-07-04,2017-07-04 09:57:45
09:57:48,09:57:48,32.69,-0.11,24,78456,卖盘,2017-07-04,2017-07-04 09:57:48
09:57:51,09:57:51,32.69,--,36,117683,买盘,2017-07-04,2017-07-04 09:57:51
09:57:54,09:57:54,32.57,-0.12,202,657914,卖盘,2017-07-04,2017-07-04 09:57:54
09:57:57,09:57:57,32.69,0.12,14,45766,买盘,2017-07-04,2017-07-04 09:57:57
09:58:00,09:58:00,32.7,0.01,24,78480,中性盘,2017-07-04,2017-07-04 09:58:00
09:58:03,09:58:03,32.69,-0.01,32,104608,卖盘,2017-07-04,2017-07-04 09:58:03
09:58:06,09:58:06,32.69,--,21,68649,卖盘,2017-07-04,2017-07-04 09:58:06
09:58:09,09:58:09,32.8,0.11,102,334560,买盘,2017-07-04,2017-07-04 09:58:09
09:58:12,09:58:12,32.77,-0.03,6,19662,买盘,2017-07-04,2017-07-04 09:58:12
09:58:18,09:58:18,32.69,-0.08,7,22883,卖盘,2017-07-04,2017-07-04 09:58:18
09:58:21,09:58:21,32.69,--,17,55572,买盘,2017-07-04,2017-07-04 09:58:21
09:58:24,09:58:24,32.78,0.09,122,399916,买盘,2017-07-04,2017-07-04 09:58:24
09:58:27,09:58:27,32.69,-0.09,11,35959,中性盘,2017-07-04,2017-07-04 09:58:27
09:58:30,09:58:30,32.7,0.01,21,68670,买盘,2017-07-04,2017-07-04 09:58:30
09:58:33,09:58:33,32.7,--,26,85020,买盘,2017-07-04,2017-07-04 09:58:33
09:58:36,09:58:36,32.69,-0.01,31,101339,卖盘,2017-07-04,2017-07-04 09:58:36
09:58:39,09:58:39,32.69,--,1,3269,买盘,2017-07-04,2017-07-04 09:58:39
09:58:42,09:58:42,32.69,--,35,114414,买盘,2017-07-04,2017-07-04 09:58:42
09:58:45,09:58:45,32.7,0.01,7,22890,买盘,2017-07-04,2017-07-04 09:58:45
09:58:48,09:58:48,32.7,--,87,284490,买盘,2017-07-04,2017-07-04 09:58:48
09:58:51,09:58:51,32.73,0.03,19,62186,买盘,2017-07-04,2017-07-04 09:58:51
09:58:54,09:58:54,32.73,--,2,6545,卖盘,2017-07-04,2017-07-04 09:58:54
09:58:57,09:58:57,32.73,--,2,6545,卖盘,2017-07-04,2017-07-04 09:58:57
09:59:00,09:59:00,32.7,-0.03,60,196200,卖盘,2017-07-04,2017-07-04 09:59:00
09:59:03,09:59:03,32.7,--,14,45780,买盘,2017-07-04,2017-07-04 09:59:03
09:59:06,09:59:06,32.69,-0.01,16,52304,卖盘,2017-07-04,2017-07-04 09:59:06
09:59:09,09:59:09,32.69,--,19,62110,买盘,2017-07-04,2017-07-04 09:59:09
09:59:12,09:59:12,32.66,-0.03,24,78383,卖盘,2017-07-04,2017-07-04 09:59:12
09:59:15,09:59:15,32.68,0.02,2,6536,中性盘,2017-07-04,2017-07-04 09:59:15
09:59:18,09:59:18,32.6,-0.08,38,123880,卖盘,2017-07-04,2017-07-04 09:59:18
09:59:21,09:59:21,32.7,0.1,41,134070,买盘,2017-07-04,2017-07-04 09:59:21
09:59:24,09:59:24,32.66,-0.04,5,16329,中性盘,2017-07-04,2017-07-04 09:59:24
09:59:30,09:59:30,32.6,-0.06,24,78240,卖盘,2017-07-04,2017-07-04 09:59:30
09:59:33,09:59:33,32.59,-0.01,19,61921,卖盘,2017-07-04,2017-07-04 09:59:33
09:59:36,09:59:36,32.6,0.01,13,42380,中性盘,2017-07-04,2017-07-04 09:59:36
09:59:45,09:59:45,32.6,--,13,42380,卖盘,2017-07-04,2017-07-04 09:59:45
09:59:48,09:59:48,32.59,-0.01,84,273756,卖盘,2017-07-04,2017-07-04 09:59:48
09:59:54,09:59:54,32.65,0.06,50,163250,买盘,2017-07-04,2017-07-04 09:59:54
09:59:57,09:59:57,32.65,--,3,9795,买盘,2017-07-04,2017-07-04 09:59:57
10:00:00,10:00:00,32.6,-0.05,3,9780,买盘,2017-07-04,2017-07-04 10:00:00
10:00:03,10:00:03,32.6,--,1,3260,卖盘,2017-07-04,2017-07-04 10:00:03
10:00:06,10:00:06,32.5,-0.1,80,260000,卖盘,2017-07-04,2017-07-04 10:00:06
10:00:09,10:00:09,32.55,0.05,5,16274,中性盘,2017-07-04,2017-07-04 10:00:09
10:00:12,10:00:12,32.55,--,2,6509,买盘,2017-07-04,2017-07-04 10:00:12
10:00:15,10:00:15,32.53,-0.02,8,26024,卖盘,2017-07-04,2017-07-04 10:00:15
10:00:18,10:00:18,32.53,--,38,123614,卖盘,2017-07-04,2017-07-04 10:00:18
10:00:21,10:00:21,32.7,0.17,185,604950,买盘,2017-07-04,2017-07-04 10:00:21
10:00:27,10:00:27,32.58,-0.12,37,120546,中性盘,2017-07-04,2017-07-04 10:00:27
10:00:30,10:00:30,32.55,-0.03,100,325500,卖盘,2017-07-04,2017-07-04 10:00:30
10:00:33,10:00:33,32.7,0.15,4,13080,买盘,2017-07-04,2017-07-04 10:00:33
10:00:36,10:00:36,32.69,-0.01,24,78456,买盘,2017-07-04,2017-07-04 10:00:36
10:00:39,10:00:39,32.55,-0.14,10,32549,卖盘,2017-07-04,2017-07-04 10:00:39
10:00:45,10:00:45,32.65,0.1,2,6530,买盘,2017-07-04,2017-07-04 10:00:45
10:00:48,10:00:48,32.65,--,9,29385,卖盘,2017-07-04,2017-07-04 10:00:48
10:00:51,10:00:51,32.65,--,12,39180,卖盘,2017-07-04,2017-07-04 10:00:51
10:00:54,10:00:54,32.65,--,4,13060,卖盘,2017-07-04,2017-07-04 10:00:54
10:01:00,10:01:00,32.61,-0.04,5,16305,卖盘,2017-07-04,2017-07-04 10:01:00
10:01:03,10:01:03,32.65,0.04,1,3265,买盘,2017-07-04,2017-07-04 10:01:03
10:01:06,10:01:06,32.61,-0.04,15,48915,卖盘,2017-07-04,2017-07-04 10:01:06
10:01:09,10:01:09,32.61,--,9,29349,卖盘,2017-07-04,2017-07-04 10:01:09
10:01:12,10:01:12,32.61,--,11,35871,卖盘,2017-07-04,2017-07-04 10:01:12
10:01:15,10:01:15,32.61,--,9,29349,卖盘,2017-07-04,2017-07-04 10:01:15
10:01:18,10:01:18,32.63,0.02,11,35893,买盘,2017-07-04,2017-07-04 10:01:18
10:01:24,10:01:24,32.62,-0.01,65,212029,卖盘,2017-07-04,2017-07-04 10:01:24
10:01:27,10:01:27,32.65,0.03,119,388535,买盘,2017-07-04,2017-07-04 10:01:27
10:01:30,10:01:30,32.65,--,21,68565,卖盘,2017-07-04,2017-07-04 10:01:30
10:01:33,10:01:33,32.65,--,5,16325,卖盘,2017-07-04,2017-07-04 10:01:33
10:01:36,10:01:36,32.65,--,37,120805,卖盘,2017-07-04,2017-07-04 10:01:36
10:01:39,10:01:39,32.65,--,3,9795,买盘,2017-07-04,2017-07-04 10:01:39
10:01:42,10:01:42,32.63,-0.02,2,6526,卖盘,2017-07-04,2017-07-04 10:01:42
10:01:45,10:01:45,32.65,0.02,21,68565,买盘,2017-07-04,2017-07-04 10:01:45
10:01:48,10:01:48,32.6,-0.05,120,391200,卖盘,2017-07-04,2017-07-04 10:01:48
10:01:51,10:01:51,32.6,--,4,13040,买盘,2017-07-04,2017-07-04 10:01:51
10:01:54,10:01:54,32.62,0.02,9,29357,买盘,2017-07-04,2017-07-04 10:01:54
10:01:57,10:01:57,32.6,-0.02,1,3260,中性盘,2017-07-04,2017-07-04 10:01:57
10:02:09,10:02:09,32.65,0.05,26,84890,买盘,2017-07-04,2017-07-04 10:02:09
10:02:24,10:02:24,32.5,-0.15,53,172250,卖盘,2017-07-04,2017-07-04 10:02:24
10:02:27,10:02:27,32.5,--,4,13000,卖盘,2017-07-04,2017-07-04 10:02:27
10:02:33,10:02:33,32.51,0.01,3,9753,买盘,2017-07-04,2017-07-04 10:02:33
10:02:36,10:02:36,32.51,--,1,3251,买盘,2017-07-04,2017-07-04 10:02:36
10:02:39,10:02:39,32.5,-0.01,2,6500,卖盘,2017-07-04,2017-07-04 10:02:39
10:02:42,10:02:42,32.5,--,9,29250,卖盘,2017-07-04,2017-07-04 10:02:42
10:02:51,10:02:51,32.5,--,41,133250,卖盘,2017-07-04,2017-07-04 10:02:51
10:02:57,10:02:57,32.5,--,3,9750,买盘,2017-07-04,2017-07-04 10:02:57
10:03:00,10:03:00,32.59,0.09,3,9777,买盘,2017-07-04,2017-07-04 10:03:00
10:03:06,10:03:06,32.59,--,6,19554,买盘,2017-07-04,2017-07-04 10:03:06
10:03:09,10:03:09,32.51,-0.08,1,3251,卖盘,2017-07-04,2017-07-04 10:03:09
10:03:18,10:03:18,32.59,0.08,1,3259,买盘,2017-07-04,2017-07-04 10:03:18
10:03:21,10:03:21,32.57,-0.02,17,55369,卖盘,2017-07-04,2017-07-04 10:03:21
10:03:30,10:03:30,32.6,0.03,3,9780,买盘,2017-07-04,2017-07-04 10:03:30
10:03:33,10:03:33,32.6,--,2,6520,买盘,2017-07-04,2017-07-04 10:03:33
10:03:36,10:03:36,32.57,-0.03,15,48855,卖盘,2017-07-04,2017-07-04 10:03:36
10:03:39,10:03:39,32.57,--,8,26056,买盘,2017-07-04,2017-07-04 10:03:39
10:03:42,10:03:42,32.57,--,27,87939,买盘,2017-07-04,2017-07-04 10:03:42
10:03:45,10:03:45,32.57,--,2,6514,买盘,2017-07-04,2017-07-04 10:03:45
10:03:48,10:03:48,32.52,-0.05,34,110568,卖盘,2017-07-04,2017-07-04 10:03:48
10:03:54,10:03:54,32.52,--,11,35772,卖盘,2017-07-04,2017-07-04 10:03:54
10:03:57,10:03:57,32.56,0.04,1,3256,买盘,2017-07-04,2017-07-04 10:03:57
10:04:03,10:04:03,32.56,--,5,16280,买盘,2017-07-04,2017-07-04 10:04:03
10:04:06,10:04:06,32.53,-0.03,1,3253,卖盘,2017-07-04,2017-07-04 10:04:06
10:04:09,10:04:09,32.53,--,21,68313,卖盘,2017-07-04,2017-07-04 10:04:09
10:04:15,10:04:15,32.53,--,194,631082,卖盘,2017-07-04,2017-07-04 10:04:15
10:04:21,10:04:21,32.49,-0.04,146,474354,卖盘,2017-07-04,2017-07-04 10:04:21
10:04:24,10:04:24,32.49,--,5,16245,买盘,2017-07-04,2017-07-04 10:04:24
10:04:30,10:04:30,32.41,-0.08,20,64819,卖盘,2017-07-04,2017-07-04 10:04:30
10:04:33,10:04:33,32.41,--,1,3240,买盘,2017-07-04,2017-07-04 10:04:33
10:04:36,10:04:36,32.4,-0.01,32,103680,卖盘,2017-07-04,2017-07-04 10:04:36
10:04:48,10:04:48,32.35,-0.05,89,287915,卖盘,2017-07-04,2017-07-04 10:04:48
10:04:54,10:04:54,32.4,0.05,9,29160,卖盘,2017-07-04,2017-07-04 10:04:54
10:05:03,10:05:03,32.41,0.01,4,12963,买盘,2017-07-04,2017-07-04 10:05:03
10:05:06,10:05:06,32.41,--,1,3240,卖盘,2017-07-04,2017-07-04 10:05:06
10:05:15,10:05:15,32.4,-0.01,1,3240,买盘,2017-07-04,2017-07-04 10:05:15
10:05:18,10:05:18,32.41,0.01,31,100470,买盘,2017-07-04,2017-07-04 10:05:18
10:05:21,10:05:21,32.41,--,1,3240,卖盘,2017-07-04,2017-07-04 10:05:21
10:05:30,10:05:30,32.41,--,1,3240,卖盘,2017-07-04,2017-07-04 10:05:30
10:05:45,10:05:45,32.43,0.02,1,3243,中性盘,2017-07-04,2017-07-04 10:05:45
10:05:54,10:05:54,32.47,0.04,1,3247,买盘,2017-07-04,2017-07-04 10:05:54
10:06:03,10:06:03,32.44,-0.03,2,6488,中性盘,2017-07-04,2017-07-04 10:06:03
10:06:06,10:06:06,32.44,--,5,16219,卖盘,2017-07-04,2017-07-04 10:06:06
10:06:09,10:06:09,32.45,0.01,25,81125,买盘,2017-07-04,2017-07-04 10:06:09
10:06:15,10:06:15,32.45,--,2,6490,卖盘,2017-07-04,2017-07-04 10:06:15
10:06:18,10:06:18,32.45,--,1,3245,卖盘,2017-07-04,2017-07-04 10:06:18
10:06:21,10:06:21,32.45,--,2,6490,卖盘,2017-07-04,2017-07-04 10:06:21
10:06:27,10:06:27,32.45,--,35,113575,卖盘,2017-07-04,2017-07-04 10:06:27
10:06:30,10:06:30,32.47,0.02,3,9741,买盘,2017-07-04,2017-07-04 10:06:30
10:06:36,10:06:36,32.47,--,4,12988,买盘,2017-07-04,2017-07-04 10:06:36
10:06:39,10:06:39,32.45,-0.02,5,16225,卖盘,2017-07-04,2017-07-04 10:06:39
10:06:51,10:06:51,32.47,0.02,14,45458,中性盘,2017-07-04,2017-07-04 10:06:51
10:06:54,10:06:54,32.47,--,1,3247,买盘,2017-07-04,2017-07-04 10:06:54
10:07:00,10:07:00,32.46,-0.01,2,6492,卖盘,2017-07-04,2017-07-04 10:07:00
10:07:03,10:07:03,32.47,0.01,22,71434,买盘,2017-07-04,2017-07-04 10:07:03
10:07:09,10:07:09,32.47,--,1,3247,买盘,2017-07-04,2017-07-04 10:07:09
10:07:12,10:07:12,32.5,0.03,36,117000,买盘,2017-07-04,2017-07-04 10:07:12
10:07:15,10:07:15,32.47,-0.03,1,3247,卖盘,2017-07-04,2017-07-04 10:07:15
10:07:21,10:07:21,32.5,0.03,4,13000,买盘,2017-07-04,2017-07-04 10:07:21
10:07:24,10:07:24,32.5,--,9,29250,买盘,2017-07-04,2017-07-04 10:07:24
10:07:30,10:07:30,32.5,--,11,35750,买盘,2017-07-04,2017-07-04 10:07:30
10:07:33,10:07:33,32.5,--,3,9750,买盘,2017-07-04,2017-07-04 10:07:33
10:07:45,10:07:45,32.5,--,62,201500,卖盘,2017-07-04,2017-07-04 10:07:45
10:07:51,10:07:51,32.5,--,5,16250,买盘,2017-07-04,2017-07-04 10:07:51
10:07:54,10:07:54,32.5,--,10,32500,买盘,2017-07-04,2017-07-04 10:07:54
10:07:57,10:07:57,32.5,--,2,6500,买盘,2017-07-04,2017-07-04 10:07:57
10:08:06,10:08:06,32.5,--,7,22750,买盘,2017-07-04,2017-07-04 10:08:06
10:08:09,10:08:09,32.5,--,5,16250,买盘,2017-07-04,2017-07-04 10:08:09
10:08:18,10:08:18,32.5,--,7,22750,买盘,2017-07-04,2017-07-04 10:08:18
10:08:24,10:08:24,32.49,-0.01,1,3249,卖盘,2017-07-04,2017-07-04 10:08:24
10:08:33,10:08:33,32.49,--,5,16245,卖盘,2017-07-04,2017-07-04 10:08:33
10:08:36,10:08:36,32.49,--,13,42237,卖盘,2017-07-04,2017-07-04 10:08:36
10:08:39,10:08:39,32.49,--,15,48735,卖盘,2017-07-04,2017-07-04 10:08:39
10:08:45,10:08:45,32.49,--,4,12996,买盘,2017-07-04,2017-07-04 10:08:45
10:08:48,10:08:48,32.48,-0.01,14,45471,卖盘,2017-07-04,2017-07-04 10:08:48
10:08:51,10:08:51,32.49,0.01,3,9747,买盘,2017-07-04,2017-07-04 10:08:51
10:08:57,10:08:57,32.49,--,3,9747,卖盘,2017-07-04,2017-07-04 10:08:57
10:09:03,10:09:03,32.49,--,1,3249,卖盘,2017-07-04,2017-07-04 10:09:03
10:09:09,10:09:09,32.49,--,1,3249,卖盘,2017-07-04,2017-07-04 10:09:09
10:09:12,10:09:12,32.49,--,5,16245,卖盘,2017-07-04,2017-07-04 10:09:12
10:09:15,10:09:15,32.49,--,13,42237,卖盘,2017-07-04,2017-07-04 10:09:15
10:09:30,10:09:30,32.48,-0.01,6,19487,卖盘,2017-07-04,2017-07-04 10:09:30
10:09:33,10:09:33,32.48,--,2,6495,卖盘,2017-07-04,2017-07-04 10:09:33
10:09:39,10:09:39,32.48,--,22,71456,买盘,2017-07-04,2017-07-04 10:09:39
10:09:45,10:09:45,32.47,-0.01,12,38964,卖盘,2017-07-04,2017-07-04 10:09:45
10:09:48,10:09:48,32.48,0.01,1,3247,买盘,2017-07-04,2017-07-04 10:09:48
10:10:06,10:10:06,32.48,--,2,6495,买盘,2017-07-04,2017-07-04 10:10:06
10:10:12,10:10:12,32.47,-0.01,2,6494,卖盘,2017-07-04,2017-07-04 10:10:12
10:10:15,10:10:15,32.47,--,5,16235,卖盘,2017-07-04,2017-07-04 10:10:15
10:10:18,10:10:18,32.46,-0.01,45,146070,卖盘,2017-07-04,2017-07-04 10:10:18
10:10:21,10:10:21,32.46,--,5,16230,买盘,2017-07-04,2017-07-04 10:10:21
10:10:24,10:10:24,32.46,--,1,3246,买盘,2017-07-04,2017-07-04 10:10:24
10:10:42,10:10:42,32.46,--,15,48690,中性盘,2017-07-04,2017-07-04 10:10:42
10:10:54,10:10:54,32.46,--,15,48690,卖盘,2017-07-04,2017-07-04 10:10:54
10:11:06,10:11:06,32.48,0.02,5,16239,买盘,2017-07-04,2017-07-04 10:11:06
10:11:09,10:11:09,32.47,-0.01,10,32470,卖盘,2017-07-04,2017-07-04 10:11:09
10:11:12,10:11:12,32.48,0.01,9,29231,买盘,2017-07-04,2017-07-04 10:11:12
10:11:15,10:11:15,32.48,--,7,22735,卖盘,2017-07-04,2017-07-04 10:11:15
10:11:21,10:11:21,32.47,-0.01,12,38964,卖盘,2017-07-04,2017-07-04 10:11:21
10:11:24,10:11:24,32.48,0.01,1,3247,买盘,2017-07-04,2017-07-04 10:11:24
10:11:27,10:11:27,32.47,-0.01,2,6494,卖盘,2017-07-04,2017-07-04 10:11:27
10:11:30,10:11:30,32.48,0.01,2,6495,买盘,2017-07-04,2017-07-04 10:11:30
10:11:33,10:11:33,32.49,0.01,40,129960,买盘,2017-07-04,2017-07-04 10:11:33
10:11:39,10:11:39,32.48,-0.01,3,9743,买盘,2017-07-04,2017-07-04 10:11:39
10:11:42,10:11:42,32.49,0.01,13,42237,买盘,2017-07-04,2017-07-04 10:11:42
10:11:51,10:11:51,32.5,0.01,43,139750,买盘,2017-07-04,2017-07-04 10:11:51
10:11:54,10:11:54,32.5,--,5,16250,买盘,2017-07-04,2017-07-04 10:11:54
10:11:57,10:11:57,32.5,--,3,9750,买盘,2017-07-04,2017-07-04 10:11:57
10:12:00,10:12:00,32.49,-0.01,62,201438,卖盘,2017-07-04,2017-07-04 10:12:00
10:12:03,10:12:03,32.49,--,1,3249,买盘,2017-07-04,2017-07-04 10:12:03
10:12:06,10:12:06,32.49,--,19,61731,买盘,2017-07-04,2017-07-04 10:12:06
10:12:09,10:12:09,32.49,--,8,25992,买盘,2017-07-04,2017-07-04 10:12:09
10:12:18,10:12:18,32.49,--,4,12996,卖盘,2017-07-04,2017-07-04 10:12:18
10:12:27,10:12:27,32.49,--,10,32490,买盘,2017-07-04,2017-07-04 10:12:27
10:12:30,10:12:30,32.49,--,4,12996,买盘,2017-07-04,2017-07-04 10:12:30
10:12:39,10:12:39,32.49,--,12,38988,卖盘,2017-07-04,2017-07-04 10:12:39
10:12:42,10:12:42,32.5,0.01,4,13000,买盘,2017-07-04,2017-07-04 10:12:42
10:12:45,10:12:45,32.5,--,4,13000,买盘,2017-07-04,2017-07-04 10:12:45
10:12:48,10:12:48,32.49,-0.01,5,16245,卖盘,2017-07-04,2017-07-04 10:12:48
10:12:51,10:12:51,32.52,0.03,23,74796,买盘,2017-07-04,2017-07-04 10:12:51
10:12:57,10:12:57,32.53,0.01,38,123614,买盘,2017-07-04,2017-07-04 10:12:57
10:13:06,10:13:06,32.53,--,2,6506,卖盘,2017-07-04,2017-07-04 10:13:06
10:13:09,10:13:09,32.55,0.02,3,9765,买盘,2017-07-04,2017-07-04 10:13:09
10:13:15,10:13:15,32.6,0.05,47,153220,买盘,2017-07-04,2017-07-04 10:13:15
10:13:18,10:13:18,32.55,-0.05,1,3254,卖盘,2017-07-04,2017-07-04 10:13:18
10:13:24,10:13:24,32.6,0.05,5,16300,买盘,2017-07-04,2017-07-04 10:13:24
10:13:27,10:13:27,32.56,-0.04,12,39072,卖盘,2017-07-04,2017-07-04 10:13:27
10:13:30,10:13:30,32.6,0.04,6,19560,买盘,2017-07-04,2017-07-04 10:13:30
10:13:36,10:13:36,32.6,--,7,22820,买盘,2017-07-04,2017-07-04 10:13:36
10:13:42,10:13:42,32.6,--,2,6520,买盘,2017-07-04,2017-07-04 10:13:42
10:13:45,10:13:45,32.6,--,16,52160,买盘,2017-07-04,2017-07-04 10:13:45
10:13:51,10:13:51,32.6,--,29,94540,买盘,2017-07-04,2017-07-04 10:13:51
10:13:54,10:13:54,32.6,--,10,32600,买盘,2017-07-04,2017-07-04 10:13:54
10:13:57,10:13:57,32.6,--,9,29340,买盘,2017-07-04,2017-07-04 10:13:57
10:14:06,10:14:06,32.6,--,4,13040,中性盘,2017-07-04,2017-07-04 10:14:06
10:14:09,10:14:09,32.6,--,8,26080,卖盘,2017-07-04,2017-07-04 10:14:09
10:14:12,10:14:12,32.6,--,10,32600,卖盘,2017-07-04,2017-07-04 10:14:12
10:14:21,10:14:21,32.58,-0.02,3,9774,卖盘,2017-07-04,2017-07-04 10:14:21
10:14:27,10:14:27,32.58,--,3,9774,卖盘,2017-07-04,2017-07-04 10:14:27
10:14:30,10:14:30,32.6,0.02,40,130400,买盘,2017-07-04,2017-07-04 10:14:30
10:14:39,10:14:39,32.57,-0.03,6,19542,卖盘,2017-07-04,2017-07-04 10:14:39
10:14:51,10:14:51,32.6,0.03,3,9780,买盘,2017-07-04,2017-07-04 10:14:51
10:14:54,10:14:54,32.58,-0.02,130,423540,卖盘,2017-07-04,2017-07-04 10:14:54
10:15:00,10:15:00,32.58,--,1,3258,卖盘,2017-07-04,2017-07-04 10:15:00
10:15:03,10:15:03,32.6,0.02,18,61809,买盘,2017-07-04,2017-07-04 10:15:03
10:15:06,10:15:06,32.6,--,10,32600,卖盘,2017-07-04,2017-07-04 10:15:06
10:15:09,10:15:09,32.6,--,6,19690,卖盘,2017-07-04,2017-07-04 10:15:09
10:15:21,10:15:21,32.58,-0.02,14,45612,卖盘,2017-07-04,2017-07-04 10:15:21
10:15:24,10:15:24,32.58,--,27,87966,卖盘,2017-07-04,2017-07-04 10:15:24
10:15:27,10:15:27,32.58,--,5,16290,卖盘,2017-07-04,2017-07-04 10:15:27
10:15:33,10:15:33,32.58,--,17,55386,卖盘,2017-07-04,2017-07-04 10:15:33
10:15:36,10:15:36,32.59,0.01,4,13036,买盘,2017-07-04,2017-07-04 10:15:36
10:15:42,10:15:42,32.59,--,10,32590,买盘,2017-07-04,2017-07-04 10:15:42
10:15:45,10:15:45,32.58,-0.01,2,6516,卖盘,2017-07-04,2017-07-04 10:15:45
10:15:48,10:15:48,32.59,0.01,1,3259,买盘,2017-07-04,2017-07-04 10:15:48
10:15:54,10:15:54,32.58,-0.01,2,6516,卖盘,2017-07-04,2017-07-04 10:15:54
10:15:57,10:15:57,32.58,--,1,3258,卖盘,2017-07-04,2017-07-04 10:15:57
10:16:00,10:16:00,32.58,--,12,39096,卖盘,2017-07-04,2017-07-04 10:16:00
10:16:03,10:16:03,32.59,0.01,3,9777,买盘,2017-07-04,2017-07-04 10:16:03
10:16:09,10:16:09,32.58,-0.01,44,143352,卖盘,2017-07-04,2017-07-04 10:16:09
10:16:12,10:16:12,32.59,0.01,22,71698,买盘,2017-07-04,2017-07-04 10:16:12
10:16:15,10:16:15,32.58,-0.01,5,16290,卖盘,2017-07-04,2017-07-04 10:16:15
10:16:18,10:16:18,32.58,--,10,32580,卖盘,2017-07-04,2017-07-04 10:16:18
10:16:21,10:16:21,32.58,--,3,9774,买盘,2017-07-04,2017-07-04 10:16:21
10:16:30,10:16:30,32.57,-0.01,6,19542,卖盘,2017-07-04,2017-07-04 10:16:30
10:16:36,10:16:36,32.57,--,14,45598,卖盘,2017-07-04,2017-07-04 10:16:36
10:16:45,10:16:45,32.57,--,4,13028,买盘,2017-07-04,2017-07-04 10:16:45
10:16:51,10:16:51,32.58,0.01,80,260640,买盘,2017-07-04,2017-07-04 10:16:51
10:16:54,10:16:54,32.56,-0.02,5,16280,卖盘,2017-07-04,2017-07-04 10:16:54
10:16:57,10:16:57,32.56,--,1,3256,卖盘,2017-07-04,2017-07-04 10:16:57
10:17:00,10:17:00,32.56,--,2,6512,卖盘,2017-07-04,2017-07-04 10:17:00
10:17:09,10:17:09,32.55,-0.01,4,13019,卖盘,2017-07-04,2017-07-04 10:17:09
10:17:21,10:17:21,32.58,0.03,10,32580,买盘,2017-07-04,2017-07-04 10:17:21
10:17:33,10:17:33,32.56,-0.02,1,3256,中性盘,2017-07-04,2017-07-04 10:17:33
10:17:45,10:17:45,32.55,-0.01,50,162750,卖盘,2017-07-04,2017-07-04 10:17:45
10:17:48,10:17:48,32.58,0.03,1,3258,买盘,2017-07-04,2017-07-04 10:17:48
10:17:54,10:17:54,32.58,--,15,48870,买盘,2017-07-04,2017-07-04 10:17:54
10:18:00,10:18:00,32.58,--,6,19548,买盘,2017-07-04,2017-07-04 10:18:00
10:18:06,10:18:06,32.58,--,8,26064,买盘,2017-07-04,2017-07-04 10:18:06
10:18:18,10:18:18,32.56,-0.02,2,6512,卖盘,2017-07-04,2017-07-04 10:18:18
10:18:21,10:18:21,32.58,0.02,1,3258,买盘,2017-07-04,2017-07-04 10:18:21
10:18:27,10:18:27,32.56,-0.02,7,22792,买盘,2017-07-04,2017-07-04 10:18:27
10:18:36,10:18:36,32.58,0.02,10,32580,买盘,2017-07-04,2017-07-04 10:18:36
10:18:54,10:18:54,32.58,--,7,22806,买盘,2017-07-04,2017-07-04 10:18:54
10:18:57,10:18:57,32.55,-0.03,2,6509,卖盘,2017-07-04,2017-07-04 10:18:57
10:19:00,10:19:00,32.55,--,1,3254,买盘,2017-07-04,2017-07-04 10:19:00
10:19:06,10:19:06,32.55,--,34,110669,卖盘,2017-07-04,2017-07-04 10:19:06
10:19:12,10:19:12,32.55,--,3,9765,卖盘,2017-07-04,2017-07-04 10:19:12
10:19:24,10:19:24,32.53,-0.02,3,9759,卖盘,2017-07-04,2017-07-04 10:19:24
10:19:27,10:19:27,32.55,0.02,3,9765,买盘,2017-07-04,2017-07-04 10:19:27
10:19:57,10:19:57,32.55,--,6,19530,买盘,2017-07-04,2017-07-04 10:19:57
10:20:06,10:20:06,32.57,0.02,4,13028,买盘,2017-07-04,2017-07-04 10:20:06
10:20:09,10:20:09,32.55,-0.02,1,3254,卖盘,2017-07-04,2017-07-04 10:20:09
10:20:18,10:20:18,32.55,--,14,45569,买盘,2017-07-04,2017-07-04 10:20:18
10:20:21,10:20:21,32.54,-0.01,26,84604,卖盘,2017-07-04,2017-07-04 10:20:21
10:20:30,10:20:30,32.53,-0.01,69,224457,卖盘,2017-07-04,2017-07-04 10:20:30
10:20:42,10:20:42,32.53,--,2,6506,卖盘,2017-07-04,2017-07-04 10:20:42
10:21:00,10:21:00,32.55,0.02,13,42314,买盘,2017-07-04,2017-07-04 10:21:00
10:21:03,10:21:03,32.53,-0.02,91,296023,卖盘,2017-07-04,2017-07-04 10:21:03
10:21:24,10:21:24,32.53,--,3,9759,卖盘,2017-07-04,2017-07-04 10:21:24
10:21:33,10:21:33,32.53,--,14,45542,卖盘,2017-07-04,2017-07-04 10:21:33
10:21:42,10:21:42,32.53,--,20,65060,卖盘,2017-07-04,2017-07-04 10:21:42
10:21:54,10:21:54,32.55,0.02,1,3254,买盘,2017-07-04,2017-07-04 10:21:54
10:22:03,10:22:03,32.53,-0.02,53,172409,卖盘,2017-07-04,2017-07-04 10:22:03
10:22:06,10:22:06,32.53,--,9,29277,卖盘,2017-07-04,2017-07-04 10:22:06
10:22:09,10:22:09,32.53,--,29,94337,卖盘,2017-07-04,2017-07-04 10:22:09
10:22:12,10:22:12,32.53,--,32,104096,卖盘,2017-07-04,2017-07-04 10:22:12
10:22:18,10:22:18,32.53,--,2,6506,卖盘,2017-07-04,2017-07-04 10:22:18
10:22:39,10:22:39,32.5,-0.03,1,3250,卖盘,2017-07-04,2017-07-04 10:22:39
10:22:57,10:22:57,32.5,--,4,13000,卖盘,2017-07-04,2017-07-04 10:22:57
10:23:00,10:23:00,32.5,--,5,16250,卖盘,2017-07-04,2017-07-04 10:23:00
10:23:06,10:23:06,32.5,--,5,16250,卖盘,2017-07-04,2017-07-04 10:23:06
10:23:12,10:23:12,32.49,-0.01,1,3249,卖盘,2017-07-04,2017-07-04 10:23:12
10:23:18,10:23:18,32.5,0.01,8,26000,买盘,2017-07-04,2017-07-04 10:23:18
10:23:24,10:23:24,32.49,-0.01,5,16245,卖盘,2017-07-04,2017-07-04 10:23:24
10:23:33,10:23:33,32.49,--,1,3249,卖盘,2017-07-04,2017-07-04 10:23:33
10:23:45,10:23:45,32.48,-0.01,9,29231,卖盘,2017-07-04,2017-07-04 10:23:45
10:23:48,10:23:48,32.48,--,1,3247,卖盘,2017-07-04,2017-07-04 10:23:48
10:23:54,10:23:54,32.48,--,3,9743,卖盘,2017-07-04,2017-07-04 10:23:54
10:24:12,10:24:12,32.48,--,1,3247,买盘,2017-07-04,2017-07-04 10:24:12
10:24:15,10:24:15,32.48,--,2,6495,卖盘,2017-07-04,2017-07-04 10:24:15
10:24:18,10:24:18,32.47,-0.01,31,100657,卖盘,2017-07-04,2017-07-04 10:24:18
10:24:21,10:24:21,32.47,--,3,9741,卖盘,2017-07-04,2017-07-04 10:24:21
10:24:24,10:24:24,32.49,0.02,12,38988,买盘,2017-07-04,2017-07-04 10:24:24
10:24:27,10:24:27,32.47,-0.02,1,3247,卖盘,2017-07-04,2017-07-04 10:24:27
10:24:39,10:24:39,32.47,--,2,6494,卖盘,2017-07-04,2017-07-04 10:24:39
10:24:42,10:24:42,32.47,--,1,3247,卖盘,2017-07-04,2017-07-04 10:24:42
10:24:57,10:24:57,32.47,--,10,32470,卖盘,2017-07-04,2017-07-04 10:24:57
10:25:06,10:25:06,32.48,0.01,1,3247,中性盘,2017-07-04,2017-07-04 10:25:06
10:25:09,10:25:09,32.47,-0.01,8,25976,卖盘,2017-07-04,2017-07-04 10:25:09
10:25:12,10:25:12,32.48,0.01,13,42223,买盘,2017-07-04,2017-07-04 10:25:12
10:25:18,10:25:18,32.47,-0.01,9,29223,卖盘,2017-07-04,2017-07-04 10:25:18
10:25:24,10:25:24,32.47,--,1,3247,卖盘,2017-07-04,2017-07-04 10:25:24
10:25:33,10:25:33,32.46,-0.01,6,19476,卖盘,2017-07-04,2017-07-04 10:25:33
10:25:39,10:25:39,32.47,0.01,3,9741,买盘,2017-07-04,2017-07-04 10:25:39
10:25:42,10:25:42,32.46,-0.01,4,12984,卖盘,2017-07-04,2017-07-04 10:25:42
10:25:45,10:25:45,32.45,-0.01,1,3245,卖盘,2017-07-04,2017-07-04 10:25:45
10:25:51,10:25:51,32.46,0.01,1,3246,买盘,2017-07-04,2017-07-04 10:25:51
10:25:57,10:25:57,32.46,--,2,6492,卖盘,2017-07-04,2017-07-04 10:25:57
10:26:03,10:26:03,32.45,-0.01,9,29205,卖盘,2017-07-04,2017-07-04 10:26:03
10:26:12,10:26:12,32.46,0.01,1,3246,买盘,2017-07-04,2017-07-04 10:26:12
10:26:24,10:26:24,32.45,-0.01,5,16225,卖盘,2017-07-04,2017-07-04 10:26:24
10:26:27,10:26:27,32.45,--,37,120065,卖盘,2017-07-04,2017-07-04 10:26:27
10:26:48,10:26:48,32.44,-0.01,7,22708,卖盘,2017-07-04,2017-07-04 10:26:48
10:26:57,10:26:57,32.44,--,3,9732,卖盘,2017-07-04,2017-07-04 10:26:57
10:27:12,10:27:12,32.43,-0.01,2,6486,卖盘,2017-07-04,2017-07-04 10:27:12
10:27:15,10:27:15,32.44,0.01,30,97320,买盘,2017-07-04,2017-07-04 10:27:15
10:27:21,10:27:21,32.43,-0.01,10,32430,买盘,2017-07-04,2017-07-04 10:27:21
10:27:24,10:27:24,32.42,-0.01,12,38904,卖盘,2017-07-04,2017-07-04 10:27:24
10:27:30,10:27:30,32.44,0.02,2,6488,买盘,2017-07-04,2017-07-04 10:27:30
10:27:33,10:27:33,32.43,-0.01,1,3243,中性盘,2017-07-04,2017-07-04 10:27:33
10:27:36,10:27:36,32.42,-0.01,23,74566,卖盘,2017-07-04,2017-07-04 10:27:36
10:27:48,10:27:48,32.43,0.01,4,12972,中性盘,2017-07-04,2017-07-04 10:27:48
10:27:51,10:27:51,32.43,--,61,197823,买盘,2017-07-04,2017-07-04 10:27:51
10:28:06,10:28:06,32.43,--,12,38916,买盘,2017-07-04,2017-07-04 10:28:06
10:28:45,10:28:45,32.43,--,36,116748,买盘,2017-07-04,2017-07-04 10:28:45
10:28:48,10:28:48,32.43,--,1,3243,卖盘,2017-07-04,2017-07-04 10:28:48
10:28:54,10:28:54,32.45,0.02,23,74635,买盘,2017-07-04,2017-07-04 10:28:54
10:29:09,10:29:09,32.45,--,3,9735,卖盘,2017-07-04,2017-07-04 10:29:09
10:29:12,10:29:12,32.49,0.04,20,64980,买盘,2017-07-04,2017-07-04 10:29:12
10:29:21,10:29:21,32.46,-0.03,1,3246,中性盘,2017-07-04,2017-07-04 10:29:21
10:29:24,10:29:24,32.49,0.03,3,9747,买盘,2017-07-04,2017-07-04 10:29:24
10:29:27,10:29:27,32.49,--,3,9747,买盘,2017-07-04,2017-07-04 10:29:27
10:29:45,10:29:45,32.5,0.01,15,48750,买盘,2017-07-04,2017-07-04 10:29:45
10:29:54,10:29:54,32.5,--,1,3250,卖盘,2017-07-04,2017-07-04 10:29:54
10:29:57,10:29:57,32.53,0.03,1,3253,买盘,2017-07-04,2017-07-04 10:29:57
10:30:06,10:30:06,32.55,0.02,2,6509,买盘,2017-07-04,2017-07-04 10:30:06
10:30:09,10:30:09,32.55,--,18,58589,买盘,2017-07-04,2017-07-04 10:30:09
10:30:15,10:30:15,32.57,0.02,8,26056,买盘,2017-07-04,2017-07-04 10:30:15
10:30:21,10:30:21,32.55,-0.02,1,3254,卖盘,2017-07-04,2017-07-04 10:30:21
10:30:27,10:30:27,32.57,0.02,8,26056,买盘,2017-07-04,2017-07-04 10:30:27
10:30:45,10:30:45,32.57,--,20,65140,买盘,2017-07-04,2017-07-04 10:30:45
10:30:51,10:30:51,32.57,--,4,13028,卖盘,2017-07-04,2017-07-04 10:30:51
10:30:57,10:30:57,32.58,0.01,7,22806,买盘,2017-07-04,2017-07-04 10:30:57
10:31:00,10:31:00,32.57,-0.01,1,3257,卖盘,2017-07-04,2017-07-04 10:31:00
10:31:12,10:31:12,32.57,--,3,9771,卖盘,2017-07-04,2017-07-04 10:31:12
10:31:15,10:31:15,32.57,--,2,6514,卖盘,2017-07-04,2017-07-04 10:31:15
10:31:18,10:31:18,32.57,--,1,3257,卖盘,2017-07-04,2017-07-04 10:31:18
10:31:24,10:31:24,32.57,--,4,13028,卖盘,2017-07-04,2017-07-04 10:31:24
10:31:33,10:31:33,32.55,-0.02,10,32549,卖盘,2017-07-04,2017-07-04 10:31:33
10:31:57,10:31:57,32.53,-0.02,2,6506,卖盘,2017-07-04,2017-07-04 10:31:57
10:32:06,10:32:06,32.53,--,3,9759,买盘,2017-07-04,2017-07-04 10:32:06
10:32:09,10:32:09,32.5,-0.03,2,6500,卖盘,2017-07-04,2017-07-04 10:32:09
10:32:12,10:32:12,32.5,--,4,13000,卖盘,2017-07-04,2017-07-04 10:32:12
10:32:15,10:32:15,32.53,0.03,3,9759,买盘,2017-07-04,2017-07-04 10:32:15
10:32:18,10:32:18,32.53,--,27,87831,卖盘,2017-07-04,2017-07-04 10:32:18
10:32:21,10:32:21,32.53,--,2,6506,卖盘,2017-07-04,2017-07-04 10:32:21
10:32:27,10:32:27,32.53,--,1,3253,卖盘,2017-07-04,2017-07-04 10:32:27
10:32:36,10:32:36,32.53,--,17,55301,卖盘,2017-07-04,2017-07-04 10:32:36
10:32:42,10:32:42,32.55,0.02,9,29294,买盘,2017-07-04,2017-07-04 10:32:42
10:32:54,10:32:54,32.54,-0.01,1,3254,中性盘,2017-07-04,2017-07-04 10:32:54
10:32:57,10:32:57,32.55,0.01,1,3254,买盘,2017-07-04,2017-07-04 10:32:57
10:33:06,10:33:06,32.53,-0.02,5,16265,卖盘,2017-07-04,2017-07-04 10:33:06
10:33:18,10:33:18,32.53,--,6,19518,卖盘,2017-07-04,2017-07-04 10:33:18
10:33:24,10:33:24,32.53,--,2,6506,中性盘,2017-07-04,2017-07-04 10:33:24
10:33:39,10:33:39,32.55,0.02,13,42314,买盘,2017-07-04,2017-07-04 10:33:39
10:33:48,10:33:48,32.53,-0.02,6,19518,卖盘,2017-07-04,2017-07-04 10:33:48
10:34:03,10:34:03,32.53,--,2,6506,卖盘,2017-07-04,2017-07-04 10:34:03
10:34:12,10:34:12,32.53,--,11,35783,卖盘,2017-07-04,2017-07-04 10:34:12
10:34:15,10:34:15,32.53,--,9,29277,卖盘,2017-07-04,2017-07-04 10:34:15
10:34:18,10:34:18,32.53,--,2,6506,卖盘,2017-07-04,2017-07-04 10:34:18
10:34:21,10:34:21,32.53,--,1,3253,卖盘,2017-07-04,2017-07-04 10:34:21
10:34:24,10:34:24,32.53,--,18,58554,卖盘,2017-07-04,2017-07-04 10:34:24
10:34:48,10:34:48,32.5,-0.03,2,6500,卖盘,2017-07-04,2017-07-04 10:34:48
10:34:51,10:34:51,32.52,0.02,7,22764,买盘,2017-07-04,2017-07-04 10:34:51
10:35:00,10:35:00,32.5,-0.02,8,26000,卖盘,2017-07-04,2017-07-04 10:35:00
10:35:06,10:35:06,32.5,--,5,16250,卖盘,2017-07-04,2017-07-04 10:35:06
10:35:12,10:35:12,32.52,0.02,11,35772,买盘,2017-07-04,2017-07-04 10:35:12
10:35:21,10:35:21,32.5,-0.02,7,22750,卖盘,2017-07-04,2017-07-04 10:35:21
10:35:42,10:35:42,32.5,--,1,3250,买盘,2017-07-04,2017-07-04 10:35:42
10:35:51,10:35:51,32.53,0.03,22,71566,买盘,2017-07-04,2017-07-04 10:35:51
10:35:57,10:35:57,32.5,-0.03,3,9750,中性盘,2017-07-04,2017-07-04 10:35:57
10:36:00,10:36:00,32.5,--,3,9750,卖盘,2017-07-04,2017-07-04 10:36:00
10:36:06,10:36:06,32.53,0.03,1,3253,买盘,2017-07-04,2017-07-04 10:36:06
10:36:18,10:36:18,32.52,-0.01,2,6504,中性盘,2017-07-04,2017-07-04 10:36:18
10:36:27,10:36:27,32.52,--,3,9756,买盘,2017-07-04,2017-07-04 10:36:27
10:36:33,10:36:33,32.52,--,2,6504,卖盘,2017-07-04,2017-07-04 10:36:33
10:37:15,10:37:15,32.52,--,2,6504,卖盘,2017-07-04,2017-07-04 10:37:15
10:37:21,10:37:21,32.53,0.01,7,22771,买盘,2017-07-04,2017-07-04 10:37:21
10:37:30,10:37:30,32.54,0.01,20,65080,买盘,2017-07-04,2017-07-04 10:37:30
10:37:42,10:37:42,32.54,--,13,42302,中性盘,2017-07-04,2017-07-04 10:37:42
10:37:54,10:37:54,32.54,--,31,100874,卖盘,2017-07-04,2017-07-04 10:37:54
10:37:57,10:37:57,32.55,0.01,2,6509,买盘,2017-07-04,2017-07-04 10:37:57
10:38:03,10:38:03,32.55,--,4,13019,买盘,2017-07-04,2017-07-04 10:38:03
10:38:06,10:38:06,32.55,--,17,55334,买盘,2017-07-04,2017-07-04 10:38:06
10:38:09,10:38:09,32.55,--,5,16274,买盘,2017-07-04,2017-07-04 10:38:09
10:38:15,10:38:15,32.56,0.01,54,175824,买盘,2017-07-04,2017-07-04 10:38:15
10:38:18,10:38:18,32.54,-0.02,26,84604,卖盘,2017-07-04,2017-07-04 10:38:18
10:38:30,10:38:30,32.54,--,10,32540,买盘,2017-07-04,2017-07-04 10:38:30
10:38:39,10:38:39,32.54,--,3,9762,买盘,2017-07-04,2017-07-04 10:38:39
10:38:45,10:38:45,32.54,--,29,94366,买盘,2017-07-04,2017-07-04 10:38:45
10:38:57,10:38:57,32.54,--,6,19524,卖盘,2017-07-04,2017-07-04 10:38:57
10:39:00,10:39:00,32.54,--,1,3254,卖盘,2017-07-04,2017-07-04 10:39:00
10:39:12,10:39:12,32.54,--,8,26032,卖盘,2017-07-04,2017-07-04 10:39:12
10:39:24,10:39:24,32.54,--,4,13016,买盘,2017-07-04,2017-07-04 10:39:24
10:39:27,10:39:27,32.5,-0.04,1,3250,卖盘,2017-07-04,2017-07-04 10:39:27
10:39:39,10:39:39,32.54,0.04,10,32540,买盘,2017-07-04,2017-07-04 10:39:39
10:39:54,10:39:54,32.5,-0.04,8,26000,卖盘,2017-07-04,2017-07-04 10:39:54
10:40:03,10:40:03,32.5,--,6,19500,买盘,2017-07-04,2017-07-04 10:40:03
10:40:06,10:40:06,32.49,-0.01,2,6498,卖盘,2017-07-04,2017-07-04 10:40:06
10:40:12,10:40:12,32.49,--,2,6498,卖盘,2017-07-04,2017-07-04 10:40:12
10:40:21,10:40:21,32.49,--,6,19494,卖盘,2017-07-04,2017-07-04 10:40:21
10:40:30,10:40:30,32.49,--,8,25992,卖盘,2017-07-04,2017-07-04 10:40:30
10:40:39,10:40:39,32.49,--,1,3249,卖盘,2017-07-04,2017-07-04 10:40:39
10:40:51,10:40:51,32.46,-0.03,1,3246,卖盘,2017-07-04,2017-07-04 10:40:51
10:41:03,10:41:03,32.46,--,2,6492,卖盘,2017-07-04,2017-07-04 10:41:03
10:41:06,10:41:06,32.46,--,2,6492,卖盘,2017-07-04,2017-07-04 10:41:06
10:41:12,10:41:12,32.46,--,1,3246,买盘,2017-07-04,2017-07-04 10:41:12
10:41:15,10:41:15,32.48,0.02,6,19487,买盘,2017-07-04,2017-07-04 10:41:15
10:41:21,10:41:21,32.45,-0.03,1,3245,卖盘,2017-07-04,2017-07-04 10:41:21
10:41:24,10:41:24,32.45,--,17,55165,卖盘,2017-07-04,2017-07-04 10:41:24
10:41:30,10:41:30,32.44,-0.01,9,29195,卖盘,2017-07-04,2017-07-04 10:41:30
10:41:45,10:41:45,32.43,-0.01,1,3243,卖盘,2017-07-04,2017-07-04 10:41:45
10:41:57,10:41:57,32.43,--,2,6486,卖盘,2017-07-04,2017-07-04 10:41:57
10:42:00,10:42:00,32.43,--,10,32430,卖盘,2017-07-04,2017-07-04 10:42:00
10:42:03,10:42:03,32.43,--,4,12972,卖盘,2017-07-04,2017-07-04 10:42:03
10:42:18,10:42:18,32.41,-0.02,10,32409,卖盘,2017-07-04,2017-07-04 10:42:18
10:42:24,10:42:24,32.41,--,20,64819,卖盘,2017-07-04,2017-07-04 10:42:24
10:42:27,10:42:27,32.4,-0.01,27,87480,卖盘,2017-07-04,2017-07-04 10:42:27
10:42:42,10:42:42,32.4,--,2,6480,卖盘,2017-07-04,2017-07-04 10:42:42
10:42:48,10:42:48,32.38,-0.02,7,22666,卖盘,2017-07-04,2017-07-04 10:42:48
10:42:54,10:42:54,32.4,0.02,26,84240,买盘,2017-07-04,2017-07-04 10:42:54
10:42:57,10:42:57,32.4,--,14,45360,卖盘,2017-07-04,2017-07-04 10:42:57
10:43:03,10:43:03,32.4,--,4,12960,买盘,2017-07-04,2017-07-04 10:43:03
10:43:06,10:43:06,32.4,--,3,9720,卖盘,2017-07-04,2017-07-04 10:43:06
10:43:09,10:43:09,32.38,-0.02,1,3238,卖盘,2017-07-04,2017-07-04 10:43:09
10:43:15,10:43:15,32.38,--,1,3238,卖盘,2017-07-04,2017-07-04 10:43:15
10:43:27,10:43:27,32.37,-0.01,42,135954,卖盘,2017-07-04,2017-07-04 10:43:27
10:43:39,10:43:39,32.36,-0.01,2,6472,卖盘,2017-07-04,2017-07-04 10:43:39
10:43:45,10:43:45,32.36,--,10,32360,卖盘,2017-07-04,2017-07-04 10:43:45
10:43:48,10:43:48,32.37,0.01,24,77688,买盘,2017-07-04,2017-07-04 10:43:48
10:43:51,10:43:51,32.36,-0.01,21,67956,卖盘,2017-07-04,2017-07-04 10:43:51
10:44:12,10:44:12,32.35,-0.01,2,6470,卖盘,2017-07-04,2017-07-04 10:44:12
10:44:21,10:44:21,32.35,--,10,32350,卖盘,2017-07-04,2017-07-04 10:44:21
10:44:30,10:44:30,32.36,0.01,5,16180,买盘,2017-07-04,2017-07-04 10:44:30
10:44:39,10:44:39,32.36,--,2,6472,买盘,2017-07-04,2017-07-04 10:44:39
10:44:48,10:44:48,32.36,--,5,16180,买盘,2017-07-04,2017-07-04 10:44:48
10:44:51,10:44:51,32.35,-0.01,4,12940,卖盘,2017-07-04,2017-07-04 10:44:51
10:44:57,10:44:57,32.34,-0.01,5,16170,卖盘,2017-07-04,2017-07-04 10:44:57
10:45:00,10:45:00,32.35,0.01,6,19410,买盘,2017-07-04,2017-07-04 10:45:00
10:45:09,10:45:09,32.34,-0.01,5,16170,卖盘,2017-07-04,2017-07-04 10:45:09
10:45:21,10:45:21,32.34,--,9,29106,买盘,2017-07-04,2017-07-04 10:45:21
10:45:24,10:45:24,32.34,--,5,16170,买盘,2017-07-04,2017-07-04 10:45:24
10:45:33,10:45:33,32.33,-0.01,13,42029,卖盘,2017-07-04,2017-07-04 10:45:33
10:45:42,10:45:42,32.34,0.01,1,3234,中性盘,2017-07-04,2017-07-04 10:45:42
10:45:54,10:45:54,32.35,0.01,13,42055,买盘,2017-07-04,2017-07-04 10:45:54
10:46:03,10:46:03,32.35,--,6,19410,卖盘,2017-07-04,2017-07-04 10:46:03
10:46:18,10:46:18,32.35,--,2,6470,卖盘,2017-07-04,2017-07-04 10:46:18
10:46:27,10:46:27,32.36,0.01,54,174744,买盘,2017-07-04,2017-07-04 10:46:27
10:46:30,10:46:30,32.36,--,5,16180,买盘,2017-07-04,2017-07-04 10:46:30
10:46:33,10:46:33,32.36,--,2,6472,买盘,2017-07-04,2017-07-04 10:46:33
10:46:36,10:46:36,32.36,--,1,3236,买盘,2017-07-04,2017-07-04 10:46:36
10:46:39,10:46:39,32.36,--,3,9708,买盘,2017-07-04,2017-07-04 10:46:39
10:46:42,10:46:42,32.35,-0.01,3,9705,卖盘,2017-07-04,2017-07-04 10:46:42
10:46:45,10:46:45,32.36,0.01,54,174744,买盘,2017-07-04,2017-07-04 10:46:45
10:46:51,10:46:51,32.36,--,10,32360,买盘,2017-07-04,2017-07-04 10:46:51
10:46:54,10:46:54,32.36,--,5,16180,买盘,2017-07-04,2017-07-04 10:46:54
10:46:57,10:46:57,32.36,--,3,12814,买盘,2017-07-04,2017-07-04 10:46:57
10:47:24,10:47:24,32.37,0.01,5,16184,中性盘,2017-07-04,2017-07-04 10:47:24
10:47:27,10:47:27,32.37,--,1,3236,卖盘,2017-07-04,2017-07-04 10:47:27
10:47:36,10:47:36,32.38,0.01,1,3238,中性盘,2017-07-04,2017-07-04 10:47:36
10:47:45,10:47:45,32.4,0.02,2,6480,买盘,2017-07-04,2017-07-04 10:47:45
10:47:54,10:47:54,32.4,--,2,6480,买盘,2017-07-04,2017-07-04 10:47:54
10:48:00,10:48:00,32.4,--,6,19440,买盘,2017-07-04,2017-07-04 10:48:00
10:48:06,10:48:06,32.4,--,1,3240,买盘,2017-07-04,2017-07-04 10:48:06
10:48:09,10:48:09,32.4,--,3,9720,买盘,2017-07-04,2017-07-04 10:48:09
10:48:21,10:48:21,32.38,-0.02,8,25904,卖盘,2017-07-04,2017-07-04 10:48:21
10:48:36,10:48:36,32.38,--,15,48570,卖盘,2017-07-04,2017-07-04 10:48:36
10:48:45,10:48:45,32.4,0.02,3,9720,买盘,2017-07-04,2017-07-04 10:48:45
10:49:45,10:49:45,32.44,0.04,3,9732,中性盘,2017-07-04,2017-07-04 10:49:45
10:49:57,10:49:57,32.42,-0.02,8,25936,卖盘,2017-07-04,2017-07-04 10:49:57
10:50:00,10:50:00,32.42,--,9,29178,卖盘,2017-07-04,2017-07-04 10:50:00
10:50:36,10:50:36,32.4,-0.02,1,3240,卖盘,2017-07-04,2017-07-04 10:50:36
10:50:39,10:50:39,32.42,0.02,7,22694,买盘,2017-07-04,2017-07-04 10:50:39
10:50:48,10:50:48,32.44,0.02,1,3244,买盘,2017-07-04,2017-07-04 10:50:48
10:50:54,10:50:54,32.4,-0.04,5,16200,卖盘,2017-07-04,2017-07-04 10:50:54
10:51:03,10:51:03,32.4,--,1,3240,买盘,2017-07-04,2017-07-04 10:51:03
10:51:06,10:51:06,32.41,0.01,6,19445,卖盘,2017-07-04,2017-07-04 10:51:06
10:51:15,10:51:15,32.38,-0.03,10,32380,卖盘,2017-07-04,2017-07-04 10:51:15
10:51:39,10:51:39,32.38,--,37,119806,卖盘,2017-07-04,2017-07-04 10:51:39
10:51:54,10:51:54,32.36,-0.02,3,9708,卖盘,2017-07-04,2017-07-04 10:51:54
10:52:06,10:52:06,32.36,--,4,12944,卖盘,2017-07-04,2017-07-04 10:52:06
10:52:12,10:52:12,32.36,--,4,12944,卖盘,2017-07-04,2017-07-04 10:52:12
10:52:24,10:52:24,32.36,--,10,32360,卖盘,2017-07-04,2017-07-04 10:52:24
10:52:39,10:52:39,32.36,--,2,6472,卖盘,2017-07-04,2017-07-04 10:52:39
10:52:42,10:52:42,32.36,--,2,6472,卖盘,2017-07-04,2017-07-04 10:52:42
10:52:48,10:52:48,32.36,--,1,3236,卖盘,2017-07-04,2017-07-04 10:52:48
10:52:54,10:52:54,32.38,0.02,1,3238,买盘,2017-07-04,2017-07-04 10:52:54
10:52:57,10:52:57,32.36,-0.02,1,3236,卖盘,2017-07-04,2017-07-04 10:52:57
10:53:03,10:53:03,32.35,-0.01,5,16175,卖盘,2017-07-04,2017-07-04 10:53:03
10:53:15,10:53:15,32.35,--,1,3364,卖盘,2017-07-04,2017-07-04 10:53:15
10:53:45,10:53:45,32.35,--,0,3105,买盘,2017-07-04,2017-07-04 10:53:45
10:54:33,10:54:33,32.35,--,5,16175,卖盘,2017-07-04,2017-07-04 10:54:33
10:54:42,10:54:42,32.38,0.03,5,16190,买盘,2017-07-04,2017-07-04 10:54:42
10:55:03,10:55:03,32.42,0.04,12,38904,买盘,2017-07-04,2017-07-04 10:55:03
10:55:12,10:55:12,32.4,-0.02,2,6480,买盘,2017-07-04,2017-07-04 10:55:12
10:55:42,10:55:42,32.4,--,1,3240,中性盘,2017-07-04,2017-07-04 10:55:42
10:56:09,10:56:09,32.36,-0.04,3,9708,中性盘,2017-07-04,2017-07-04 10:56:09
10:56:24,10:56:24,32.4,0.04,1,3240,买盘,2017-07-04,2017-07-04 10:56:24
10:56:36,10:56:36,32.42,0.02,10,32420,买盘,2017-07-04,2017-07-04 10:56:36
10:56:54,10:56:54,32.4,-0.02,7,22680,中性盘,2017-07-04,2017-07-04 10:56:54
10:57:09,10:57:09,32.4,--,4,12960,买盘,2017-07-04,2017-07-04 10:57:09
10:57:39,10:57:39,32.42,0.02,1,3242,买盘,2017-07-04,2017-07-04 10:57:39
10:58:06,10:58:06,32.4,-0.02,1,3240,卖盘,2017-07-04,2017-07-04 10:58:06
10:59:48,10:59:48,32.38,-0.02,10,32380,卖盘,2017-07-04,2017-07-04 10:59:48
10:59:51,10:59:51,32.38,--,1,3238,卖盘,2017-07-04,2017-07-04 10:59:51
10:59:54,10:59:54,32.38,--,6,19428,卖盘,2017-07-04,2017-07-04 10:59:54
11:00:06,11:00:06,32.36,-0.02,13,42068,卖盘,2017-07-04,2017-07-04 11:00:06
11:00:24,11:00:24,32.35,-0.01,17,54995,卖盘,2017-07-04,2017-07-04 11:00:24
11:00:48,11:00:48,32.36,0.01,2,6472,中性盘,2017-07-04,2017-07-04 11:00:48
11:00:54,11:00:54,32.35,-0.01,23,74405,卖盘,2017-07-04,2017-07-04 11:00:54
11:01:15,11:01:15,32.35,--,0,129,卖盘,2017-07-04,2017-07-04 11:01:15
11:01:45,11:01:45,32.34,-0.01,20,64680,卖盘,2017-07-04,2017-07-04 11:01:45
11:02:03,11:02:03,32.33,-0.01,5,19268,卖盘,2017-07-04,2017-07-04 11:02:03
11:02:09,11:02:09,32.36,0.03,1,3236,买盘,2017-07-04,2017-07-04 11:02:09
11:02:12,11:02:12,32.33,-0.03,31,100223,卖盘,2017-07-04,2017-07-04 11:02:12
11:02:24,11:02:24,32.33,--,10,32330,卖盘,2017-07-04,2017-07-04 11:02:24
11:02:30,11:02:30,32.33,--,2,6466,卖盘,2017-07-04,2017-07-04 11:02:30
11:02:33,11:02:33,32.33,--,0,129,卖盘,2017-07-04,2017-07-04 11:02:33
11:02:54,11:02:54,32.31,-0.02,20,64620,卖盘,2017-07-04,2017-07-04 11:02:54
11:03:18,11:03:18,32.32,0.01,3,9696,中性盘,2017-07-04,2017-07-04 11:03:18
11:03:36,11:03:36,32.32,--,1,3232,卖盘,2017-07-04,2017-07-04 11:03:36
11:03:39,11:03:39,32.32,--,5,16160,买盘,2017-07-04,2017-07-04 11:03:39
11:04:06,11:04:06,32.3,-0.02,79,255169,卖盘,2017-07-04,2017-07-04 11:04:06
11:04:15,11:04:15,32.32,0.02,1,3232,中性盘,2017-07-04,2017-07-04 11:04:15
11:04:30,11:04:30,32.33,0.01,4,16035,买盘,2017-07-04,2017-07-04 11:04:30
11:04:57,11:04:57,32.33,--,3,9699,卖盘,2017-07-04,2017-07-04 11:04:57
11:05:03,11:05:03,32.33,--,6,19398,卖盘,2017-07-04,2017-07-04 11:05:03
11:05:15,11:05:15,32.33,--,1,3233,买盘,2017-07-04,2017-07-04 11:05:15
11:05:18,11:05:18,32.32,-0.01,14,45248,卖盘,2017-07-04,2017-07-04 11:05:18
11:05:30,11:05:30,32.3,-0.02,1,3229,卖盘,2017-07-04,2017-07-04 11:05:30
11:06:00,11:06:00,32.3,--,2,6459,卖盘,2017-07-04,2017-07-04 11:06:00
11:06:12,11:06:12,32.3,--,5,16149,卖盘,2017-07-04,2017-07-04 11:06:12
11:06:21,11:06:21,32.3,--,1,3229,卖盘,2017-07-04,2017-07-04 11:06:21
11:06:36,11:06:36,32.3,--,3,9690,卖盘,2017-07-04,2017-07-04 11:06:36
11:06:45,11:06:45,32.27,-0.03,1,3227,卖盘,2017-07-04,2017-07-04 11:06:45
11:06:48,11:06:48,32.26,-0.01,20,64519,卖盘,2017-07-04,2017-07-04 11:06:48
11:07:06,11:07:06,32.26,--,1,3226,卖盘,2017-07-04,2017-07-04 11:07:06
11:07:18,11:07:18,32.31,0.05,4,12924,买盘,2017-07-04,2017-07-04 11:07:18
11:07:33,11:07:33,32.26,-0.05,1,3226,中性盘,2017-07-04,2017-07-04 11:07:33
11:07:39,11:07:39,32.26,--,9,29034,买盘,2017-07-04,2017-07-04 11:07:39
11:08:15,11:08:15,32.26,--,7,22582,卖盘,2017-07-04,2017-07-04 11:08:15
11:08:33,11:08:33,32.26,--,1,3226,卖盘,2017-07-04,2017-07-04 11:08:33
11:08:36,11:08:36,32.26,--,3,9678,卖盘,2017-07-04,2017-07-04 11:08:36
11:09:15,11:09:15,32.26,--,1,3226,卖盘,2017-07-04,2017-07-04 11:09:15
11:09:36,11:09:36,32.26,--,3,9678,卖盘,2017-07-04,2017-07-04 11:09:36
11:09:45,11:09:45,32.28,0.02,1,3228,买盘,2017-07-04,2017-07-04 11:09:45
11:09:51,11:09:51,32.28,--,1,3228,买盘,2017-07-04,2017-07-04 11:09:51
11:09:57,11:09:57,32.28,--,5,16140,卖盘,2017-07-04,2017-07-04 11:09:57
11:10:06,11:10:06,32.28,--,5,16140,卖盘,2017-07-04,2017-07-04 11:10:06
11:10:39,11:10:39,32.27,-0.01,1,3227,卖盘,2017-07-04,2017-07-04 11:10:39
11:11:00,11:11:00,32.27,--,5,16135,卖盘,2017-07-04,2017-07-04 11:11:00
11:11:09,11:11:09,32.27,--,1,3227,卖盘,2017-07-04,2017-07-04 11:11:09
11:11:18,11:11:18,32.27,--,6,19362,卖盘,2017-07-04,2017-07-04 11:11:18
11:11:24,11:11:24,32.27,--,3,9681,买盘,2017-07-04,2017-07-04 11:11:24
11:11:48,11:11:48,32.24,-0.03,32,103168,卖盘,2017-07-04,2017-07-04 11:11:48
11:11:57,11:11:57,32.24,--,8,25792,买盘,2017-07-04,2017-07-04 11:11:57
11:12:06,11:12:06,32.24,--,7,22568,卖盘,2017-07-04,2017-07-04 11:12:06
11:12:18,11:12:18,32.24,--,3,9672,卖盘,2017-07-04,2017-07-04 11:12:18
11:12:36,11:12:36,32.24,--,10,32240,买盘,2017-07-04,2017-07-04 11:12:36
11:12:42,11:12:42,32.23,-0.01,1,3222,卖盘,2017-07-04,2017-07-04 11:12:42
11:12:45,11:12:45,32.23,--,2,6445,卖盘,2017-07-04,2017-07-04 11:12:45
11:12:54,11:12:54,32.21,-0.02,8,25768,卖盘,2017-07-04,2017-07-04 11:12:54
11:13:00,11:13:00,32.23,0.02,15,48344,买盘,2017-07-04,2017-07-04 11:13:00
11:13:09,11:13:09,32.21,-0.02,2,6442,卖盘,2017-07-04,2017-07-04 11:13:09
11:13:27,11:13:27,32.21,--,20,64420,买盘,2017-07-04,2017-07-04 11:13:27
11:13:36,11:13:36,32.21,--,11,35431,买盘,2017-07-04,2017-07-04 11:13:36
11:13:39,11:13:39,32.21,--,2,6442,买盘,2017-07-04,2017-07-04 11:13:39
11:13:42,11:13:42,32.2,-0.01,47,151340,卖盘,2017-07-04,2017-07-04 11:13:42
11:13:51,11:13:51,32.17,-0.03,6,19302,卖盘,2017-07-04,2017-07-04 11:13:51
11:13:54,11:13:54,32.2,0.03,3,9660,买盘,2017-07-04,2017-07-04 11:13:54
11:14:00,11:14:00,32.2,--,7,22540,卖盘,2017-07-04,2017-07-04 11:14:00
11:14:03,11:14:03,32.18,-0.02,1,3218,卖盘,2017-07-04,2017-07-04 11:14:03
11:14:18,11:14:18,32.2,0.02,2,6440,买盘,2017-07-04,2017-07-04 11:14:18
11:14:24,11:14:24,32.2,--,10,32200,买盘,2017-07-04,2017-07-04 11:14:24
11:14:27,11:14:27,32.2,--,8,25760,买盘,2017-07-04,2017-07-04 11:14:27
11:14:33,11:14:33,32.23,0.03,2,6445,买盘,2017-07-04,2017-07-04 11:14:33
11:14:39,11:14:39,32.2,-0.03,5,16100,卖盘,2017-07-04,2017-07-04 11:14:39
11:14:42,11:14:42,32.23,0.03,2,6445,中性盘,2017-07-04,2017-07-04 11:14:42
11:15:03,11:15:03,32.21,-0.02,48,154608,买盘,2017-07-04,2017-07-04 11:15:03
11:15:24,11:15:24,32.24,0.03,7,22568,买盘,2017-07-04,2017-07-04 11:15:24
11:15:36,11:15:36,32.27,0.03,3,9681,买盘,2017-07-04,2017-07-04 11:15:36
11:15:39,11:15:39,32.27,--,3,9681,买盘,2017-07-04,2017-07-04 11:15:39
11:16:15,11:16:15,32.24,-0.03,5,16120,卖盘,2017-07-04,2017-07-04 11:16:15
11:16:45,11:16:45,32.27,0.03,13,41951,买盘,2017-07-04,2017-07-04 11:16:45
11:16:48,11:16:48,32.28,0.01,14,45192,买盘,2017-07-04,2017-07-04 11:16:48
11:17:09,11:17:09,32.22,-0.06,8,25776,卖盘,2017-07-04,2017-07-04 11:17:09
11:17:18,11:17:18,32.28,0.06,3,9684,买盘,2017-07-04,2017-07-04 11:17:18
11:17:21,11:17:21,32.28,--,1,3228,买盘,2017-07-04,2017-07-04 11:17:21
11:17:36,11:17:36,32.29,0.01,6,19374,买盘,2017-07-04,2017-07-04 11:17:36
11:17:57,11:17:57,32.22,-0.07,9,28998,卖盘,2017-07-04,2017-07-04 11:17:57
11:18:00,11:18:00,32.3,0.08,11,35530,买盘,2017-07-04,2017-07-04 11:18:00
11:18:27,11:18:27,32.22,-0.08,3,9666,中性盘,2017-07-04,2017-07-04 11:18:27
11:18:30,11:18:30,32.22,--,1,3222,卖盘,2017-07-04,2017-07-04 11:18:30
11:18:39,11:18:39,32.22,--,8,25776,买盘,2017-07-04,2017-07-04 11:18:39
11:18:42,11:18:42,32.22,--,1,3222,买盘,2017-07-04,2017-07-04 11:18:42
11:18:57,11:18:57,32.3,0.08,12,38760,买盘,2017-07-04,2017-07-04 11:18:57
11:19:09,11:19:09,32.3,--,1,3229,中性盘,2017-07-04,2017-07-04 11:19:09
11:19:15,11:19:15,32.3,--,29,93669,买盘,2017-07-04,2017-07-04 11:19:15
11:19:21,11:19:21,32.3,--,1,3229,卖盘,2017-07-04,2017-07-04 11:19:21
11:19:42,11:19:42,32.28,-0.02,8,25824,中性盘,2017-07-04,2017-07-04 11:19:42
11:20:09,11:20:09,32.29,0.01,5,16145,买盘,2017-07-04,2017-07-04 11:20:09
11:20:33,11:20:33,32.29,--,4,12916,买盘,2017-07-04,2017-07-04 11:20:33
11:20:51,11:20:51,32.3,0.01,13,41989,买盘,2017-07-04,2017-07-04 11:20:51
11:21:21,11:21:21,32.31,0.01,28,90468,买盘,2017-07-04,2017-07-04 11:21:21
11:21:39,11:21:39,32.31,--,5,16155,买盘,2017-07-04,2017-07-04 11:21:39
11:21:42,11:21:42,32.32,0.01,16,51712,买盘,2017-07-04,2017-07-04 11:21:42
11:22:15,11:22:15,32.33,0.01,2,6466,买盘,2017-07-04,2017-07-04 11:22:15
11:22:30,11:22:30,32.33,--,5,16165,买盘,2017-07-04,2017-07-04 11:22:30
11:22:42,11:22:42,32.31,-0.02,13,42003,卖盘,2017-07-04,2017-07-04 11:22:42
11:22:54,11:22:54,32.31,--,27,87237,卖盘,2017-07-04,2017-07-04 11:22:54
11:23:03,11:23:03,32.31,--,3,9693,买盘,2017-07-04,2017-07-04 11:23:03
11:23:18,11:23:18,32.26,-0.05,5,16129,卖盘,2017-07-04,2017-07-04 11:23:18
11:23:27,11:23:27,32.26,--,3,9678,卖盘,2017-07-04,2017-07-04 11:23:27
11:24:15,11:24:15,32.26,--,5,16129,卖盘,2017-07-04,2017-07-04 11:24:15
11:24:39,11:24:39,32.31,0.05,10,32310,买盘,2017-07-04,2017-07-04 11:24:39
11:25:00,11:25:00,32.33,0.02,11,35563,买盘,2017-07-04,2017-07-04 11:25:00
11:25:18,11:25:18,32.33,--,2,6466,买盘,2017-07-04,2017-07-04 11:25:18
11:26:42,11:26:42,32.36,0.03,10,32360,买盘,2017-07-04,2017-07-04 11:26:42
11:26:51,11:26:51,32.33,-0.03,16,51728,卖盘,2017-07-04,2017-07-04 11:26:51
11:27:06,11:27:06,32.33,--,1,3233,卖盘,2017-07-04,2017-07-04 11:27:06
11:27:36,11:27:36,32.27,-0.06,1,3227,中性盘,2017-07-04,2017-07-04 11:27:36
11:27:39,11:27:39,32.26,-0.01,3,9678,卖盘,2017-07-04,2017-07-04 11:27:39
11:28:18,11:28:18,32.26,--,1,3226,卖盘,2017-07-04,2017-07-04 11:28:18
11:28:36,11:28:36,32.26,--,1,3226,卖盘,2017-07-04,2017-07-04 11:28:36
11:30:00,11:30:00,32.26,--,0,0,卖盘,2017-07-04,2017-07-04 11:30:00
13:00:00,13:00:00,32.26,--,0,0,卖盘,2017-07-04,2017-07-04 13:00:00
13:00:03,13:00:03,32.29,0.03,26,83954,中性盘,2017-07-04,2017-07-04 13:00:03
13:00:06,13:00:06,32.26,-0.03,6,19356,买盘,2017-07-04,2017-07-04 13:00:06
13:00:09,13:00:09,32.3,0.04,3,9690,买盘,2017-07-04,2017-07-04 13:00:09
13:00:18,13:00:18,32.22,-0.08,43,138546,卖盘,2017-07-04,2017-07-04 13:00:18
13:00:33,13:00:33,32.2,-0.02,15,48300,卖盘,2017-07-04,2017-07-04 13:00:33
13:00:42,13:00:42,32.2,--,10,32200,卖盘,2017-07-04,2017-07-04 13:00:42
13:00:51,13:00:51,32.17,-0.03,28,90076,卖盘,2017-07-04,2017-07-04 13:00:51
13:01:00,13:01:00,32.19,0.02,17,54722,买盘,2017-07-04,2017-07-04 13:01:00
13:01:03,13:01:03,32.16,-0.03,18,57887,卖盘,2017-07-04,2017-07-04 13:01:03
13:01:09,13:01:09,32.16,--,2,6431,买盘,2017-07-04,2017-07-04 13:01:09
13:01:21,13:01:21,32.15,-0.01,6,19290,卖盘,2017-07-04,2017-07-04 13:01:21
13:01:27,13:01:27,32.16,0.01,7,22511,买盘,2017-07-04,2017-07-04 13:01:27
13:01:39,13:01:39,32.16,--,9,28943,卖盘,2017-07-04,2017-07-04 13:01:39
13:01:57,13:01:57,32.16,--,2,6431,卖盘,2017-07-04,2017-07-04 13:01:57
13:02:00,13:02:00,32.19,0.03,2,6438,买盘,2017-07-04,2017-07-04 13:02:00
13:02:03,13:02:03,32.16,-0.03,4,12863,卖盘,2017-07-04,2017-07-04 13:02:03
13:02:12,13:02:12,32.15,-0.01,31,99665,卖盘,2017-07-04,2017-07-04 13:02:12
13:02:15,13:02:15,32.15,--,10,32150,买盘,2017-07-04,2017-07-04 13:02:15
13:02:21,13:02:21,32.15,--,1,3215,买盘,2017-07-04,2017-07-04 13:02:21
13:02:27,13:02:27,32.15,--,3,9645,买盘,2017-07-04,2017-07-04 13:02:27
13:02:45,13:02:45,32.13,-0.02,5,16065,卖盘,2017-07-04,2017-07-04 13:02:45
13:02:51,13:02:51,32.15,0.02,2,6430,买盘,2017-07-04,2017-07-04 13:02:51
13:03:00,13:03:00,32.11,-0.04,20,64220,卖盘,2017-07-04,2017-07-04 13:03:00
13:03:06,13:03:06,32.07,-0.04,40,128280,卖盘,2017-07-04,2017-07-04 13:03:06
13:03:18,13:03:18,32.05,-0.02,20,64099,卖盘,2017-07-04,2017-07-04 13:03:18
13:03:27,13:03:27,32.05,--,1,3204,卖盘,2017-07-04,2017-07-04 13:03:27
13:03:57,13:03:57,32.16,0.11,5,16079,买盘,2017-07-04,2017-07-04 13:03:57
13:04:03,13:04:03,32.08,-0.08,3,9624,中性盘,2017-07-04,2017-07-04 13:04:03
13:04:09,13:04:09,32.16,0.08,1,3215,买盘,2017-07-04,2017-07-04 13:04:09
13:04:18,13:04:18,32.07,-0.09,7,22449,卖盘,2017-07-04,2017-07-04 13:04:18
13:05:00,13:05:00,32.15,0.08,2,6430,买盘,2017-07-04,2017-07-04 13:05:00
13:05:30,13:05:30,32.08,-0.07,10,32080,卖盘,2017-07-04,2017-07-04 13:05:30
13:06:06,13:06:06,32.1,0.02,24,77040,中性盘,2017-07-04,2017-07-04 13:06:06
13:06:15,13:06:15,32.09,-0.01,10,32090,买盘,2017-07-04,2017-07-04 13:06:15
13:06:18,13:06:18,32.08,-0.01,4,12832,卖盘,2017-07-04,2017-07-04 13:06:18
13:06:21,13:06:21,32.07,-0.01,20,64140,卖盘,2017-07-04,2017-07-04 13:06:21
13:06:57,13:06:57,32.09,0.02,1,3209,买盘,2017-07-04,2017-07-04 13:06:57
13:07:27,13:07:27,32.09,--,5,16045,卖盘,2017-07-04,2017-07-04 13:07:27
13:07:30,13:07:30,32.09,--,4,12836,买盘,2017-07-04,2017-07-04 13:07:30
13:07:36,13:07:36,32.09,--,5,16045,买盘,2017-07-04,2017-07-04 13:07:36
13:07:51,13:07:51,32.09,--,5,16045,买盘,2017-07-04,2017-07-04 13:07:51
13:07:57,13:07:57,32.09,--,7,22463,买盘,2017-07-04,2017-07-04 13:07:57
13:08:39,13:08:39,32.27,0.18,20,64540,买盘,2017-07-04,2017-07-04 13:08:39
13:10:06,13:10:06,32.25,-0.02,20,64500,中性盘,2017-07-04,2017-07-04 13:10:06
13:10:33,13:10:33,32.24,-0.01,6,19344,中性盘,2017-07-04,2017-07-04 13:10:33
13:11:03,13:11:03,32.1,-0.14,81,260010,卖盘,2017-07-04,2017-07-04 13:11:03
13:11:18,13:11:18,32.1,--,11,35310,买盘,2017-07-04,2017-07-04 13:11:18
13:11:30,13:11:30,32.09,-0.01,5,16045,卖盘,2017-07-04,2017-07-04 13:11:30
13:12:51,13:12:51,32.1,0.01,1,3210,中性盘,2017-07-04,2017-07-04 13:12:51
13:13:03,13:13:03,32.1,--,5,16050,卖盘,2017-07-04,2017-07-04 13:13:03
13:14:12,13:14:12,32.12,0.02,3,9636,中性盘,2017-07-04,2017-07-04 13:14:12
13:14:24,13:14:24,32.12,--,2,6423,买盘,2017-07-04,2017-07-04 13:14:24
13:14:33,13:14:33,32.12,--,1,3211,卖盘,2017-07-04,2017-07-04 13:14:33
13:14:42,13:14:42,32.12,--,5,16059,卖盘,2017-07-04,2017-07-04 13:14:42
13:14:51,13:14:51,32.2,0.08,39,125580,买盘,2017-07-04,2017-07-04 13:14:51
13:15:27,13:15:27,32.2,--,1,3220,卖盘,2017-07-04,2017-07-04 13:15:27
13:15:51,13:15:51,32.2,--,10,32200,卖盘,2017-07-04,2017-07-04 13:15:51
13:15:57,13:15:57,32.2,--,5,16100,卖盘,2017-07-04,2017-07-04 13:15:57
13:16:03,13:16:03,32.2,--,1,3220,卖盘,2017-07-04,2017-07-04 13:16:03
13:16:06,13:16:06,32.2,--,10,32200,卖盘,2017-07-04,2017-07-04 13:16:06
13:16:12,13:16:12,32.2,--,5,16100,卖盘,2017-07-04,2017-07-04 13:16:12
13:16:51,13:16:51,32.13,-0.07,10,32130,卖盘,2017-07-04,2017-07-04 13:16:51
13:16:57,13:16:57,32.13,--,1,3213,买盘,2017-07-04,2017-07-04 13:16:57
13:17:00,13:17:00,32.12,-0.01,11,35332,卖盘,2017-07-04,2017-07-04 13:17:00
13:17:03,13:17:03,32.13,0.01,5,16065,买盘,2017-07-04,2017-07-04 13:17:03
13:17:12,13:17:12,32.13,--,15,48195,中性盘,2017-07-04,2017-07-04 13:17:12
13:17:36,13:17:36,32.12,-0.01,22,70664,卖盘,2017-07-04,2017-07-04 13:17:36
13:17:39,13:17:39,32.12,--,1,3211,卖盘,2017-07-04,2017-07-04 13:17:39
13:17:48,13:17:48,32.12,--,3,9636,卖盘,2017-07-04,2017-07-04 13:17:48
13:18:00,13:18:00,32.12,--,4,12847,卖盘,2017-07-04,2017-07-04 13:18:00
13:18:03,13:18:03,32.13,0.01,4,12852,买盘,2017-07-04,2017-07-04 13:18:03
13:18:15,13:18:15,32.12,-0.01,1,3211,卖盘,2017-07-04,2017-07-04 13:18:15
13:18:30,13:18:30,32.13,0.01,2,6426,买盘,2017-07-04,2017-07-04 13:18:30
13:18:42,13:18:42,32.13,--,1,3213,卖盘,2017-07-04,2017-07-04 13:18:42
13:19:00,13:19:00,32.2,0.07,3,9660,买盘,2017-07-04,2017-07-04 13:19:00
13:19:21,13:19:21,32.13,-0.07,2,6426,卖盘,2017-07-04,2017-07-04 13:19:21
13:19:36,13:19:36,32.09,-0.04,92,295228,卖盘,2017-07-04,2017-07-04 13:19:36
13:20:00,13:20:00,32.09,--,5,16045,卖盘,2017-07-04,2017-07-04 13:20:00
13:22:15,13:22:15,32.15,0.06,3,9645,中性盘,2017-07-04,2017-07-04 13:22:15
13:22:33,13:22:33,32.17,0.02,3,9651,买盘,2017-07-04,2017-07-04 13:22:33
13:22:51,13:22:51,32.17,--,5,16085,中性盘,2017-07-04,2017-07-04 13:22:51
13:23:12,13:23:12,32.14,-0.03,7,22498,中性盘,2017-07-04,2017-07-04 13:23:12
13:23:15,13:23:15,32.17,0.03,8,25736,买盘,2017-07-04,2017-07-04 13:23:15
13:23:30,13:23:30,32.17,--,5,16085,卖盘,2017-07-04,2017-07-04 13:23:30
13:23:39,13:23:39,32.17,--,1,3217,买盘,2017-07-04,2017-07-04 13:23:39
13:24:03,13:24:03,32.17,--,10,32170,买盘,2017-07-04,2017-07-04 13:24:03
13:24:18,13:24:18,32.17,--,5,16085,买盘,2017-07-04,2017-07-04 13:24:18
13:24:24,13:24:24,32.16,-0.01,5,16079,卖盘,2017-07-04,2017-07-04 13:24:24
13:24:33,13:24:33,32.17,0.01,60,193020,买盘,2017-07-04,2017-07-04 13:24:33
13:24:48,13:24:48,32.15,-0.02,17,54655,卖盘,2017-07-04,2017-07-04 13:24:48
13:24:51,13:24:51,32.15,--,7,22505,买盘,2017-07-04,2017-07-04 13:24:51
13:25:33,13:25:33,32.15,--,2,6430,买盘,2017-07-04,2017-07-04 13:25:33
13:25:45,13:25:45,32.13,-0.02,5,16065,卖盘,2017-07-04,2017-07-04 13:25:45
13:26:09,13:26:09,32.14,0.01,19,61066,买盘,2017-07-04,2017-07-04 13:26:09
13:26:30,13:26:30,32.13,-0.01,100,321300,卖盘,2017-07-04,2017-07-04 13:26:30
13:26:33,13:26:33,32.13,--,6,19278,卖盘,2017-07-04,2017-07-04 13:26:33
13:26:54,13:26:54,32.14,0.01,1,3214,中性盘,2017-07-04,2017-07-04 13:26:54
13:27:18,13:27:18,32.14,--,2,6428,买盘,2017-07-04,2017-07-04 13:27:18
13:27:33,13:27:33,32.13,-0.01,5,16065,卖盘,2017-07-04,2017-07-04 13:27:33
13:27:57,13:27:57,32.13,--,26,83538,卖盘,2017-07-04,2017-07-04 13:27:57
13:28:24,13:28:24,32.13,--,1,3213,卖盘,2017-07-04,2017-07-04 13:28:24
13:28:36,13:28:36,32.14,0.01,2,6428,买盘,2017-07-04,2017-07-04 13:28:36
13:28:42,13:28:42,32.14,--,3,9642,卖盘,2017-07-04,2017-07-04 13:28:42
13:28:54,13:28:54,32.14,--,10,32140,买盘,2017-07-04,2017-07-04 13:28:54
13:29:18,13:29:18,32.14,--,7,22498,卖盘,2017-07-04,2017-07-04 13:29:18
13:29:21,13:29:21,32.14,--,6,19284,卖盘,2017-07-04,2017-07-04 13:29:21
13:29:39,13:29:39,32.15,0.01,2,6430,买盘,2017-07-04,2017-07-04 13:29:39
13:30:27,13:30:27,32.14,-0.01,2,6428,中性盘,2017-07-04,2017-07-04 13:30:27
13:30:30,13:30:30,32.12,-0.02,15,48179,卖盘,2017-07-04,2017-07-04 13:30:30
13:31:03,13:31:03,32.14,0.02,2,6428,买盘,2017-07-04,2017-07-04 13:31:03
13:31:06,13:31:06,32.14,--,1,3214,买盘,2017-07-04,2017-07-04 13:31:06
13:31:12,13:31:12,32.13,-0.01,5,16065,卖盘,2017-07-04,2017-07-04 13:31:12
13:31:51,13:31:51,32.14,0.01,15,48210,买盘,2017-07-04,2017-07-04 13:31:51
13:31:57,13:31:57,32.13,-0.01,1,3213,卖盘,2017-07-04,2017-07-04 13:31:57
13:32:12,13:32:12,32.14,0.01,1,3214,买盘,2017-07-04,2017-07-04 13:32:12
13:32:39,13:32:39,32.14,--,1,3214,中性盘,2017-07-04,2017-07-04 13:32:39
13:32:45,13:32:45,32.14,--,1,3214,买盘,2017-07-04,2017-07-04 13:32:45
13:32:51,13:32:51,32.15,0.01,50,160750,买盘,2017-07-04,2017-07-04 13:32:51
13:32:54,13:32:54,32.13,-0.02,5,16065,卖盘,2017-07-04,2017-07-04 13:32:54
13:33:06,13:33:06,32.17,0.04,54,173718,买盘,2017-07-04,2017-07-04 13:33:06
13:33:27,13:33:27,32.17,--,3,9651,买盘,2017-07-04,2017-07-04 13:33:27
13:33:57,13:33:57,32.17,--,19,61123,买盘,2017-07-04,2017-07-04 13:33:57
13:34:06,13:34:06,32.17,--,2,6434,买盘,2017-07-04,2017-07-04 13:34:06
13:34:33,13:34:33,32.15,-0.02,26,83590,卖盘,2017-07-04,2017-07-04 13:34:33
13:34:45,13:34:45,32.15,--,7,22505,买盘,2017-07-04,2017-07-04 13:34:45
13:34:48,13:34:48,32.15,--,3,9645,买盘,2017-07-04,2017-07-04 13:34:48
13:35:00,13:35:00,32.17,0.02,1,3217,买盘,2017-07-04,2017-07-04 13:35:00
13:35:06,13:35:06,32.17,--,2,6434,买盘,2017-07-04,2017-07-04 13:35:06
13:35:15,13:35:15,32.17,--,1,3217,买盘,2017-07-04,2017-07-04 13:35:15
13:35:33,13:35:33,32.15,-0.02,8,25720,卖盘,2017-07-04,2017-07-04 13:35:33
13:35:45,13:35:45,32.15,--,21,67515,买盘,2017-07-04,2017-07-04 13:35:45
13:35:51,13:35:51,32.15,--,1,3215,买盘,2017-07-04,2017-07-04 13:35:51
13:36:00,13:36:00,32.17,0.02,1,3217,买盘,2017-07-04,2017-07-04 13:36:00
13:36:09,13:36:09,32.15,-0.02,25,80375,卖盘,2017-07-04,2017-07-04 13:36:09
13:36:18,13:36:18,32.15,--,3,9645,买盘,2017-07-04,2017-07-04 13:36:18
13:36:30,13:36:30,32.15,--,14,45010,买盘,2017-07-04,2017-07-04 13:36:30
13:36:33,13:36:33,32.14,-0.01,3,9642,卖盘,2017-07-04,2017-07-04 13:36:33
13:36:42,13:36:42,32.17,0.03,3,9651,买盘,2017-07-04,2017-07-04 13:36:42
13:36:51,13:36:51,32.17,--,11,35387,买盘,2017-07-04,2017-07-04 13:36:51
13:37:03,13:37:03,32.15,-0.02,17,54655,卖盘,2017-07-04,2017-07-04 13:37:03
13:37:09,13:37:09,32.2,0.05,20,64400,买盘,2017-07-04,2017-07-04 13:37:09
13:37:18,13:37:18,32.15,-0.05,27,86805,中性盘,2017-07-04,2017-07-04 13:37:18
13:37:24,13:37:24,32.15,--,8,25720,买盘,2017-07-04,2017-07-04 13:37:24
13:37:36,13:37:36,32.15,--,25,80375,卖盘,2017-07-04,2017-07-04 13:37:36
13:37:45,13:37:45,32.15,--,3,9645,买盘,2017-07-04,2017-07-04 13:37:45
13:38:00,13:38:00,32.15,--,18,57870,中性盘,2017-07-04,2017-07-04 13:38:00
13:38:09,13:38:09,32.14,-0.01,13,41782,卖盘,2017-07-04,2017-07-04 13:38:09
13:38:12,13:38:12,32.14,--,6,19284,卖盘,2017-07-04,2017-07-04 13:38:12
13:38:15,13:38:15,32.14,--,2,6428,卖盘,2017-07-04,2017-07-04 13:38:15
13:38:21,13:38:21,32.12,-0.02,50,160600,卖盘,2017-07-04,2017-07-04 13:38:21
13:38:24,13:38:24,32.14,0.02,23,73922,买盘,2017-07-04,2017-07-04 13:38:24
13:38:33,13:38:33,32.12,-0.02,11,35332,卖盘,2017-07-04,2017-07-04 13:38:33
13:38:39,13:38:39,32.14,0.02,5,16070,买盘,2017-07-04,2017-07-04 13:38:39
13:38:42,13:38:42,32.12,-0.02,21,67452,卖盘,2017-07-04,2017-07-04 13:38:42
13:38:45,13:38:45,32.12,--,45,144540,卖盘,2017-07-04,2017-07-04 13:38:45
13:38:54,13:38:54,32.12,--,6,19272,卖盘,2017-07-04,2017-07-04 13:38:54
13:39:03,13:39:03,32.12,--,1,3211,卖盘,2017-07-04,2017-07-04 13:39:03
13:39:48,13:39:48,32.2,0.08,10,32200,买盘,2017-07-04,2017-07-04 13:39:48
13:40:06,13:40:06,32.2,--,2,6440,卖盘,2017-07-04,2017-07-04 13:40:06
13:40:12,13:40:12,32.2,--,6,19320,卖盘,2017-07-04,2017-07-04 13:40:12
13:40:21,13:40:21,32.2,--,10,32200,卖盘,2017-07-04,2017-07-04 13:40:21
13:40:27,13:40:27,32.2,--,11,35420,卖盘,2017-07-04,2017-07-04 13:40:27
13:40:36,13:40:36,32.2,--,7,22540,卖盘,2017-07-04,2017-07-04 13:40:36
13:40:45,13:40:45,32.13,-0.07,3,9639,卖盘,2017-07-04,2017-07-04 13:40:45
13:41:27,13:41:27,32.14,0.01,2,6428,中性盘,2017-07-04,2017-07-04 13:41:27
13:42:09,13:42:09,32.13,-0.01,8,25704,卖盘,2017-07-04,2017-07-04 13:42:09
13:42:18,13:42:18,32.13,--,4,12852,买盘,2017-07-04,2017-07-04 13:42:18
13:42:27,13:42:27,32.13,--,7,22491,买盘,2017-07-04,2017-07-04 13:42:27
13:42:33,13:42:33,32.13,--,6,19278,买盘,2017-07-04,2017-07-04 13:42:33
13:42:45,13:42:45,32.2,0.07,10,32200,买盘,2017-07-04,2017-07-04 13:42:45
13:43:00,13:43:00,32.2,--,1,3220,买盘,2017-07-04,2017-07-04 13:43:00
13:43:54,13:43:54,32.19,-0.01,3,9657,中性盘,2017-07-04,2017-07-04 13:43:54
13:43:57,13:43:57,32.19,--,3,9657,买盘,2017-07-04,2017-07-04 13:43:57
13:44:00,13:44:00,32.2,0.01,16,51520,买盘,2017-07-04,2017-07-04 13:44:00
13:44:09,13:44:09,32.2,--,1,3220,卖盘,2017-07-04,2017-07-04 13:44:09
13:44:42,13:44:42,32.2,--,3,9660,卖盘,2017-07-04,2017-07-04 13:44:42
13:44:57,13:44:57,32.27,0.07,8,25816,买盘,2017-07-04,2017-07-04 13:44:57
13:45:24,13:45:24,32.28,0.01,2,6456,中性盘,2017-07-04,2017-07-04 13:45:24
13:45:36,13:45:36,32.3,0.02,60,193799,买盘,2017-07-04,2017-07-04 13:45:36
13:45:39,13:45:39,32.28,-0.02,3,9684,卖盘,2017-07-04,2017-07-04 13:45:39
13:45:45,13:45:45,32.3,0.02,8,25839,买盘,2017-07-04,2017-07-04 13:45:45
13:45:51,13:45:51,32.3,--,2,6459,买盘,2017-07-04,2017-07-04 13:45:51
13:46:39,13:46:39,32.28,-0.02,10,32280,卖盘,2017-07-04,2017-07-04 13:46:39
13:46:45,13:46:45,32.3,0.02,1,3229,买盘,2017-07-04,2017-07-04 13:46:45
13:46:51,13:46:51,32.3,--,2,6459,买盘,2017-07-04,2017-07-04 13:46:51
13:47:06,13:47:06,32.3,--,1,3229,买盘,2017-07-04,2017-07-04 13:47:06
13:47:18,13:47:18,32.29,-0.01,3,9687,卖盘,2017-07-04,2017-07-04 13:47:18
13:47:21,13:47:21,32.29,--,7,22603,卖盘,2017-07-04,2017-07-04 13:47:21
13:47:45,13:47:45,32.3,0.01,3,9690,买盘,2017-07-04,2017-07-04 13:47:45
13:48:21,13:48:21,32.27,-0.03,6,19362,卖盘,2017-07-04,2017-07-04 13:48:21
13:48:39,13:48:39,32.2,-0.07,8,25760,卖盘,2017-07-04,2017-07-04 13:48:39
13:49:42,13:49:42,32.29,0.09,50,161450,买盘,2017-07-04,2017-07-04 13:49:42
13:50:54,13:50:54,32.21,-0.08,1,3221,卖盘,2017-07-04,2017-07-04 13:50:54
13:52:09,13:52:09,32.28,0.07,5,16140,买盘,2017-07-04,2017-07-04 13:52:09
13:52:45,13:52:45,32.26,-0.02,6,19356,中性盘,2017-07-04,2017-07-04 13:52:45
13:52:54,13:52:54,32.21,-0.05,5,16105,卖盘,2017-07-04,2017-07-04 13:52:54
13:54:06,13:54:06,32.21,--,2,6442,买盘,2017-07-04,2017-07-04 13:54:06
13:54:27,13:54:27,32.21,--,1,3221,买盘,2017-07-04,2017-07-04 13:54:27
13:54:48,13:54:48,32.21,--,15,48315,买盘,2017-07-04,2017-07-04 13:54:48
13:54:57,13:54:57,32.21,--,3,9663,买盘,2017-07-04,2017-07-04 13:54:57
13:55:06,13:55:06,32.2,-0.01,2,6440,卖盘,2017-07-04,2017-07-04 13:55:06
13:56:12,13:56:12,32.2,--,3,9660,买盘,2017-07-04,2017-07-04 13:56:12
13:56:18,13:56:18,32.2,--,1,3220,买盘,2017-07-04,2017-07-04 13:56:18
13:56:30,13:56:30,32.2,--,2,6440,买盘,2017-07-04,2017-07-04 13:56:30
13:57:21,13:57:21,32.25,0.05,1,3225,买盘,2017-07-04,2017-07-04 13:57:21
13:57:51,13:57:51,32.18,-0.07,3,9654,卖盘,2017-07-04,2017-07-04 13:57:51
13:58:06,13:58:06,32.18,--,2,6436,卖盘,2017-07-04,2017-07-04 13:58:06
13:58:36,13:58:36,32.2,0.02,2,6440,中性盘,2017-07-04,2017-07-04 13:58:36
13:58:48,13:58:48,32.2,--,11,35420,卖盘,2017-07-04,2017-07-04 13:58:48
13:59:57,13:59:57,32.2,--,1,3220,买盘,2017-07-04,2017-07-04 13:59:57
14:00:30,14:00:30,32.18,-0.02,2,6436,卖盘,2017-07-04,2017-07-04 14:00:30
14:00:48,14:00:48,32.18,--,18,57924,卖盘,2017-07-04,2017-07-04 14:00:48
14:01:00,14:01:00,32.16,-0.02,2,6431,卖盘,2017-07-04,2017-07-04 14:01:00
14:01:21,14:01:21,32.18,0.02,4,12872,买盘,2017-07-04,2017-07-04 14:01:21
14:01:48,14:01:48,32.15,-0.03,10,32150,卖盘,2017-07-04,2017-07-04 14:01:48
14:02:00,14:02:00,32.15,--,1,3215,卖盘,2017-07-04,2017-07-04 14:02:00
14:02:03,14:02:03,32.16,0.01,4,12863,买盘,2017-07-04,2017-07-04 14:02:03
14:02:09,14:02:09,32.15,-0.01,6,19290,卖盘,2017-07-04,2017-07-04 14:02:09
14:02:30,14:02:30,32.16,0.01,1,3215,买盘,2017-07-04,2017-07-04 14:02:30
14:02:48,14:02:48,32.14,-0.02,10,32140,卖盘,2017-07-04,2017-07-04 14:02:48
14:02:57,14:02:57,32.18,0.04,79,254222,买盘,2017-07-04,2017-07-04 14:02:57
14:03:06,14:03:06,32.18,--,4,12872,卖盘,2017-07-04,2017-07-04 14:03:06
14:03:09,14:03:09,32.2,0.02,1,3220,买盘,2017-07-04,2017-07-04 14:03:09
14:03:12,14:03:12,32.18,-0.02,3,9654,卖盘,2017-07-04,2017-07-04 14:03:12
14:03:18,14:03:18,32.18,--,2,6436,卖盘,2017-07-04,2017-07-04 14:03:18
14:03:39,14:03:39,32.18,--,8,25744,卖盘,2017-07-04,2017-07-04 14:03:39
14:04:00,14:04:00,32.18,--,3,9654,卖盘,2017-07-04,2017-07-04 14:04:00
14:04:03,14:04:03,32.18,--,21,67578,卖盘,2017-07-04,2017-07-04 14:04:03
14:04:18,14:04:18,32.18,--,43,138374,买盘,2017-07-04,2017-07-04 14:04:18
14:04:33,14:04:33,32.18,--,6,19308,卖盘,2017-07-04,2017-07-04 14:04:33
14:04:48,14:04:48,32.18,--,1,3218,卖盘,2017-07-04,2017-07-04 14:04:48
14:05:03,14:05:03,32.19,0.01,5,16094,买盘,2017-07-04,2017-07-04 14:05:03
14:05:30,14:05:30,32.19,--,28,90132,买盘,2017-07-04,2017-07-04 14:05:30
14:05:45,14:05:45,32.19,--,1,3219,卖盘,2017-07-04,2017-07-04 14:05:45
14:06:09,14:06:09,32.19,--,1,3219,卖盘,2017-07-04,2017-07-04 14:06:09
14:06:12,14:06:12,32.19,--,3,9657,卖盘,2017-07-04,2017-07-04 14:06:12
14:06:24,14:06:24,32.19,--,9,28970,卖盘,2017-07-04,2017-07-04 14:06:24
14:07:00,14:07:00,32.19,--,2,6438,卖盘,2017-07-04,2017-07-04 14:07:00
14:07:33,14:07:33,32.19,--,1,3219,卖盘,2017-07-04,2017-07-04 14:07:33
14:07:36,14:07:36,32.2,0.01,25,80500,买盘,2017-07-04,2017-07-04 14:07:36
14:07:45,14:07:45,32.2,--,3,9660,卖盘,2017-07-04,2017-07-04 14:07:45
14:08:18,14:08:18,32.24,0.04,1,3224,买盘,2017-07-04,2017-07-04 14:08:18
14:08:42,14:08:42,32.24,--,3,9672,买盘,2017-07-04,2017-07-04 14:08:42
14:09:33,14:09:33,32.2,-0.04,1,3220,卖盘,2017-07-04,2017-07-04 14:09:33
14:09:48,14:09:48,32.2,--,3,9660,卖盘,2017-07-04,2017-07-04 14:09:48
14:10:00,14:10:00,32.2,--,1,3220,卖盘,2017-07-04,2017-07-04 14:10:00
14:10:03,14:10:03,32.2,--,9,28980,卖盘,2017-07-04,2017-07-04 14:10:03
14:10:09,14:10:09,32.2,--,5,16100,卖盘,2017-07-04,2017-07-04 14:10:09
14:10:12,14:10:12,32.22,0.02,3,9666,买盘,2017-07-04,2017-07-04 14:10:12
14:10:18,14:10:18,32.2,-0.02,10,32200,卖盘,2017-07-04,2017-07-04 14:10:18
14:10:21,14:10:21,32.22,0.02,1,3222,买盘,2017-07-04,2017-07-04 14:10:21
14:10:27,14:10:27,32.2,-0.02,2,6440,卖盘,2017-07-04,2017-07-04 14:10:27
14:10:30,14:10:30,32.2,--,6,19320,卖盘,2017-07-04,2017-07-04 14:10:30
14:10:33,14:10:33,32.21,0.01,2,6442,买盘,2017-07-04,2017-07-04 14:10:33
14:10:42,14:10:42,32.21,--,4,12884,买盘,2017-07-04,2017-07-04 14:10:42
14:10:45,14:10:45,32.21,--,4,12884,买盘,2017-07-04,2017-07-04 14:10:45
14:11:15,14:11:15,32.21,--,1,3221,卖盘,2017-07-04,2017-07-04 14:11:15
14:11:24,14:11:24,32.2,-0.01,10,32200,卖盘,2017-07-04,2017-07-04 14:11:24
14:11:39,14:11:39,32.2,--,1,3220,卖盘,2017-07-04,2017-07-04 14:11:39
14:11:48,14:11:48,32.2,--,3,9660,卖盘,2017-07-04,2017-07-04 14:11:48
14:12:00,14:12:00,32.2,--,2,6440,卖盘,2017-07-04,2017-07-04 14:12:00
14:12:21,14:12:21,32.2,--,4,12880,卖盘,2017-07-04,2017-07-04 14:12:21
14:12:30,14:12:30,32.21,0.01,1,3221,卖盘,2017-07-04,2017-07-04 14:12:30
14:12:45,14:12:45,32.21,--,5,16105,卖盘,2017-07-04,2017-07-04 14:12:45
14:13:00,14:13:00,32.2,-0.01,2,6440,卖盘,2017-07-04,2017-07-04 14:13:00
14:13:15,14:13:15,32.21,0.01,3,9663,买盘,2017-07-04,2017-07-04 14:13:15
14:13:54,14:13:54,32.2,-0.01,5,16100,卖盘,2017-07-04,2017-07-04 14:13:54
14:14:00,14:14:00,32.2,--,20,64400,卖盘,2017-07-04,2017-07-04 14:14:00
14:14:09,14:14:09,32.2,--,6,19320,卖盘,2017-07-04,2017-07-04 14:14:09
14:14:21,14:14:21,32.21,0.01,1,3221,买盘,2017-07-04,2017-07-04 14:14:21
14:14:51,14:14:51,32.21,--,7,22547,买盘,2017-07-04,2017-07-04 14:14:51
14:14:54,14:14:54,32.21,--,1,3221,买盘,2017-07-04,2017-07-04 14:14:54
14:15:00,14:15:00,32.23,0.02,32,103135,买盘,2017-07-04,2017-07-04 14:15:00
14:15:12,14:15:12,32.24,0.01,6,19344,买盘,2017-07-04,2017-07-04 14:15:12
14:15:15,14:15:15,32.23,-0.01,2,6445,卖盘,2017-07-04,2017-07-04 14:15:15
14:15:30,14:15:30,32.24,0.01,26,83824,买盘,2017-07-04,2017-07-04 14:15:30
14:15:39,14:15:39,32.25,0.01,7,22575,买盘,2017-07-04,2017-07-04 14:15:39
14:15:42,14:15:42,32.24,-0.01,7,22568,卖盘,2017-07-04,2017-07-04 14:15:42
14:15:45,14:15:45,32.25,0.01,7,22575,买盘,2017-07-04,2017-07-04 14:15:45
14:15:48,14:15:48,32.25,--,4,12900,买盘,2017-07-04,2017-07-04 14:15:48
14:16:03,14:16:03,32.25,--,1,3225,买盘,2017-07-04,2017-07-04 14:16:03
14:16:15,14:16:15,32.25,--,5,16125,买盘,2017-07-04,2017-07-04 14:16:15
14:16:42,14:16:42,32.25,--,5,16125,卖盘,2017-07-04,2017-07-04 14:16:42
14:16:45,14:16:45,32.26,0.01,1,3226,买盘,2017-07-04,2017-07-04 14:16:45
14:16:51,14:16:51,32.27,0.01,150,484050,买盘,2017-07-04,2017-07-04 14:16:51
14:17:12,14:17:12,32.27,--,7,22589,卖盘,2017-07-04,2017-07-04 14:17:12
14:17:15,14:17:15,32.27,--,4,12908,卖盘,2017-07-04,2017-07-04 14:17:15
14:17:30,14:17:30,32.27,--,13,41951,卖盘,2017-07-04,2017-07-04 14:17:30
14:17:36,14:17:36,32.27,--,10,32270,卖盘,2017-07-04,2017-07-04 14:17:36
14:17:45,14:17:45,32.28,0.01,1,3228,买盘,2017-07-04,2017-07-04 14:17:45
14:17:48,14:17:48,32.28,--,15,48420,买盘,2017-07-04,2017-07-04 14:17:48
14:17:57,14:17:57,32.28,--,1,3228,买盘,2017-07-04,2017-07-04 14:17:57
14:18:03,14:18:03,32.27,-0.01,2,6454,卖盘,2017-07-04,2017-07-04 14:18:03
14:18:09,14:18:09,32.29,0.02,15,48435,买盘,2017-07-04,2017-07-04 14:18:09
14:18:36,14:18:36,32.28,-0.01,2,6456,买盘,2017-07-04,2017-07-04 14:18:36
14:18:45,14:18:45,32.28,--,15,48420,买盘,2017-07-04,2017-07-04 14:18:45
14:18:48,14:18:48,32.28,--,85,274380,卖盘,2017-07-04,2017-07-04 14:18:48
14:18:54,14:18:54,32.28,--,7,22596,买盘,2017-07-04,2017-07-04 14:18:54
14:19:00,14:19:00,32.27,-0.01,2,6454,卖盘,2017-07-04,2017-07-04 14:19:00
14:19:03,14:19:03,32.27,--,3,9681,卖盘,2017-07-04,2017-07-04 14:19:03
14:19:09,14:19:09,32.28,0.01,3,9684,买盘,2017-07-04,2017-07-04 14:19:09
14:19:15,14:19:15,32.27,-0.01,3,9681,卖盘,2017-07-04,2017-07-04 14:19:15
14:19:21,14:19:21,32.28,0.01,6,19368,买盘,2017-07-04,2017-07-04 14:19:21
14:19:30,14:19:30,32.28,--,1,3228,买盘,2017-07-04,2017-07-04 14:19:30
14:19:39,14:19:39,32.27,-0.01,2,6454,卖盘,2017-07-04,2017-07-04 14:19:39
14:20:00,14:20:00,32.27,--,4,12908,卖盘,2017-07-04,2017-07-04 14:20:00
14:20:03,14:20:03,32.27,--,25,80675,卖盘,2017-07-04,2017-07-04 14:20:03
14:20:24,14:20:24,32.27,--,5,16135,买盘,2017-07-04,2017-07-04 14:20:24
14:20:42,14:20:42,32.27,--,1,3227,中性盘,2017-07-04,2017-07-04 14:20:42
14:20:51,14:20:51,32.27,--,12,38724,卖盘,2017-07-04,2017-07-04 14:20:51
14:21:09,14:21:09,32.26,-0.01,2,6452,卖盘,2017-07-04,2017-07-04 14:21:09
14:21:15,14:21:15,32.26,--,1,3226,卖盘,2017-07-04,2017-07-04 14:21:15
14:21:18,14:21:18,32.26,--,17,54842,卖盘,2017-07-04,2017-07-04 14:21:18
14:21:27,14:21:27,32.26,--,3,9678,卖盘,2017-07-04,2017-07-04 14:21:27
14:21:54,14:21:54,32.26,--,4,12904,卖盘,2017-07-04,2017-07-04 14:21:54
14:22:12,14:22:12,32.27,0.01,15,48405,买盘,2017-07-04,2017-07-04 14:22:12
14:22:21,14:22:21,32.27,--,30,96810,买盘,2017-07-04,2017-07-04 14:22:21
14:22:33,14:22:33,32.26,-0.01,5,16129,卖盘,2017-07-04,2017-07-04 14:22:33
14:22:36,14:22:36,32.26,--,3,9678,卖盘,2017-07-04,2017-07-04 14:22:36
14:22:48,14:22:48,32.26,--,40,129039,卖盘,2017-07-04,2017-07-04 14:22:48
14:23:00,14:23:00,32.26,--,4,12904,卖盘,2017-07-04,2017-07-04 14:23:00
14:23:09,14:23:09,32.27,0.01,7,22589,买盘,2017-07-04,2017-07-04 14:23:09
14:23:33,14:23:33,32.27,--,8,25816,买盘,2017-07-04,2017-07-04 14:23:33
14:23:48,14:23:48,32.26,-0.01,25,80650,卖盘,2017-07-04,2017-07-04 14:23:48
14:23:57,14:23:57,32.25,-0.01,10,32250,卖盘,2017-07-04,2017-07-04 14:23:57
14:24:03,14:24:03,32.25,--,20,64500,卖盘,2017-07-04,2017-07-04 14:24:03
14:24:09,14:24:09,32.25,--,5,16125,卖盘,2017-07-04,2017-07-04 14:24:09
14:24:45,14:24:45,32.26,0.01,21,67746,买盘,2017-07-04,2017-07-04 14:24:45
14:24:54,14:24:54,32.26,--,2,6452,卖盘,2017-07-04,2017-07-04 14:24:54
14:25:00,14:25:00,32.25,-0.01,2,6450,卖盘,2017-07-04,2017-07-04 14:25:00
14:25:06,14:25:06,32.25,--,1,3225,卖盘,2017-07-04,2017-07-04 14:25:06
14:25:12,14:25:12,32.26,0.01,10,32259,买盘,2017-07-04,2017-07-04 14:25:12
14:25:24,14:25:24,32.26,--,10,32259,中性盘,2017-07-04,2017-07-04 14:25:24
14:25:33,14:25:33,32.26,--,23,74198,卖盘,2017-07-04,2017-07-04 14:25:33
14:25:36,14:25:36,32.27,0.01,6,19362,买盘,2017-07-04,2017-07-04 14:25:36
14:26:03,14:26:03,32.27,--,4,12908,买盘,2017-07-04,2017-07-04 14:26:03
14:26:30,14:26:30,32.26,-0.01,5,16129,卖盘,2017-07-04,2017-07-04 14:26:30
14:26:48,14:26:48,32.27,0.01,3,9681,买盘,2017-07-04,2017-07-04 14:26:48
14:26:57,14:26:57,32.27,--,3,9681,买盘,2017-07-04,2017-07-04 14:26:57
14:27:03,14:27:03,32.27,--,2,6454,买盘,2017-07-04,2017-07-04 14:27:03
14:27:18,14:27:18,32.27,--,8,25816,买盘,2017-07-04,2017-07-04 14:27:18
14:27:30,14:27:30,32.26,-0.01,6,19356,卖盘,2017-07-04,2017-07-04 14:27:30
14:27:36,14:27:36,32.26,--,36,116136,卖盘,2017-07-04,2017-07-04 14:27:36
14:27:48,14:27:48,32.25,-0.01,10,32250,卖盘,2017-07-04,2017-07-04 14:27:48
14:28:21,14:28:21,32.25,--,16,51600,卖盘,2017-07-04,2017-07-04 14:28:21
14:28:27,14:28:27,32.25,--,10,32250,卖盘,2017-07-04,2017-07-04 14:28:27
14:28:36,14:28:36,32.25,--,94,303150,卖盘,2017-07-04,2017-07-04 14:28:36
14:28:42,14:28:42,32.25,--,7,22575,卖盘,2017-07-04,2017-07-04 14:28:42
14:29:24,14:29:24,32.25,--,30,96750,卖盘,2017-07-04,2017-07-04 14:29:24
14:29:27,14:29:27,32.25,--,5,16125,卖盘,2017-07-04,2017-07-04 14:29:27
14:29:33,14:29:33,32.26,0.01,7,22582,买盘,2017-07-04,2017-07-04 14:29:33
14:29:48,14:29:48,32.26,--,4,12904,卖盘,2017-07-04,2017-07-04 14:29:48
14:30:00,14:30:00,32.26,--,3,9678,中性盘,2017-07-04,2017-07-04 14:30:00
14:30:06,14:30:06,32.26,--,4,12904,买盘,2017-07-04,2017-07-04 14:30:06
14:30:21,14:30:21,32.27,0.01,10,32270,买盘,2017-07-04,2017-07-04 14:30:21
14:30:39,14:30:39,32.27,--,58,187166,买盘,2017-07-04,2017-07-04 14:30:39
14:30:51,14:30:51,32.26,-0.01,14,45164,卖盘,2017-07-04,2017-07-04 14:30:51
14:31:00,14:31:00,32.25,-0.01,1,3225,卖盘,2017-07-04,2017-07-04 14:31:00
14:31:06,14:31:06,32.26,0.01,1,3226,买盘,2017-07-04,2017-07-04 14:31:06
14:31:18,14:31:18,32.26,--,4,12904,买盘,2017-07-04,2017-07-04 14:31:18
14:31:24,14:31:24,32.26,--,1,3226,买盘,2017-07-04,2017-07-04 14:31:24
14:31:27,14:31:27,32.26,--,5,16129,买盘,2017-07-04,2017-07-04 14:31:27
14:31:51,14:31:51,32.27,0.01,1,3227,买盘,2017-07-04,2017-07-04 14:31:51
14:31:57,14:31:57,32.27,--,5,16135,买盘,2017-07-04,2017-07-04 14:31:57
14:32:03,14:32:03,32.28,0.01,3,9684,买盘,2017-07-04,2017-07-04 14:32:03
14:32:15,14:32:15,32.28,--,2,6456,买盘,2017-07-04,2017-07-04 14:32:15
14:32:18,14:32:18,32.28,--,1,3228,买盘,2017-07-04,2017-07-04 14:32:18
14:32:24,14:32:24,32.28,--,2,6456,买盘,2017-07-04,2017-07-04 14:32:24
14:32:27,14:32:27,32.28,--,1,3228,买盘,2017-07-04,2017-07-04 14:32:27
14:32:33,14:32:33,32.28,--,2,6456,买盘,2017-07-04,2017-07-04 14:32:33
14:32:45,14:32:45,32.28,--,1,3228,卖盘,2017-07-04,2017-07-04 14:32:45
14:32:48,14:32:48,32.29,0.01,22,71038,买盘,2017-07-04,2017-07-04 14:32:48
14:33:06,14:33:06,32.29,--,1,3229,买盘,2017-07-04,2017-07-04 14:33:06
14:33:09,14:33:09,32.28,-0.01,10,32280,卖盘,2017-07-04,2017-07-04 14:33:09
14:33:33,14:33:33,32.28,--,16,51648,买盘,2017-07-04,2017-07-04 14:33:33
14:33:39,14:33:39,32.28,--,6,19368,买盘,2017-07-04,2017-07-04 14:33:39
14:33:42,14:33:42,32.27,-0.01,10,32270,卖盘,2017-07-04,2017-07-04 14:33:42
14:34:06,14:34:06,32.27,--,1,3227,卖盘,2017-07-04,2017-07-04 14:34:06
14:34:48,14:34:48,32.27,--,12,38724,卖盘,2017-07-04,2017-07-04 14:34:48
14:35:00,14:35:00,32.27,--,2,6454,买盘,2017-07-04,2017-07-04 14:35:00
14:35:03,14:35:03,32.27,--,2,6454,买盘,2017-07-04,2017-07-04 14:35:03
14:35:06,14:35:06,32.26,-0.01,3,9678,卖盘,2017-07-04,2017-07-04 14:35:06
14:35:12,14:35:12,32.26,--,10,32259,卖盘,2017-07-04,2017-07-04 14:35:12
14:35:15,14:35:15,32.27,0.01,8,25816,买盘,2017-07-04,2017-07-04 14:35:15
14:35:36,14:35:36,32.26,-0.01,1,3226,卖盘,2017-07-04,2017-07-04 14:35:36
14:35:42,14:35:42,32.26,--,1,3226,卖盘,2017-07-04,2017-07-04 14:35:42
14:35:45,14:35:45,32.26,--,1,3226,卖盘,2017-07-04,2017-07-04 14:35:45
14:35:51,14:35:51,32.26,--,2,6452,卖盘,2017-07-04,2017-07-04 14:35:51
14:35:54,14:35:54,32.26,--,23,74198,卖盘,2017-07-04,2017-07-04 14:35:54
14:36:09,14:36:09,32.27,0.01,9,29043,买盘,2017-07-04,2017-07-04 14:36:09
14:36:24,14:36:24,32.27,--,6,19362,买盘,2017-07-04,2017-07-04 14:36:24
14:36:27,14:36:27,32.26,-0.01,3,9678,卖盘,2017-07-04,2017-07-04 14:36:27
14:36:42,14:36:42,32.27,0.01,4,12908,买盘,2017-07-04,2017-07-04 14:36:42
14:36:48,14:36:48,32.26,-0.01,2,6452,卖盘,2017-07-04,2017-07-04 14:36:48
14:37:03,14:37:03,32.26,--,26,83876,卖盘,2017-07-04,2017-07-04 14:37:03
14:37:09,14:37:09,32.26,--,2,6452,卖盘,2017-07-04,2017-07-04 14:37:09
14:37:21,14:37:21,32.26,--,10,32259,卖盘,2017-07-04,2017-07-04 14:37:21
14:37:45,14:37:45,32.26,--,1,3226,卖盘,2017-07-04,2017-07-04 14:37:45
14:37:54,14:37:54,32.26,--,17,54842,卖盘,2017-07-04,2017-07-04 14:37:54
14:38:00,14:38:00,32.26,--,3,9678,买盘,2017-07-04,2017-07-04 14:38:00
14:38:09,14:38:09,32.25,-0.01,1,3225,卖盘,2017-07-04,2017-07-04 14:38:09
14:38:30,14:38:30,32.25,--,2,6450,卖盘,2017-07-04,2017-07-04 14:38:30
14:38:33,14:38:33,32.26,0.01,3,9678,买盘,2017-07-04,2017-07-04 14:38:33
14:38:36,14:38:36,32.26,--,10,32259,买盘,2017-07-04,2017-07-04 14:38:36
14:38:48,14:38:48,32.25,-0.01,5,16125,卖盘,2017-07-04,2017-07-04 14:38:48
14:38:57,14:38:57,32.26,0.01,8,25808,买盘,2017-07-04,2017-07-04 14:38:57
14:39:09,14:39:09,32.27,0.01,11,35497,买盘,2017-07-04,2017-07-04 14:39:09
14:39:15,14:39:15,32.27,--,5,16135,买盘,2017-07-04,2017-07-04 14:39:15
14:39:18,14:39:18,32.26,-0.01,1,3226,卖盘,2017-07-04,2017-07-04 14:39:18
14:39:42,14:39:42,32.26,--,2,6452,卖盘,2017-07-04,2017-07-04 14:39:42
14:39:57,14:39:57,32.27,0.01,3,9681,买盘,2017-07-04,2017-07-04 14:39:57
14:40:00,14:40:00,32.26,-0.01,26,83876,卖盘,2017-07-04,2017-07-04 14:40:00
14:40:21,14:40:21,32.26,--,1,3226,卖盘,2017-07-04,2017-07-04 14:40:21
14:40:30,14:40:30,32.26,--,2,6452,卖盘,2017-07-04,2017-07-04 14:40:30
14:40:33,14:40:33,32.26,--,1,3226,卖盘,2017-07-04,2017-07-04 14:40:33
14:40:42,14:40:42,32.26,--,1,3226,买盘,2017-07-04,2017-07-04 14:40:42
14:41:00,14:41:00,32.26,--,6,19356,买盘,2017-07-04,2017-07-04 14:41:00
14:41:03,14:41:03,32.25,-0.01,85,274125,卖盘,2017-07-04,2017-07-04 14:41:03
14:41:15,14:41:15,32.26,0.01,10,32259,买盘,2017-07-04,2017-07-04 14:41:15
14:41:39,14:41:39,32.26,--,21,67746,买盘,2017-07-04,2017-07-04 14:41:39
14:42:00,14:42:00,32.24,-0.02,17,54808,卖盘,2017-07-04,2017-07-04 14:42:00
14:42:06,14:42:06,32.24,--,6,19344,卖盘,2017-07-04,2017-07-04 14:42:06
14:42:09,14:42:09,32.26,0.02,2,6452,买盘,2017-07-04,2017-07-04 14:42:09
14:42:15,14:42:15,32.24,-0.02,1,3224,卖盘,2017-07-04,2017-07-04 14:42:15
14:42:18,14:42:18,32.24,--,5,16120,卖盘,2017-07-04,2017-07-04 14:42:18
14:42:24,14:42:24,32.24,--,14,45136,卖盘,2017-07-04,2017-07-04 14:42:24
14:42:51,14:42:51,32.23,-0.01,2,6445,卖盘,2017-07-04,2017-07-04 14:42:51
14:42:54,14:42:54,32.24,0.01,6,19344,买盘,2017-07-04,2017-07-04 14:42:54
14:42:57,14:42:57,32.24,--,4,12896,买盘,2017-07-04,2017-07-04 14:42:57
14:43:03,14:43:03,32.2,-0.04,83,267260,卖盘,2017-07-04,2017-07-04 14:43:03
14:43:24,14:43:24,32.2,--,13,41860,卖盘,2017-07-04,2017-07-04 14:43:24
14:43:30,14:43:30,32.2,--,6,19320,买盘,2017-07-04,2017-07-04 14:43:30
14:43:39,14:43:39,32.19,-0.01,3,9657,卖盘,2017-07-04,2017-07-04 14:43:39
14:43:42,14:43:42,32.2,0.01,3,9660,买盘,2017-07-04,2017-07-04 14:43:42
14:43:45,14:43:45,32.19,-0.01,14,45066,卖盘,2017-07-04,2017-07-04 14:43:45
14:43:54,14:43:54,32.19,--,3,9657,买盘,2017-07-04,2017-07-04 14:43:54
14:44:12,14:44:12,32.16,-0.03,3,9647,卖盘,2017-07-04,2017-07-04 14:44:12
14:44:27,14:44:27,32.16,--,7,22511,卖盘,2017-07-04,2017-07-04 14:44:27
14:44:30,14:44:30,32.16,--,13,41807,买盘,2017-07-04,2017-07-04 14:44:30
14:44:42,14:44:42,32.16,--,4,12863,卖盘,2017-07-04,2017-07-04 14:44:42
14:44:57,14:44:57,32.17,0.01,7,22519,中性盘,2017-07-04,2017-07-04 14:44:57
14:45:27,14:45:27,32.19,0.02,33,106226,买盘,2017-07-04,2017-07-04 14:45:27
14:45:42,14:45:42,32.19,--,11,35409,卖盘,2017-07-04,2017-07-04 14:45:42
14:46:27,14:46:27,32.2,0.01,4,12880,中性盘,2017-07-04,2017-07-04 14:46:27
14:46:33,14:46:33,32.2,--,1,3220,卖盘,2017-07-04,2017-07-04 14:46:33
14:46:39,14:46:39,32.23,0.03,3,9668,买盘,2017-07-04,2017-07-04 14:46:39
14:46:51,14:46:51,32.24,0.01,9,29016,买盘,2017-07-04,2017-07-04 14:46:51
14:47:12,14:47:12,32.24,--,4,12896,买盘,2017-07-04,2017-07-04 14:47:12
14:47:39,14:47:39,32.21,-0.03,5,16105,中性盘,2017-07-04,2017-07-04 14:47:39
14:47:48,14:47:48,32.24,0.03,2,6448,买盘,2017-07-04,2017-07-04 14:47:48
14:47:54,14:47:54,32.24,--,1,3224,买盘,2017-07-04,2017-07-04 14:47:54
14:48:00,14:48:00,32.21,-0.03,10,32210,卖盘,2017-07-04,2017-07-04 14:48:00
14:48:03,14:48:03,32.24,0.03,11,35464,买盘,2017-07-04,2017-07-04 14:48:03
14:48:18,14:48:18,32.24,--,2,6448,买盘,2017-07-04,2017-07-04 14:48:18
14:48:24,14:48:24,32.24,--,16,51584,买盘,2017-07-04,2017-07-04 14:48:24
14:48:36,14:48:36,32.21,-0.03,3,9663,卖盘,2017-07-04,2017-07-04 14:48:36
14:49:00,14:49:00,32.24,0.03,2,6448,中性盘,2017-07-04,2017-07-04 14:49:00
14:49:03,14:49:03,32.22,-0.02,1,3222,卖盘,2017-07-04,2017-07-04 14:49:03
14:49:06,14:49:06,32.22,--,30,96660,买盘,2017-07-04,2017-07-04 14:49:06
14:49:24,14:49:24,32.22,--,5,16110,卖盘,2017-07-04,2017-07-04 14:49:24
14:49:27,14:49:27,32.22,--,2,6444,买盘,2017-07-04,2017-07-04 14:49:27
14:49:39,14:49:39,32.21,-0.01,5,16105,卖盘,2017-07-04,2017-07-04 14:49:39
14:49:45,14:49:45,32.22,0.01,5,16110,中性盘,2017-07-04,2017-07-04 14:49:45
14:49:54,14:49:54,32.24,0.02,1,3224,买盘,2017-07-04,2017-07-04 14:49:54
14:49:57,14:49:57,32.22,-0.02,5,16110,卖盘,2017-07-04,2017-07-04 14:49:57
14:50:06,14:50:06,32.21,-0.01,1,3221,卖盘,2017-07-04,2017-07-04 14:50:06
14:50:09,14:50:09,32.21,--,1,3221,卖盘,2017-07-04,2017-07-04 14:50:09
14:50:18,14:50:18,32.21,--,1,3221,卖盘,2017-07-04,2017-07-04 14:50:18
14:50:21,14:50:21,32.21,--,16,51536,卖盘,2017-07-04,2017-07-04 14:50:21
14:50:27,14:50:27,32.21,--,1,3221,买盘,2017-07-04,2017-07-04 14:50:27
14:50:33,14:50:33,32.2,-0.01,8,25760,卖盘,2017-07-04,2017-07-04 14:50:33
14:50:42,14:50:42,32.2,--,5,16100,卖盘,2017-07-04,2017-07-04 14:50:42
14:50:51,14:50:51,32.2,--,10,32200,买盘,2017-07-04,2017-07-04 14:50:51
14:50:54,14:50:54,32.19,-0.01,7,22533,卖盘,2017-07-04,2017-07-04 14:50:54
14:51:00,14:51:00,32.2,0.01,7,22540,买盘,2017-07-04,2017-07-04 14:51:00
14:51:06,14:51:06,32.19,-0.01,39,125540,卖盘,2017-07-04,2017-07-04 14:51:06
14:51:12,14:51:12,32.2,0.01,2,6440,买盘,2017-07-04,2017-07-04 14:51:12
14:51:21,14:51:21,32.19,-0.01,5,16094,卖盘,2017-07-04,2017-07-04 14:51:21
14:51:24,14:51:24,32.2,0.01,10,32200,买盘,2017-07-04,2017-07-04 14:51:24
14:51:27,14:51:27,32.19,-0.01,30,96570,卖盘,2017-07-04,2017-07-04 14:51:27
14:51:30,14:51:30,32.19,--,12,38628,卖盘,2017-07-04,2017-07-04 14:51:30
14:51:39,14:51:39,32.18,-0.01,5,16090,卖盘,2017-07-04,2017-07-04 14:51:39
14:51:42,14:51:42,32.19,0.01,6,19314,买盘,2017-07-04,2017-07-04 14:51:42
14:51:45,14:51:45,32.18,-0.01,5,16090,卖盘,2017-07-04,2017-07-04 14:51:45
14:51:48,14:51:48,32.18,--,2,6436,买盘,2017-07-04,2017-07-04 14:51:48
14:51:54,14:51:54,32.17,-0.01,10,32170,卖盘,2017-07-04,2017-07-04 14:51:54
14:51:57,14:51:57,32.18,0.01,111,357198,买盘,2017-07-04,2017-07-04 14:51:57
14:52:00,14:52:00,32.17,-0.01,1,3217,卖盘,2017-07-04,2017-07-04 14:52:00
14:52:03,14:52:03,32.18,0.01,7,22526,买盘,2017-07-04,2017-07-04 14:52:03
14:52:06,14:52:06,32.18,--,3,9654,买盘,2017-07-04,2017-07-04 14:52:06
14:52:09,14:52:09,32.18,--,9,28962,买盘,2017-07-04,2017-07-04 14:52:09
14:52:12,14:52:12,32.17,-0.01,1,3217,卖盘,2017-07-04,2017-07-04 14:52:12
14:52:18,14:52:18,32.17,--,10,32170,卖盘,2017-07-04,2017-07-04 14:52:18
14:52:21,14:52:21,32.18,0.01,17,54706,买盘,2017-07-04,2017-07-04 14:52:21
14:52:30,14:52:30,32.19,0.01,15,48285,买盘,2017-07-04,2017-07-04 14:52:30
14:52:33,14:52:33,32.19,--,4,12876,买盘,2017-07-04,2017-07-04 14:52:33
14:52:36,14:52:36,32.18,-0.01,2,6436,卖盘,2017-07-04,2017-07-04 14:52:36
14:52:39,14:52:39,32.19,0.01,5,16094,买盘,2017-07-04,2017-07-04 14:52:39
14:52:54,14:52:54,32.19,--,2,6438,卖盘,2017-07-04,2017-07-04 14:52:54
14:53:00,14:53:00,32.2,0.01,8,25760,买盘,2017-07-04,2017-07-04 14:53:00
14:53:12,14:53:12,32.21,0.01,20,64420,买盘,2017-07-04,2017-07-04 14:53:12
14:53:18,14:53:18,32.21,--,3,9663,买盘,2017-07-04,2017-07-04 14:53:18
14:53:27,14:53:27,32.21,--,10,32210,卖盘,2017-07-04,2017-07-04 14:53:27
14:53:30,14:53:30,32.22,0.01,10,32220,买盘,2017-07-04,2017-07-04 14:53:30
14:53:33,14:53:33,32.21,-0.01,41,132061,卖盘,2017-07-04,2017-07-04 14:53:33
14:53:42,14:53:42,32.22,0.01,5,16110,买盘,2017-07-04,2017-07-04 14:53:42
14:53:45,14:53:45,32.22,--,1,3222,买盘,2017-07-04,2017-07-04 14:53:45
14:53:51,14:53:51,32.22,--,38,122436,买盘,2017-07-04,2017-07-04 14:53:51
14:53:54,14:53:54,32.22,--,21,67662,买盘,2017-07-04,2017-07-04 14:53:54
14:53:57,14:53:57,32.22,--,10,32220,买盘,2017-07-04,2017-07-04 14:53:57
14:54:09,14:54:09,32.24,0.02,13,41912,买盘,2017-07-04,2017-07-04 14:54:09
14:54:18,14:54:18,32.24,--,10,32240,买盘,2017-07-04,2017-07-04 14:54:18
14:54:21,14:54:21,32.24,--,3,9672,买盘,2017-07-04,2017-07-04 14:54:21
14:54:24,14:54:24,32.22,-0.02,2,6444,卖盘,2017-07-04,2017-07-04 14:54:24
14:54:27,14:54:27,32.24,0.02,2,6448,买盘,2017-07-04,2017-07-04 14:54:27
14:54:33,14:54:33,32.24,--,2,6448,买盘,2017-07-04,2017-07-04 14:54:33
14:54:39,14:54:39,32.24,--,5,16120,买盘,2017-07-04,2017-07-04 14:54:39
14:54:42,14:54:42,32.24,--,7,22568,买盘,2017-07-04,2017-07-04 14:54:42
14:54:45,14:54:45,32.25,0.01,74,238650,买盘,2017-07-04,2017-07-04 14:54:45
14:54:51,14:54:51,32.25,--,6,19350,买盘,2017-07-04,2017-07-04 14:54:51
14:54:57,14:54:57,32.26,0.01,10,32259,买盘,2017-07-04,2017-07-04 14:54:57
14:55:03,14:55:03,32.25,-0.01,2,6450,卖盘,2017-07-04,2017-07-04 14:55:03
14:55:06,14:55:06,32.25,--,2,6450,买盘,2017-07-04,2017-07-04 14:55:06
14:55:09,14:55:09,32.25,--,25,80625,卖盘,2017-07-04,2017-07-04 14:55:09
14:55:12,14:55:12,32.26,0.01,4,12904,买盘,2017-07-04,2017-07-04 14:55:12
14:55:15,14:55:15,32.24,-0.02,11,35464,卖盘,2017-07-04,2017-07-04 14:55:15
14:55:21,14:55:21,32.25,0.01,4,12900,买盘,2017-07-04,2017-07-04 14:55:21
14:55:33,14:55:33,32.25,--,2,6450,买盘,2017-07-04,2017-07-04 14:55:33
14:55:39,14:55:39,32.25,--,36,116100,买盘,2017-07-04,2017-07-04 14:55:39
14:55:45,14:55:45,32.25,--,16,51600,卖盘,2017-07-04,2017-07-04 14:55:45
14:55:51,14:55:51,32.26,0.01,10,32259,买盘,2017-07-04,2017-07-04 14:55:51
14:55:54,14:55:54,32.25,-0.01,3,9675,卖盘,2017-07-04,2017-07-04 14:55:54
14:55:57,14:55:57,32.26,0.01,8,25808,买盘,2017-07-04,2017-07-04 14:55:57
14:56:03,14:56:03,32.25,-0.01,1,3225,卖盘,2017-07-04,2017-07-04 14:56:03
