idx_time,time,price,change,volume,amount,type,date,date_time
09:25:03,09:25:03,6.85,6.85,40,27400,买盘,2017-07-27,2017-07-27 09:25:03
09:30:00,09:30:00,6.85,--,0,0,卖盘,2017-07-27,2017-07-27 09:30:00
09:30:03,09:30:03,6.86,0.01,34,23324,中性盘,2017-07-27,2017-07-27 09:30:03
09:30:09,09:30:09,6.88,0.02,9,6192,买盘,2017-07-27,2017-07-27 09:30:09
09:30:12,09:30:12,6.86,-0.02,1,686,卖盘,2017-07-27,2017-07-27 09:30:12
09:30:42,09:30:42,6.86,--,35,24010,卖盘,2017-07-27,2017-07-27 09:30:42
09:31:03,09:31:03,6.87,0.01,50,34350,中性盘,2017-07-27,2017-07-27 09:31:03
09:31:21,09:31:21,6.88,0.01,10,6880,买盘,2017-07-27,2017-07-27 09:31:21
09:31:24,09:31:24,6.86,-0.02,12,8232,卖盘,2017-07-27,2017-07-27 09:31:24
09:31:42,09:31:42,6.87,0.01,10,6870,中性盘,2017-07-27,2017-07-27 09:31:42
09:31:45,09:31:45,6.86,-0.01,35,24010,卖盘,2017-07-27,2017-07-27 09:31:45
09:31:48,09:31:48,6.87,0.01,8,5496,买盘,2017-07-27,2017-07-27 09:31:48
09:32:00,09:32:00,6.86,-0.01,18,12348,卖盘,2017-07-27,2017-07-27 09:32:00
09:32:03,09:32:03,6.87,0.01,1,687,买盘,2017-07-27,2017-07-27 09:32:03
09:32:12,09:32:12,6.86,-0.01,30,20580,卖盘,2017-07-27,2017-07-27 09:32:12
09:32:30,09:32:30,6.86,--,1,686,卖盘,2017-07-27,2017-07-27 09:32:30
09:33:15,09:33:15,6.87,0.01,4,2748,买盘,2017-07-27,2017-07-27 09:33:15
09:33:18,09:33:18,6.87,--,100,68700,买盘,2017-07-27,2017-07-27 09:33:18
09:33:33,09:33:33,6.88,0.01,4,2752,买盘,2017-07-27,2017-07-27 09:33:33
09:33:39,09:33:39,6.87,-0.01,3,2061,中性盘,2017-07-27,2017-07-27 09:33:39
09:33:45,09:33:45,6.87,--,8,5496,买盘,2017-07-27,2017-07-27 09:33:45
09:33:48,09:33:48,6.87,--,24,16488,买盘,2017-07-27,2017-07-27 09:33:48
09:34:00,09:34:00,6.87,--,12,8244,卖盘,2017-07-27,2017-07-27 09:34:00
09:34:12,09:34:12,6.87,--,5,3435,卖盘,2017-07-27,2017-07-27 09:34:12
09:34:24,09:34:24,6.87,--,1,687,卖盘,2017-07-27,2017-07-27 09:34:24
09:34:33,09:34:33,6.86,-0.01,30,20580,卖盘,2017-07-27,2017-07-27 09:34:33
09:35:12,09:35:12,6.86,--,30,20580,卖盘,2017-07-27,2017-07-27 09:35:12
09:35:27,09:35:27,6.86,--,40,27440,卖盘,2017-07-27,2017-07-27 09:35:27
09:35:42,09:35:42,6.86,--,100,68600,卖盘,2017-07-27,2017-07-27 09:35:42
09:35:45,09:35:45,6.86,--,50,34300,卖盘,2017-07-27,2017-07-27 09:35:45
09:35:48,09:35:48,6.86,--,32,21952,卖盘,2017-07-27,2017-07-27 09:35:48
09:35:51,09:35:51,6.87,0.01,2,1374,买盘,2017-07-27,2017-07-27 09:35:51
09:36:03,09:36:03,6.87,--,15,10305,买盘,2017-07-27,2017-07-27 09:36:03
09:36:21,09:36:21,6.87,--,16,10992,买盘,2017-07-27,2017-07-27 09:36:21
09:36:30,09:36:30,6.87,--,19,13053,买盘,2017-07-27,2017-07-27 09:36:30
09:36:36,09:36:36,6.87,--,43,29541,买盘,2017-07-27,2017-07-27 09:36:36
09:36:42,09:36:42,6.87,--,32,21984,买盘,2017-07-27,2017-07-27 09:36:42
09:36:54,09:36:54,6.87,--,8,5496,买盘,2017-07-27,2017-07-27 09:36:54
09:37:03,09:37:03,6.87,--,7,4809,买盘,2017-07-27,2017-07-27 09:37:03
09:37:21,09:37:21,6.87,--,16,10992,买盘,2017-07-27,2017-07-27 09:37:21
09:37:33,09:37:33,6.87,--,1,687,买盘,2017-07-27,2017-07-27 09:37:33
09:37:36,09:37:36,6.86,-0.01,26,17836,卖盘,2017-07-27,2017-07-27 09:37:36
09:37:48,09:37:48,6.87,0.01,1,687,买盘,2017-07-27,2017-07-27 09:37:48
09:38:00,09:38:00,6.87,--,20,13740,买盘,2017-07-27,2017-07-27 09:38:00
09:38:03,09:38:03,6.86,-0.01,26,17836,卖盘,2017-07-27,2017-07-27 09:38:03
09:38:09,09:38:09,6.86,--,64,43904,卖盘,2017-07-27,2017-07-27 09:38:09
09:38:15,09:38:15,6.86,--,48,32928,卖盘,2017-07-27,2017-07-27 09:38:15
09:38:24,09:38:24,6.86,--,15,10290,卖盘,2017-07-27,2017-07-27 09:38:24
09:38:27,09:38:27,6.86,--,14,9604,卖盘,2017-07-27,2017-07-27 09:38:27
09:38:45,09:38:45,6.87,0.01,60,41220,买盘,2017-07-27,2017-07-27 09:38:45
09:38:51,09:38:51,6.86,-0.01,6,4116,卖盘,2017-07-27,2017-07-27 09:38:51
09:39:18,09:39:18,6.86,--,14,9604,买盘,2017-07-27,2017-07-27 09:39:18
09:39:33,09:39:33,6.86,--,14,9604,卖盘,2017-07-27,2017-07-27 09:39:33
09:39:48,09:39:48,6.87,0.01,15,10305,买盘,2017-07-27,2017-07-27 09:39:48
09:39:54,09:39:54,6.86,-0.01,47,32242,卖盘,2017-07-27,2017-07-27 09:39:54
09:40:03,09:40:03,6.86,--,1,686,卖盘,2017-07-27,2017-07-27 09:40:03
09:40:15,09:40:15,6.86,--,50,34300,卖盘,2017-07-27,2017-07-27 09:40:15
09:40:27,09:40:27,6.87,0.01,39,26793,买盘,2017-07-27,2017-07-27 09:40:27
09:40:33,09:40:33,6.87,--,50,34350,买盘,2017-07-27,2017-07-27 09:40:33
09:40:48,09:40:48,6.86,-0.01,20,13720,卖盘,2017-07-27,2017-07-27 09:40:48
09:41:03,09:41:03,6.86,--,30,20580,卖盘,2017-07-27,2017-07-27 09:41:03
09:41:27,09:41:27,6.86,--,36,24696,卖盘,2017-07-27,2017-07-27 09:41:27
09:41:30,09:41:30,6.87,0.01,4,2748,买盘,2017-07-27,2017-07-27 09:41:30
09:42:21,09:42:21,6.87,--,2,1374,买盘,2017-07-27,2017-07-27 09:42:21
09:42:24,09:42:24,6.87,--,13,8931,买盘,2017-07-27,2017-07-27 09:42:24
09:42:33,09:42:33,6.87,--,9,6183,买盘,2017-07-27,2017-07-27 09:42:33
09:42:36,09:42:36,6.87,--,3,2061,买盘,2017-07-27,2017-07-27 09:42:36
09:42:48,09:42:48,6.87,--,2,1374,买盘,2017-07-27,2017-07-27 09:42:48
09:42:51,09:42:51,6.87,--,15,10305,买盘,2017-07-27,2017-07-27 09:42:51
09:43:00,09:43:00,6.87,--,21,14427,买盘,2017-07-27,2017-07-27 09:43:00
09:43:03,09:43:03,6.87,--,9,6183,买盘,2017-07-27,2017-07-27 09:43:03
09:43:18,09:43:18,6.86,-0.01,104,71344,卖盘,2017-07-27,2017-07-27 09:43:18
09:43:21,09:43:21,6.87,0.01,6,4122,买盘,2017-07-27,2017-07-27 09:43:21
09:43:24,09:43:24,6.88,0.01,176,121088,买盘,2017-07-27,2017-07-27 09:43:24
09:43:33,09:43:33,6.88,--,5,3440,买盘,2017-07-27,2017-07-27 09:43:33
09:43:36,09:43:36,6.87,-0.01,18,12366,卖盘,2017-07-27,2017-07-27 09:43:36
09:43:39,09:43:39,6.88,0.01,1,688,买盘,2017-07-27,2017-07-27 09:43:39
09:43:48,09:43:48,6.88,--,50,34400,买盘,2017-07-27,2017-07-27 09:43:48
09:43:51,09:43:51,6.88,--,11,7568,买盘,2017-07-27,2017-07-27 09:43:51
09:43:57,09:43:57,6.88,--,5,3440,买盘,2017-07-27,2017-07-27 09:43:57
09:44:00,09:44:00,6.88,--,67,46096,买盘,2017-07-27,2017-07-27 09:44:00
09:44:03,09:44:03,6.88,--,6,4128,买盘,2017-07-27,2017-07-27 09:44:03
09:44:09,09:44:09,6.88,--,3,2064,买盘,2017-07-27,2017-07-27 09:44:09
09:44:18,09:44:18,6.89,0.01,4,2756,买盘,2017-07-27,2017-07-27 09:44:18
09:44:21,09:44:21,6.89,--,6,4134,买盘,2017-07-27,2017-07-27 09:44:21
09:44:30,09:44:30,6.89,--,40,27560,买盘,2017-07-27,2017-07-27 09:44:30
09:44:33,09:44:33,6.89,--,20,13780,买盘,2017-07-27,2017-07-27 09:44:33
09:44:39,09:44:39,6.89,--,7,4823,买盘,2017-07-27,2017-07-27 09:44:39
09:44:42,09:44:42,6.89,--,3,2067,买盘,2017-07-27,2017-07-27 09:44:42
09:44:54,09:44:54,6.89,--,2,1378,买盘,2017-07-27,2017-07-27 09:44:54
09:45:12,09:45:12,6.89,--,77,53053,买盘,2017-07-27,2017-07-27 09:45:12
09:45:15,09:45:15,6.89,--,73,50297,卖盘,2017-07-27,2017-07-27 09:45:15
09:45:21,09:45:21,6.89,--,27,18603,买盘,2017-07-27,2017-07-27 09:45:21
09:45:36,09:45:36,6.91,0.02,405,279855,买盘,2017-07-27,2017-07-27 09:45:36
09:45:39,09:45:39,6.9,-0.01,20,13800,卖盘,2017-07-27,2017-07-27 09:45:39
09:45:42,09:45:42,6.91,0.01,6,4146,买盘,2017-07-27,2017-07-27 09:45:42
09:45:45,09:45:45,6.91,--,19,13129,买盘,2017-07-27,2017-07-27 09:45:45
09:45:54,09:45:54,6.91,--,130,89830,买盘,2017-07-27,2017-07-27 09:45:54
09:45:57,09:45:57,6.91,--,42,29022,买盘,2017-07-27,2017-07-27 09:45:57
09:46:03,09:46:03,6.91,--,122,84302,买盘,2017-07-27,2017-07-27 09:46:03
09:46:06,09:46:06,6.91,--,7,4837,买盘,2017-07-27,2017-07-27 09:46:06
09:46:09,09:46:09,6.91,--,10,6910,买盘,2017-07-27,2017-07-27 09:46:09
09:46:12,09:46:12,6.91,--,10,6910,卖盘,2017-07-27,2017-07-27 09:46:12
09:46:21,09:46:21,6.92,0.01,19,13148,买盘,2017-07-27,2017-07-27 09:46:21
09:46:24,09:46:24,6.92,--,2,1384,买盘,2017-07-27,2017-07-27 09:46:24
09:46:27,09:46:27,6.91,-0.01,3,2073,卖盘,2017-07-27,2017-07-27 09:46:27
09:46:30,09:46:30,6.92,0.01,20,13840,买盘,2017-07-27,2017-07-27 09:46:30
09:46:33,09:46:33,6.91,-0.01,5,3455,卖盘,2017-07-27,2017-07-27 09:46:33
09:46:36,09:46:36,6.92,0.01,68,47056,买盘,2017-07-27,2017-07-27 09:46:36
09:46:39,09:46:39,6.92,--,35,24220,买盘,2017-07-27,2017-07-27 09:46:39
09:46:48,09:46:48,6.92,--,34,23528,买盘,2017-07-27,2017-07-27 09:46:48
09:46:54,09:46:54,6.92,--,20,13840,买盘,2017-07-27,2017-07-27 09:46:54
09:47:00,09:47:00,6.92,--,15,10380,买盘,2017-07-27,2017-07-27 09:47:00
09:47:12,09:47:12,6.92,--,18,12456,买盘,2017-07-27,2017-07-27 09:47:12
09:47:15,09:47:15,6.91,-0.01,217,149947,卖盘,2017-07-27,2017-07-27 09:47:15
09:47:18,09:47:18,6.92,0.01,21,14532,买盘,2017-07-27,2017-07-27 09:47:18
09:47:21,09:47:21,6.92,--,18,12456,买盘,2017-07-27,2017-07-27 09:47:21
09:47:27,09:47:27,6.92,--,18,12456,买盘,2017-07-27,2017-07-27 09:47:27
09:47:48,09:47:48,6.92,--,18,12456,买盘,2017-07-27,2017-07-27 09:47:48
09:47:51,09:47:51,6.92,--,11,7612,买盘,2017-07-27,2017-07-27 09:47:51
09:48:00,09:48:00,6.92,--,3,2076,买盘,2017-07-27,2017-07-27 09:48:00
09:48:03,09:48:03,6.92,--,17,11764,买盘,2017-07-27,2017-07-27 09:48:03
09:48:06,09:48:06,6.92,--,10,6920,买盘,2017-07-27,2017-07-27 09:48:06
09:48:09,09:48:09,6.92,--,9,6228,买盘,2017-07-27,2017-07-27 09:48:09
09:48:12,09:48:12,6.92,--,9,6228,买盘,2017-07-27,2017-07-27 09:48:12
09:48:18,09:48:18,6.92,--,29,20068,买盘,2017-07-27,2017-07-27 09:48:18
09:48:21,09:48:21,6.91,-0.01,200,138200,卖盘,2017-07-27,2017-07-27 09:48:21
09:48:24,09:48:24,6.92,0.01,10,6920,买盘,2017-07-27,2017-07-27 09:48:24
09:48:27,09:48:27,6.92,--,44,30448,买盘,2017-07-27,2017-07-27 09:48:27
09:48:30,09:48:30,6.91,-0.01,140,96740,卖盘,2017-07-27,2017-07-27 09:48:30
09:48:33,09:48:33,6.91,--,122,84302,卖盘,2017-07-27,2017-07-27 09:48:33
09:48:36,09:48:36,6.91,--,50,34550,卖盘,2017-07-27,2017-07-27 09:48:36
09:48:39,09:48:39,6.92,0.01,260,179920,买盘,2017-07-27,2017-07-27 09:48:39
09:48:42,09:48:42,6.91,-0.01,5,3455,卖盘,2017-07-27,2017-07-27 09:48:42
09:48:54,09:48:54,6.91,--,28,19348,买盘,2017-07-27,2017-07-27 09:48:54
09:49:18,09:49:18,6.9,-0.01,13,8970,卖盘,2017-07-27,2017-07-27 09:49:18
09:49:24,09:49:24,6.9,--,8,5520,卖盘,2017-07-27,2017-07-27 09:49:24
09:49:27,09:49:27,6.9,--,9,6210,卖盘,2017-07-27,2017-07-27 09:49:27
09:49:30,09:49:30,6.9,--,84,57960,卖盘,2017-07-27,2017-07-27 09:49:30
09:49:39,09:49:39,6.89,-0.01,32,22048,卖盘,2017-07-27,2017-07-27 09:49:39
09:49:45,09:49:45,6.9,0.01,24,16560,买盘,2017-07-27,2017-07-27 09:49:45
09:49:51,09:49:51,6.91,0.01,100,69100,买盘,2017-07-27,2017-07-27 09:49:51
09:49:57,09:49:57,6.91,--,114,78774,买盘,2017-07-27,2017-07-27 09:49:57
09:50:12,09:50:12,6.91,--,109,75319,买盘,2017-07-27,2017-07-27 09:50:12
09:50:15,09:50:15,6.9,-0.01,5,3450,卖盘,2017-07-27,2017-07-27 09:50:15
09:50:18,09:50:18,6.9,--,10,6900,卖盘,2017-07-27,2017-07-27 09:50:18
09:50:24,09:50:24,6.91,0.01,200,138200,买盘,2017-07-27,2017-07-27 09:50:24
09:50:36,09:50:36,6.91,--,35,24185,买盘,2017-07-27,2017-07-27 09:50:36
09:50:42,09:50:42,6.9,-0.01,22,15180,卖盘,2017-07-27,2017-07-27 09:50:42
09:50:48,09:50:48,6.91,0.01,3,2073,买盘,2017-07-27,2017-07-27 09:50:48
09:50:51,09:50:51,6.92,0.01,9,6228,买盘,2017-07-27,2017-07-27 09:50:51
09:50:54,09:50:54,6.91,-0.01,1,691,卖盘,2017-07-27,2017-07-27 09:50:54
09:51:03,09:51:03,6.92,0.01,15,10380,买盘,2017-07-27,2017-07-27 09:51:03
09:51:06,09:51:06,6.91,-0.01,9,6219,卖盘,2017-07-27,2017-07-27 09:51:06
09:51:15,09:51:15,6.91,--,12,8292,买盘,2017-07-27,2017-07-27 09:51:15
09:51:18,09:51:18,6.91,--,31,21421,买盘,2017-07-27,2017-07-27 09:51:18
09:51:21,09:51:21,6.92,0.01,80,55360,买盘,2017-07-27,2017-07-27 09:51:21
09:51:30,09:51:30,6.91,-0.01,18,12438,卖盘,2017-07-27,2017-07-27 09:51:30
09:51:45,09:51:45,6.92,0.01,13,8996,买盘,2017-07-27,2017-07-27 09:51:45
09:51:48,09:51:48,6.91,-0.01,15,10365,卖盘,2017-07-27,2017-07-27 09:51:48
09:52:06,09:52:06,6.92,0.01,21,14532,买盘,2017-07-27,2017-07-27 09:52:06
09:52:15,09:52:15,6.91,-0.01,20,13820,卖盘,2017-07-27,2017-07-27 09:52:15
09:52:30,09:52:30,6.92,0.01,10,6920,买盘,2017-07-27,2017-07-27 09:52:30
09:52:45,09:52:45,6.92,--,400,276800,买盘,2017-07-27,2017-07-27 09:52:45
09:53:09,09:53:09,6.92,--,13,8996,买盘,2017-07-27,2017-07-27 09:53:09
09:53:15,09:53:15,6.92,--,500,346000,买盘,2017-07-27,2017-07-27 09:53:15
09:53:21,09:53:21,6.91,-0.01,206,142346,卖盘,2017-07-27,2017-07-27 09:53:21
09:53:24,09:53:24,6.92,0.01,10,6920,买盘,2017-07-27,2017-07-27 09:53:24
09:53:27,09:53:27,6.92,--,86,59512,买盘,2017-07-27,2017-07-27 09:53:27
09:53:33,09:53:33,6.92,--,30,20760,卖盘,2017-07-27,2017-07-27 09:53:33
09:53:36,09:53:36,6.92,--,1,692,卖盘,2017-07-27,2017-07-27 09:53:36
09:53:39,09:53:39,6.92,--,195,134940,卖盘,2017-07-27,2017-07-27 09:53:39
09:53:42,09:53:42,6.91,-0.01,20,13820,卖盘,2017-07-27,2017-07-27 09:53:42
09:53:51,09:53:51,6.92,0.01,3,2076,买盘,2017-07-27,2017-07-27 09:53:51
09:53:54,09:53:54,6.92,--,48,33216,买盘,2017-07-27,2017-07-27 09:53:54
09:54:00,09:54:00,6.92,--,51,35292,买盘,2017-07-27,2017-07-27 09:54:00
09:54:12,09:54:12,6.93,0.01,228,158004,买盘,2017-07-27,2017-07-27 09:54:12
09:54:18,09:54:18,6.92,-0.01,33,22836,卖盘,2017-07-27,2017-07-27 09:54:18
09:54:42,09:54:42,6.92,--,163,112796,买盘,2017-07-27,2017-07-27 09:54:42
09:54:57,09:54:57,6.92,--,39,26988,买盘,2017-07-27,2017-07-27 09:54:57
09:55:00,09:55:00,6.92,--,156,107952,买盘,2017-07-27,2017-07-27 09:55:00
09:55:03,09:55:03,6.92,--,114,78888,买盘,2017-07-27,2017-07-27 09:55:03
09:55:06,09:55:06,6.92,--,30,20760,买盘,2017-07-27,2017-07-27 09:55:06
09:55:15,09:55:15,6.92,--,9,6228,买盘,2017-07-27,2017-07-27 09:55:15
09:55:18,09:55:18,6.92,--,23,15916,买盘,2017-07-27,2017-07-27 09:55:18
09:55:21,09:55:21,6.92,--,14,9688,买盘,2017-07-27,2017-07-27 09:55:21
09:55:27,09:55:27,6.92,--,82,56744,买盘,2017-07-27,2017-07-27 09:55:27
09:55:36,09:55:36,6.93,0.01,449,311157,买盘,2017-07-27,2017-07-27 09:55:36
09:55:45,09:55:45,6.93,--,208,144144,买盘,2017-07-27,2017-07-27 09:55:45
09:55:51,09:55:51,6.93,--,43,29799,买盘,2017-07-27,2017-07-27 09:55:51
09:55:54,09:55:54,6.93,--,320,221760,买盘,2017-07-27,2017-07-27 09:55:54
09:55:57,09:55:57,6.93,--,33,23021,买盘,2017-07-27,2017-07-27 09:55:57
09:56:09,09:56:09,6.94,0.01,100,69400,买盘,2017-07-27,2017-07-27 09:56:09
09:56:12,09:56:12,6.94,--,30,20820,买盘,2017-07-27,2017-07-27 09:56:12
09:56:18,09:56:18,6.94,--,25,17350,买盘,2017-07-27,2017-07-27 09:56:18
09:56:21,09:56:21,6.94,--,101,70094,买盘,2017-07-27,2017-07-27 09:56:21
09:56:24,09:56:24,6.94,--,324,224856,买盘,2017-07-27,2017-07-27 09:56:24
09:56:30,09:56:30,6.94,--,10,6940,卖盘,2017-07-27,2017-07-27 09:56:30
09:56:33,09:56:33,6.95,0.01,31,21545,买盘,2017-07-27,2017-07-27 09:56:33
09:56:39,09:56:39,6.95,--,50,34750,买盘,2017-07-27,2017-07-27 09:56:39
09:56:42,09:56:42,6.95,--,67,46565,买盘,2017-07-27,2017-07-27 09:56:42
09:56:45,09:56:45,6.95,--,2,1390,买盘,2017-07-27,2017-07-27 09:56:45
09:56:48,09:56:48,6.95,--,300,208500,买盘,2017-07-27,2017-07-27 09:56:48
09:56:51,09:56:51,6.95,--,288,200160,买盘,2017-07-27,2017-07-27 09:56:51
09:56:54,09:56:54,6.95,--,24,16680,买盘,2017-07-27,2017-07-27 09:56:54
09:56:57,09:56:57,6.96,0.01,20,13920,买盘,2017-07-27,2017-07-27 09:56:57
09:57:00,09:57:00,6.96,--,14,9744,买盘,2017-07-27,2017-07-27 09:57:00
09:57:03,09:57:03,6.96,--,50,34800,买盘,2017-07-27,2017-07-27 09:57:03
09:57:06,09:57:06,6.98,0.02,1116,778968,买盘,2017-07-27,2017-07-27 09:57:06
09:57:12,09:57:12,6.97,-0.01,8,5576,买盘,2017-07-27,2017-07-27 09:57:12
09:57:15,09:57:15,6.99,0.02,240,167760,买盘,2017-07-27,2017-07-27 09:57:15
09:57:18,09:57:18,6.97,-0.02,22,15334,卖盘,2017-07-27,2017-07-27 09:57:18
09:57:21,09:57:21,6.98,0.01,7,4886,中性盘,2017-07-27,2017-07-27 09:57:21
09:57:24,09:57:24,6.99,0.01,207,144693,买盘,2017-07-27,2017-07-27 09:57:24
09:57:27,09:57:27,6.99,--,204,142596,买盘,2017-07-27,2017-07-27 09:57:27
09:57:30,09:57:30,6.99,--,422,294978,买盘,2017-07-27,2017-07-27 09:57:30
09:57:33,09:57:33,6.99,--,6,4194,卖盘,2017-07-27,2017-07-27 09:57:33
09:57:36,09:57:36,7.0,0.01,460,322000,买盘,2017-07-27,2017-07-27 09:57:36
09:57:39,09:57:39,7.02,0.02,83,58266,买盘,2017-07-27,2017-07-27 09:57:39
09:57:42,09:57:42,7.01,-0.01,140,98140,中性盘,2017-07-27,2017-07-27 09:57:42
09:57:45,09:57:45,7.01,--,7,4907,卖盘,2017-07-27,2017-07-27 09:57:45
09:57:48,09:57:48,7.02,0.01,51,35802,买盘,2017-07-27,2017-07-27 09:57:48
09:57:51,09:57:51,7.04,0.02,438,308352,买盘,2017-07-27,2017-07-27 09:57:51
09:57:54,09:57:54,7.04,--,70,49280,卖盘,2017-07-27,2017-07-27 09:57:54
09:57:57,09:57:57,7.04,--,50,35200,卖盘,2017-07-27,2017-07-27 09:57:57
09:58:00,09:58:00,7.04,--,53,37312,卖盘,2017-07-27,2017-07-27 09:58:00
09:58:03,09:58:03,7.04,--,152,107008,买盘,2017-07-27,2017-07-27 09:58:03
09:58:06,09:58:06,7.04,--,101,71104,买盘,2017-07-27,2017-07-27 09:58:06
09:58:09,09:58:09,7.04,--,10,7040,买盘,2017-07-27,2017-07-27 09:58:09
09:58:12,09:58:12,7.04,--,62,43648,买盘,2017-07-27,2017-07-27 09:58:12
09:58:15,09:58:15,7.03,-0.01,383,269249,买盘,2017-07-27,2017-07-27 09:58:15
09:58:18,09:58:18,7.03,--,76,53428,买盘,2017-07-27,2017-07-27 09:58:18
09:58:21,09:58:21,7.03,--,68,47804,卖盘,2017-07-27,2017-07-27 09:58:21
09:58:24,09:58:24,7.02,-0.01,130,91260,卖盘,2017-07-27,2017-07-27 09:58:24
09:58:27,09:58:27,7.03,0.01,221,155363,买盘,2017-07-27,2017-07-27 09:58:27
09:58:30,09:58:30,7.03,--,110,77351,卖盘,2017-07-27,2017-07-27 09:58:30
09:58:33,09:58:33,7.03,--,156,109668,卖盘,2017-07-27,2017-07-27 09:58:33
09:58:36,09:58:36,7.03,--,167,117401,卖盘,2017-07-27,2017-07-27 09:58:36
09:58:39,09:58:39,7.02,-0.01,40,28080,卖盘,2017-07-27,2017-07-27 09:58:39
09:58:42,09:58:42,7.03,0.01,20,14060,买盘,2017-07-27,2017-07-27 09:58:42
09:58:45,09:58:45,7.02,-0.01,44,30887,卖盘,2017-07-27,2017-07-27 09:58:45
09:58:48,09:58:48,7.03,0.01,79,56218,买盘,2017-07-27,2017-07-27 09:58:48
09:58:54,09:58:54,7.02,-0.01,25,17550,买盘,2017-07-27,2017-07-27 09:58:54
09:58:57,09:58:57,7.02,--,114,80028,买盘,2017-07-27,2017-07-27 09:58:57
09:59:00,09:59:00,7.0,-0.02,248,173600,卖盘,2017-07-27,2017-07-27 09:59:00
09:59:03,09:59:03,7.0,--,41,28700,卖盘,2017-07-27,2017-07-27 09:59:03
09:59:06,09:59:06,7.01,0.01,29,20329,买盘,2017-07-27,2017-07-27 09:59:06
09:59:09,09:59:09,7.01,--,34,23834,买盘,2017-07-27,2017-07-27 09:59:09
09:59:12,09:59:12,7.01,--,6,4206,买盘,2017-07-27,2017-07-27 09:59:12
09:59:15,09:59:15,7.01,--,64,44864,买盘,2017-07-27,2017-07-27 09:59:15
09:59:18,09:59:18,7.01,--,20,14020,买盘,2017-07-27,2017-07-27 09:59:18
09:59:21,09:59:21,7.01,--,142,99542,买盘,2017-07-27,2017-07-27 09:59:21
09:59:24,09:59:24,7.01,--,117,82017,买盘,2017-07-27,2017-07-27 09:59:24
09:59:27,09:59:27,7.01,--,167,117067,卖盘,2017-07-27,2017-07-27 09:59:27
09:59:30,09:59:30,7.01,--,59,41359,卖盘,2017-07-27,2017-07-27 09:59:30
09:59:36,09:59:36,7.02,0.01,33,23166,买盘,2017-07-27,2017-07-27 09:59:36
09:59:39,09:59:39,7.02,--,69,48438,买盘,2017-07-27,2017-07-27 09:59:39
09:59:42,09:59:42,7.01,-0.01,8,5608,卖盘,2017-07-27,2017-07-27 09:59:42
09:59:45,09:59:45,7.02,0.01,315,221130,买盘,2017-07-27,2017-07-27 09:59:45
09:59:48,09:59:48,7.02,--,400,280800,买盘,2017-07-27,2017-07-27 09:59:48
09:59:51,09:59:51,7.02,--,204,143208,买盘,2017-07-27,2017-07-27 09:59:51
09:59:54,09:59:54,7.02,--,83,58266,买盘,2017-07-27,2017-07-27 09:59:54
09:59:57,09:59:57,7.01,-0.01,6,4206,卖盘,2017-07-27,2017-07-27 09:59:57
10:00:00,10:00:00,7.01,--,54,37854,买盘,2017-07-27,2017-07-27 10:00:00
10:00:03,10:00:03,7.01,--,73,51173,买盘,2017-07-27,2017-07-27 10:00:03
10:00:06,10:00:06,7.02,0.01,72,50544,买盘,2017-07-27,2017-07-27 10:00:06
10:00:09,10:00:09,7.01,-0.01,39,27339,卖盘,2017-07-27,2017-07-27 10:00:09
10:00:12,10:00:12,7.02,0.01,14,9828,买盘,2017-07-27,2017-07-27 10:00:12
10:00:15,10:00:15,7.02,--,166,116532,买盘,2017-07-27,2017-07-27 10:00:15
10:00:18,10:00:18,7.01,-0.01,4,2804,卖盘,2017-07-27,2017-07-27 10:00:18
10:00:21,10:00:21,7.02,0.01,85,59670,买盘,2017-07-27,2017-07-27 10:00:21
10:00:24,10:00:24,7.02,--,68,47736,买盘,2017-07-27,2017-07-27 10:00:24
10:00:27,10:00:27,7.02,--,68,47736,买盘,2017-07-27,2017-07-27 10:00:27
10:00:30,10:00:30,7.02,--,45,31589,买盘,2017-07-27,2017-07-27 10:00:30
10:00:33,10:00:33,7.02,--,259,181818,买盘,2017-07-27,2017-07-27 10:00:33
10:00:36,10:00:36,7.02,--,5,3510,买盘,2017-07-27,2017-07-27 10:00:36
10:00:39,10:00:39,7.02,--,62,43524,买盘,2017-07-27,2017-07-27 10:00:39
10:00:42,10:00:42,7.02,--,50,35100,买盘,2017-07-27,2017-07-27 10:00:42
10:00:45,10:00:45,7.02,--,15,10530,买盘,2017-07-27,2017-07-27 10:00:45
10:00:48,10:00:48,7.02,--,189,132678,买盘,2017-07-27,2017-07-27 10:00:48
10:00:51,10:00:51,7.02,--,20,14040,买盘,2017-07-27,2017-07-27 10:00:51
10:00:54,10:00:54,7.02,--,420,294840,买盘,2017-07-27,2017-07-27 10:00:54
10:00:57,10:00:57,7.02,--,56,39340,买盘,2017-07-27,2017-07-27 10:00:57
10:01:00,10:01:00,7.02,--,30,21060,卖盘,2017-07-27,2017-07-27 10:01:00
10:01:03,10:01:03,7.03,0.01,88,61864,买盘,2017-07-27,2017-07-27 10:01:03
10:01:06,10:01:06,7.02,-0.01,50,35100,卖盘,2017-07-27,2017-07-27 10:01:06
10:01:09,10:01:09,7.02,--,55,38610,卖盘,2017-07-27,2017-07-27 10:01:09
10:01:12,10:01:12,7.03,0.01,379,266437,买盘,2017-07-27,2017-07-27 10:01:12
10:01:15,10:01:15,7.02,-0.01,736,517345,卖盘,2017-07-27,2017-07-27 10:01:15
10:01:18,10:01:18,7.02,--,186,130571,买盘,2017-07-27,2017-07-27 10:01:18
10:01:21,10:01:21,7.02,--,20,14040,买盘,2017-07-27,2017-07-27 10:01:21
10:01:24,10:01:24,7.03,0.01,480,337468,买盘,2017-07-27,2017-07-27 10:01:24
10:01:27,10:01:27,7.02,-0.01,3,2106,卖盘,2017-07-27,2017-07-27 10:01:27
10:01:33,10:01:33,7.02,--,35,24570,卖盘,2017-07-27,2017-07-27 10:01:33
10:01:36,10:01:36,7.03,0.01,10,7030,买盘,2017-07-27,2017-07-27 10:01:36
10:01:39,10:01:39,7.03,--,40,28120,买盘,2017-07-27,2017-07-27 10:01:39
10:01:42,10:01:42,7.03,--,68,47804,买盘,2017-07-27,2017-07-27 10:01:42
10:01:45,10:01:45,7.03,--,18,12654,买盘,2017-07-27,2017-07-27 10:01:45
10:01:48,10:01:48,7.01,-0.02,783,548883,卖盘,2017-07-27,2017-07-27 10:01:48
10:01:51,10:01:51,7.02,0.01,10,7020,中性盘,2017-07-27,2017-07-27 10:01:51
10:01:54,10:01:54,7.03,0.01,17,11951,买盘,2017-07-27,2017-07-27 10:01:54
10:02:03,10:02:03,7.03,--,15,10545,买盘,2017-07-27,2017-07-27 10:02:03
10:02:06,10:02:06,7.03,--,202,142006,买盘,2017-07-27,2017-07-27 10:02:06
10:02:09,10:02:09,7.03,--,85,59755,买盘,2017-07-27,2017-07-27 10:02:09
10:02:12,10:02:12,7.03,--,11,7733,买盘,2017-07-27,2017-07-27 10:02:12
10:02:15,10:02:15,7.03,--,34,23902,买盘,2017-07-27,2017-07-27 10:02:15
10:02:18,10:02:18,7.03,--,5,3515,买盘,2017-07-27,2017-07-27 10:02:18
10:02:21,10:02:21,7.03,--,16,11248,买盘,2017-07-27,2017-07-27 10:02:21
10:02:24,10:02:24,7.03,--,330,231990,买盘,2017-07-27,2017-07-27 10:02:24
10:02:27,10:02:27,7.03,--,8,5624,买盘,2017-07-27,2017-07-27 10:02:27
10:02:30,10:02:30,7.02,-0.01,15,10530,卖盘,2017-07-27,2017-07-27 10:02:30
10:02:33,10:02:33,7.03,0.01,56,39368,买盘,2017-07-27,2017-07-27 10:02:33
10:02:36,10:02:36,7.03,--,55,38665,卖盘,2017-07-27,2017-07-27 10:02:36
10:02:42,10:02:42,7.03,--,60,42180,卖盘,2017-07-27,2017-07-27 10:02:42
10:02:45,10:02:45,7.04,0.01,69,48576,买盘,2017-07-27,2017-07-27 10:02:45
10:02:48,10:02:48,7.04,--,201,141504,买盘,2017-07-27,2017-07-27 10:02:48
10:02:51,10:02:51,7.04,--,85,59840,买盘,2017-07-27,2017-07-27 10:02:51
10:02:54,10:02:54,7.04,--,229,161216,买盘,2017-07-27,2017-07-27 10:02:54
10:02:57,10:02:57,7.04,--,185,130240,买盘,2017-07-27,2017-07-27 10:02:57
10:03:03,10:03:03,7.05,0.01,92,64860,买盘,2017-07-27,2017-07-27 10:03:03
10:03:06,10:03:06,7.04,-0.01,45,31680,卖盘,2017-07-27,2017-07-27 10:03:06
10:03:09,10:03:09,7.05,0.01,35,24675,买盘,2017-07-27,2017-07-27 10:03:09
10:03:12,10:03:12,7.05,--,58,40890,买盘,2017-07-27,2017-07-27 10:03:12
10:03:15,10:03:15,7.05,--,108,76140,买盘,2017-07-27,2017-07-27 10:03:15
10:03:18,10:03:18,7.05,--,63,44415,买盘,2017-07-27,2017-07-27 10:03:18
10:03:21,10:03:21,7.05,--,90,63450,卖盘,2017-07-27,2017-07-27 10:03:21
10:03:27,10:03:27,7.07,0.02,303,214221,买盘,2017-07-27,2017-07-27 10:03:27
10:03:30,10:03:30,7.06,-0.01,30,21180,卖盘,2017-07-27,2017-07-27 10:03:30
10:03:36,10:03:36,7.07,0.01,15,10605,买盘,2017-07-27,2017-07-27 10:03:36
10:03:39,10:03:39,7.07,--,248,175336,买盘,2017-07-27,2017-07-27 10:03:39
10:03:42,10:03:42,7.08,0.01,152,107616,买盘,2017-07-27,2017-07-27 10:03:42
10:03:45,10:03:45,7.07,-0.01,10,7070,卖盘,2017-07-27,2017-07-27 10:03:45
10:03:48,10:03:48,7.08,0.01,56,39648,买盘,2017-07-27,2017-07-27 10:03:48
10:03:51,10:03:51,7.08,--,275,194700,买盘,2017-07-27,2017-07-27 10:03:51
10:03:54,10:03:54,7.09,0.01,339,240351,买盘,2017-07-27,2017-07-27 10:03:54
10:03:57,10:03:57,7.08,-0.01,94,66552,卖盘,2017-07-27,2017-07-27 10:03:57
10:04:00,10:04:00,7.09,0.01,403,285727,买盘,2017-07-27,2017-07-27 10:04:00
10:04:03,10:04:03,7.09,--,292,207120,买盘,2017-07-27,2017-07-27 10:04:03
10:04:06,10:04:06,7.09,--,27,19143,卖盘,2017-07-27,2017-07-27 10:04:06
10:04:09,10:04:09,7.1,0.01,100,71000,买盘,2017-07-27,2017-07-27 10:04:09
10:04:12,10:04:12,7.09,-0.01,17,12053,卖盘,2017-07-27,2017-07-27 10:04:12
10:04:15,10:04:15,7.1,0.01,374,265540,买盘,2017-07-27,2017-07-27 10:04:15
10:04:18,10:04:18,7.1,--,182,129220,买盘,2017-07-27,2017-07-27 10:04:18
10:04:21,10:04:21,7.11,0.01,19,13509,买盘,2017-07-27,2017-07-27 10:04:21
10:04:24,10:04:24,7.1,-0.01,32,22720,卖盘,2017-07-27,2017-07-27 10:04:24
10:04:27,10:04:27,7.12,0.02,374,266288,买盘,2017-07-27,2017-07-27 10:04:27
10:04:30,10:04:30,7.1,-0.02,518,368461,卖盘,2017-07-27,2017-07-27 10:04:30
10:04:33,10:04:33,7.12,0.02,293,208616,买盘,2017-07-27,2017-07-27 10:04:33
10:04:36,10:04:36,7.11,-0.01,91,64701,卖盘,2017-07-27,2017-07-27 10:04:36
10:04:39,10:04:39,7.13,0.02,30,21390,买盘,2017-07-27,2017-07-27 10:04:39
10:04:42,10:04:42,7.12,-0.01,238,169456,卖盘,2017-07-27,2017-07-27 10:04:42
10:04:45,10:04:45,7.13,0.01,140,99820,买盘,2017-07-27,2017-07-27 10:04:45
10:04:48,10:04:48,7.13,--,142,101246,买盘,2017-07-27,2017-07-27 10:04:48
10:04:51,10:04:51,7.12,-0.01,829,590248,卖盘,2017-07-27,2017-07-27 10:04:51
10:04:54,10:04:54,7.15,0.03,289,206635,买盘,2017-07-27,2017-07-27 10:04:54
10:04:57,10:04:57,7.14,-0.01,164,117096,买盘,2017-07-27,2017-07-27 10:04:57
10:05:00,10:05:00,7.13,-0.01,231,164703,卖盘,2017-07-27,2017-07-27 10:05:00
10:05:03,10:05:03,7.13,--,138,98394,买盘,2017-07-27,2017-07-27 10:05:03
10:05:06,10:05:06,7.14,0.01,114,81396,买盘,2017-07-27,2017-07-27 10:05:06
10:05:09,10:05:09,7.14,--,100,71400,买盘,2017-07-27,2017-07-27 10:05:09
10:05:12,10:05:12,7.13,-0.01,107,76291,卖盘,2017-07-27,2017-07-27 10:05:12
10:05:15,10:05:15,7.13,--,190,135470,买盘,2017-07-27,2017-07-27 10:05:15
10:05:18,10:05:18,7.13,--,182,129766,买盘,2017-07-27,2017-07-27 10:05:18
10:05:21,10:05:21,7.13,--,141,100533,买盘,2017-07-27,2017-07-27 10:05:21
10:05:24,10:05:24,7.13,--,200,142600,买盘,2017-07-27,2017-07-27 10:05:24
10:05:27,10:05:27,7.13,--,193,137609,买盘,2017-07-27,2017-07-27 10:05:27
10:05:30,10:05:30,7.13,--,1374,979662,买盘,2017-07-27,2017-07-27 10:05:30
10:05:33,10:05:33,7.12,-0.01,171,121752,中性盘,2017-07-27,2017-07-27 10:05:33
10:05:36,10:05:36,7.12,--,87,61944,卖盘,2017-07-27,2017-07-27 10:05:36
10:05:39,10:05:39,7.13,0.01,385,274505,买盘,2017-07-27,2017-07-27 10:05:39
10:05:42,10:05:42,7.12,-0.01,115,81880,中性盘,2017-07-27,2017-07-27 10:05:42
10:05:45,10:05:45,7.12,--,137,97544,买盘,2017-07-27,2017-07-27 10:05:45
10:05:48,10:05:48,7.12,--,35,24920,卖盘,2017-07-27,2017-07-27 10:05:48
10:05:51,10:05:51,7.12,--,129,91848,卖盘,2017-07-27,2017-07-27 10:05:51
10:05:54,10:05:54,7.13,0.01,134,95542,买盘,2017-07-27,2017-07-27 10:05:54
10:05:57,10:05:57,7.13,--,98,69874,买盘,2017-07-27,2017-07-27 10:05:57
10:06:00,10:06:00,7.13,--,314,223882,买盘,2017-07-27,2017-07-27 10:06:00
10:06:03,10:06:03,7.13,--,44,31372,卖盘,2017-07-27,2017-07-27 10:06:03
10:06:06,10:06:06,7.14,0.01,1,714,买盘,2017-07-27,2017-07-27 10:06:06
10:06:09,10:06:09,7.14,--,184,131376,买盘,2017-07-27,2017-07-27 10:06:09
10:06:12,10:06:12,7.14,--,56,39984,买盘,2017-07-27,2017-07-27 10:06:12
10:06:15,10:06:15,7.15,0.01,12,8580,买盘,2017-07-27,2017-07-27 10:06:15
10:06:18,10:06:18,7.15,--,50,35750,买盘,2017-07-27,2017-07-27 10:06:18
10:06:21,10:06:21,7.15,--,323,230945,买盘,2017-07-27,2017-07-27 10:06:21
10:06:24,10:06:24,7.14,-0.01,77,54978,卖盘,2017-07-27,2017-07-27 10:06:24
10:06:27,10:06:27,7.15,0.01,175,125125,买盘,2017-07-27,2017-07-27 10:06:27
10:06:30,10:06:30,7.16,0.01,157,112412,买盘,2017-07-27,2017-07-27 10:06:30
10:06:33,10:06:33,7.16,--,26,18616,买盘,2017-07-27,2017-07-27 10:06:33
10:06:36,10:06:36,7.15,-0.01,86,61490,卖盘,2017-07-27,2017-07-27 10:06:36
10:06:39,10:06:39,7.16,0.01,146,104536,买盘,2017-07-27,2017-07-27 10:06:39
10:06:42,10:06:42,7.15,-0.01,541,386815,卖盘,2017-07-27,2017-07-27 10:06:42
10:06:45,10:06:45,7.18,0.03,136,97648,买盘,2017-07-27,2017-07-27 10:06:45
10:06:48,10:06:48,7.17,-0.01,140,100380,卖盘,2017-07-27,2017-07-27 10:06:48
10:06:51,10:06:51,7.17,--,146,104682,买盘,2017-07-27,2017-07-27 10:06:51
10:06:54,10:06:54,7.17,--,241,172797,卖盘,2017-07-27,2017-07-27 10:06:54
10:06:57,10:06:57,7.18,0.01,179,128522,买盘,2017-07-27,2017-07-27 10:06:57
10:07:00,10:07:00,7.18,--,111,79698,买盘,2017-07-27,2017-07-27 10:07:00
10:07:03,10:07:03,7.18,--,688,493984,买盘,2017-07-27,2017-07-27 10:07:03
10:07:06,10:07:06,7.17,-0.01,291,208647,卖盘,2017-07-27,2017-07-27 10:07:06
10:07:09,10:07:09,7.2,0.03,672,483840,买盘,2017-07-27,2017-07-27 10:07:09
10:07:12,10:07:12,7.21,0.01,22,15862,买盘,2017-07-27,2017-07-27 10:07:12
10:07:15,10:07:15,7.2,-0.01,55,39600,卖盘,2017-07-27,2017-07-27 10:07:15
10:07:18,10:07:18,7.22,0.02,107,77254,买盘,2017-07-27,2017-07-27 10:07:18
10:07:21,10:07:21,7.21,-0.01,113,81473,卖盘,2017-07-27,2017-07-27 10:07:21
10:07:24,10:07:24,7.21,--,407,293447,买盘,2017-07-27,2017-07-27 10:07:24
10:07:27,10:07:27,7.21,--,229,165109,卖盘,2017-07-27,2017-07-27 10:07:27
10:07:30,10:07:30,7.22,0.01,268,193496,买盘,2017-07-27,2017-07-27 10:07:30
10:07:33,10:07:33,7.23,0.01,160,115680,买盘,2017-07-27,2017-07-27 10:07:33
10:07:36,10:07:36,7.23,--,112,80976,买盘,2017-07-27,2017-07-27 10:07:36
10:07:39,10:07:39,7.22,-0.01,951,686622,卖盘,2017-07-27,2017-07-27 10:07:39
10:07:42,10:07:42,7.24,0.02,238,172312,买盘,2017-07-27,2017-07-27 10:07:42
10:07:45,10:07:45,7.23,-0.01,51,36873,卖盘,2017-07-27,2017-07-27 10:07:45
10:07:48,10:07:48,7.24,0.01,176,127424,买盘,2017-07-27,2017-07-27 10:07:48
10:07:51,10:07:51,7.23,-0.01,179,129417,卖盘,2017-07-27,2017-07-27 10:07:51
10:07:54,10:07:54,7.24,0.01,645,466980,买盘,2017-07-27,2017-07-27 10:07:54
10:07:57,10:07:57,7.24,--,76,55024,卖盘,2017-07-27,2017-07-27 10:07:57
10:08:00,10:08:00,7.25,0.01,81,58725,买盘,2017-07-27,2017-07-27 10:08:00
10:08:03,10:08:03,7.25,--,225,163125,买盘,2017-07-27,2017-07-27 10:08:03
10:08:06,10:08:06,7.26,0.01,1152,836352,买盘,2017-07-27,2017-07-27 10:08:06
10:08:09,10:08:09,7.26,--,205,148830,卖盘,2017-07-27,2017-07-27 10:08:09
10:08:12,10:08:12,7.25,-0.01,418,303050,卖盘,2017-07-27,2017-07-27 10:08:12
10:08:15,10:08:15,7.27,0.02,339,246453,买盘,2017-07-27,2017-07-27 10:08:15
10:08:18,10:08:18,7.27,--,876,636852,卖盘,2017-07-27,2017-07-27 10:08:18
10:08:21,10:08:21,7.28,0.01,486,353808,买盘,2017-07-27,2017-07-27 10:08:21
10:08:24,10:08:24,7.3,0.02,409,298570,买盘,2017-07-27,2017-07-27 10:08:24
10:08:27,10:08:27,7.29,-0.01,225,164025,中性盘,2017-07-27,2017-07-27 10:08:27
10:08:30,10:08:30,7.3,0.01,351,256230,买盘,2017-07-27,2017-07-27 10:08:30
10:08:33,10:08:33,7.3,--,68,49640,卖盘,2017-07-27,2017-07-27 10:08:33
10:08:36,10:08:36,7.33,0.03,309,226497,买盘,2017-07-27,2017-07-27 10:08:36
10:08:39,10:08:39,7.32,-0.01,1156,846192,卖盘,2017-07-27,2017-07-27 10:08:39
10:08:42,10:08:42,7.35,0.03,109,80115,买盘,2017-07-27,2017-07-27 10:08:42
10:08:45,10:08:45,7.35,--,323,237405,买盘,2017-07-27,2017-07-27 10:08:45
10:08:48,10:08:48,7.4,0.05,40,29600,买盘,2017-07-27,2017-07-27 10:08:48
10:08:51,10:08:51,7.38,-0.02,87,64206,买盘,2017-07-27,2017-07-27 10:08:51
10:08:54,10:08:54,7.42,0.04,328,243376,买盘,2017-07-27,2017-07-27 10:08:54
10:08:57,10:08:57,7.38,-0.04,230,169740,卖盘,2017-07-27,2017-07-27 10:08:57
10:09:00,10:09:00,7.44,0.06,234,174096,买盘,2017-07-27,2017-07-27 10:09:00
10:09:03,10:09:03,7.43,-0.01,215,159745,中性盘,2017-07-27,2017-07-27 10:09:03
10:09:06,10:09:06,7.39,-0.04,753,556467,卖盘,2017-07-27,2017-07-27 10:09:06
10:09:09,10:09:09,7.46,0.07,262,195452,买盘,2017-07-27,2017-07-27 10:09:09
10:09:12,10:09:12,7.45,-0.01,155,115475,买盘,2017-07-27,2017-07-27 10:09:12
10:09:15,10:09:15,7.45,--,141,105045,买盘,2017-07-27,2017-07-27 10:09:15
10:09:18,10:09:18,7.45,--,281,209345,买盘,2017-07-27,2017-07-27 10:09:18
10:09:21,10:09:21,7.44,-0.01,295,219480,卖盘,2017-07-27,2017-07-27 10:09:21
10:09:24,10:09:24,7.45,0.01,456,339720,卖盘,2017-07-27,2017-07-27 10:09:24
10:09:27,10:09:27,7.46,0.01,217,161882,买盘,2017-07-27,2017-07-27 10:09:27
10:09:30,10:09:30,7.48,0.02,799,597652,买盘,2017-07-27,2017-07-27 10:09:30
10:09:33,10:09:33,7.5,0.02,758,568500,买盘,2017-07-27,2017-07-27 10:09:33
10:09:36,10:09:36,7.58,0.08,8484,6430872,卖盘,2017-07-27,2017-07-27 10:09:36
10:09:39,10:09:39,7.58,--,589,446462,卖盘,2017-07-27,2017-07-27 10:09:39
10:09:42,10:09:42,7.58,--,426,322908,卖盘,2017-07-27,2017-07-27 10:09:42
10:09:45,10:09:45,7.58,--,559,423722,卖盘,2017-07-27,2017-07-27 10:09:45
10:09:48,10:09:48,7.58,--,578,438124,卖盘,2017-07-27,2017-07-27 10:09:48
10:09:51,10:09:51,7.58,--,1387,1051346,卖盘,2017-07-27,2017-07-27 10:09:51
10:09:54,10:09:54,7.58,--,1382,1047556,卖盘,2017-07-27,2017-07-27 10:09:54
10:09:57,10:09:57,7.58,--,1748,1324984,卖盘,2017-07-27,2017-07-27 10:09:57
10:10:00,10:10:00,7.58,--,511,387338,卖盘,2017-07-27,2017-07-27 10:10:00
10:10:03,10:10:03,7.58,--,2205,1671390,卖盘,2017-07-27,2017-07-27 10:10:03
10:10:06,10:10:06,7.58,--,485,367630,卖盘,2017-07-27,2017-07-27 10:10:06
10:10:09,10:10:09,7.58,--,320,242560,卖盘,2017-07-27,2017-07-27 10:10:09
10:10:12,10:10:12,7.58,--,626,474508,卖盘,2017-07-27,2017-07-27 10:10:12
10:10:15,10:10:15,7.58,--,393,297894,卖盘,2017-07-27,2017-07-27 10:10:15
10:10:18,10:10:18,7.58,--,99,75042,卖盘,2017-07-27,2017-07-27 10:10:18
10:10:21,10:10:21,7.58,--,218,165244,卖盘,2017-07-27,2017-07-27 10:10:21
10:10:24,10:10:24,7.58,--,2673,2026134,卖盘,2017-07-27,2017-07-27 10:10:24
10:10:27,10:10:27,7.58,--,354,268332,卖盘,2017-07-27,2017-07-27 10:10:27
10:10:30,10:10:30,7.58,--,2535,1921530,卖盘,2017-07-27,2017-07-27 10:10:30
10:10:33,10:10:33,7.58,--,299,226642,卖盘,2017-07-27,2017-07-27 10:10:33
10:10:36,10:10:36,7.58,--,373,282734,卖盘,2017-07-27,2017-07-27 10:10:36
10:10:39,10:10:39,7.58,--,233,176614,卖盘,2017-07-27,2017-07-27 10:10:39
10:10:42,10:10:42,7.58,--,1368,1036944,卖盘,2017-07-27,2017-07-27 10:10:42
10:10:45,10:10:45,7.58,--,803,608674,卖盘,2017-07-27,2017-07-27 10:10:45
10:10:48,10:10:48,7.58,--,1263,957354,卖盘,2017-07-27,2017-07-27 10:10:48
10:10:51,10:10:51,7.58,--,250,189500,卖盘,2017-07-27,2017-07-27 10:10:51
10:10:54,10:10:54,7.58,--,1382,1047556,卖盘,2017-07-27,2017-07-27 10:10:54
10:10:57,10:10:57,7.58,--,326,247108,卖盘,2017-07-27,2017-07-27 10:10:57
10:11:00,10:11:00,7.58,--,1525,1155950,卖盘,2017-07-27,2017-07-27 10:11:00
10:11:03,10:11:03,7.58,--,271,205418,卖盘,2017-07-27,2017-07-27 10:11:03
10:11:06,10:11:06,7.58,--,320,242560,卖盘,2017-07-27,2017-07-27 10:11:06
10:11:09,10:11:09,7.58,--,366,277428,卖盘,2017-07-27,2017-07-27 10:11:09
10:11:12,10:11:12,7.58,--,45,34110,卖盘,2017-07-27,2017-07-27 10:11:12
10:11:15,10:11:15,7.58,--,56,42448,卖盘,2017-07-27,2017-07-27 10:11:15
10:11:18,10:11:18,7.58,--,123,93234,卖盘,2017-07-27,2017-07-27 10:11:18
10:11:21,10:11:21,7.58,--,162,122796,卖盘,2017-07-27,2017-07-27 10:11:21
10:11:24,10:11:24,7.58,--,205,155390,卖盘,2017-07-27,2017-07-27 10:11:24
10:11:27,10:11:27,7.58,--,128,97024,卖盘,2017-07-27,2017-07-27 10:11:27
10:11:30,10:11:30,7.58,--,60,45480,卖盘,2017-07-27,2017-07-27 10:11:30
10:11:33,10:11:33,7.58,--,865,655670,卖盘,2017-07-27,2017-07-27 10:11:33
10:11:36,10:11:36,7.58,--,32,24256,卖盘,2017-07-27,2017-07-27 10:11:36
10:11:39,10:11:39,7.58,--,737,558646,卖盘,2017-07-27,2017-07-27 10:11:39
10:11:42,10:11:42,7.58,--,85,64430,卖盘,2017-07-27,2017-07-27 10:11:42
10:11:45,10:11:45,7.58,--,1040,788320,卖盘,2017-07-27,2017-07-27 10:11:45
10:11:48,10:11:48,7.58,--,23,17434,卖盘,2017-07-27,2017-07-27 10:11:48
10:11:51,10:11:51,7.58,--,203,153874,卖盘,2017-07-27,2017-07-27 10:11:51
10:11:54,10:11:54,7.58,--,123,93234,卖盘,2017-07-27,2017-07-27 10:11:54
10:11:57,10:11:57,7.58,--,27,20466,卖盘,2017-07-27,2017-07-27 10:11:57
10:12:00,10:12:00,7.58,--,82,62156,卖盘,2017-07-27,2017-07-27 10:12:00
10:12:03,10:12:03,7.58,--,173,131134,卖盘,2017-07-27,2017-07-27 10:12:03
10:12:06,10:12:06,7.58,--,571,432818,卖盘,2017-07-27,2017-07-27 10:12:06
10:12:09,10:12:09,7.58,--,171,129618,卖盘,2017-07-27,2017-07-27 10:12:09
10:12:12,10:12:12,7.58,--,46,34868,卖盘,2017-07-27,2017-07-27 10:12:12
10:12:15,10:12:15,7.58,--,357,270606,卖盘,2017-07-27,2017-07-27 10:12:15
10:12:18,10:12:18,7.58,--,129,97782,卖盘,2017-07-27,2017-07-27 10:12:18
10:12:21,10:12:21,7.58,--,145,109910,卖盘,2017-07-27,2017-07-27 10:12:21
10:12:24,10:12:24,7.58,--,120,90960,卖盘,2017-07-27,2017-07-27 10:12:24
10:12:27,10:12:27,7.58,--,831,629898,卖盘,2017-07-27,2017-07-27 10:12:27
10:12:30,10:12:30,7.58,--,107,81106,卖盘,2017-07-27,2017-07-27 10:12:30
10:12:33,10:12:33,7.58,--,78,59124,卖盘,2017-07-27,2017-07-27 10:12:33
10:12:36,10:12:36,7.58,--,360,272880,卖盘,2017-07-27,2017-07-27 10:12:36
10:12:39,10:12:39,7.58,--,103,78074,卖盘,2017-07-27,2017-07-27 10:12:39
10:12:42,10:12:42,7.58,--,980,742840,卖盘,2017-07-27,2017-07-27 10:12:42
10:12:45,10:12:45,7.58,--,124,93992,卖盘,2017-07-27,2017-07-27 10:12:45
10:12:48,10:12:48,7.58,--,9,6822,卖盘,2017-07-27,2017-07-27 10:12:48
10:12:51,10:12:51,7.58,--,40,30320,卖盘,2017-07-27,2017-07-27 10:12:51
10:12:54,10:12:54,7.58,--,142,107636,卖盘,2017-07-27,2017-07-27 10:12:54
10:12:57,10:12:57,7.58,--,125,94750,卖盘,2017-07-27,2017-07-27 10:12:57
10:13:00,10:13:00,7.58,--,40,30320,卖盘,2017-07-27,2017-07-27 10:13:00
10:13:06,10:13:06,7.58,--,15,11370,卖盘,2017-07-27,2017-07-27 10:13:06
10:13:09,10:13:09,7.58,--,205,155390,卖盘,2017-07-27,2017-07-27 10:13:09
10:13:12,10:13:12,7.58,--,33,25014,卖盘,2017-07-27,2017-07-27 10:13:12
10:13:15,10:13:15,7.58,--,5,3790,卖盘,2017-07-27,2017-07-27 10:13:15
10:13:18,10:13:18,7.58,--,3,2274,卖盘,2017-07-27,2017-07-27 10:13:18
10:13:24,10:13:24,7.58,--,123,93234,卖盘,2017-07-27,2017-07-27 10:13:24
10:13:27,10:13:27,7.58,--,12,9096,卖盘,2017-07-27,2017-07-27 10:13:27
10:13:30,10:13:30,7.58,--,120,90960,卖盘,2017-07-27,2017-07-27 10:13:30
10:13:33,10:13:33,7.58,--,1043,790594,卖盘,2017-07-27,2017-07-27 10:13:33
10:13:36,10:13:36,7.58,--,71,53818,卖盘,2017-07-27,2017-07-27 10:13:36
10:13:39,10:13:39,7.58,--,36,27288,卖盘,2017-07-27,2017-07-27 10:13:39
10:13:42,10:13:42,7.58,--,20,15160,卖盘,2017-07-27,2017-07-27 10:13:42
10:13:48,10:13:48,7.58,--,16,12128,卖盘,2017-07-27,2017-07-27 10:13:48
10:13:51,10:13:51,7.58,--,25,18950,卖盘,2017-07-27,2017-07-27 10:13:51
10:13:54,10:13:54,7.58,--,13,9854,卖盘,2017-07-27,2017-07-27 10:13:54
10:13:57,10:13:57,7.58,--,11,8338,卖盘,2017-07-27,2017-07-27 10:13:57
10:14:00,10:14:00,7.58,--,44,33352,卖盘,2017-07-27,2017-07-27 10:14:00
10:14:03,10:14:03,7.58,--,116,87928,卖盘,2017-07-27,2017-07-27 10:14:03
10:14:06,10:14:06,7.58,--,68,51544,卖盘,2017-07-27,2017-07-27 10:14:06
10:14:09,10:14:09,7.58,--,50,37900,卖盘,2017-07-27,2017-07-27 10:14:09
10:14:12,10:14:12,7.58,--,5,3790,卖盘,2017-07-27,2017-07-27 10:14:12
10:14:15,10:14:15,7.58,--,5,3790,卖盘,2017-07-27,2017-07-27 10:14:15
10:14:18,10:14:18,7.58,--,41,31078,卖盘,2017-07-27,2017-07-27 10:14:18
10:14:21,10:14:21,7.58,--,7,5306,卖盘,2017-07-27,2017-07-27 10:14:21
10:14:24,10:14:24,7.58,--,2,1516,卖盘,2017-07-27,2017-07-27 10:14:24
10:14:27,10:14:27,7.58,--,20,15160,卖盘,2017-07-27,2017-07-27 10:14:27
10:14:33,10:14:33,7.58,--,1,758,卖盘,2017-07-27,2017-07-27 10:14:33
10:14:36,10:14:36,7.58,--,38,28804,卖盘,2017-07-27,2017-07-27 10:14:36
10:14:39,10:14:39,7.58,--,70,53060,卖盘,2017-07-27,2017-07-27 10:14:39
10:14:42,10:14:42,7.58,--,114,86715,卖盘,2017-07-27,2017-07-27 10:14:42
10:14:45,10:14:45,7.58,--,6,4548,卖盘,2017-07-27,2017-07-27 10:14:45
10:14:48,10:14:48,7.58,--,27,20466,卖盘,2017-07-27,2017-07-27 10:14:48
10:14:51,10:14:51,7.58,--,17,12886,卖盘,2017-07-27,2017-07-27 10:14:51
10:14:54,10:14:54,7.58,--,53,40174,卖盘,2017-07-27,2017-07-27 10:14:54
10:14:57,10:14:57,7.58,--,10,7580,卖盘,2017-07-27,2017-07-27 10:14:57
10:15:00,10:15:00,7.58,--,50,37900,卖盘,2017-07-27,2017-07-27 10:15:00
10:15:03,10:15:03,7.58,--,17,12886,卖盘,2017-07-27,2017-07-27 10:15:03
10:15:06,10:15:06,7.58,--,13,9854,卖盘,2017-07-27,2017-07-27 10:15:06
10:15:09,10:15:09,7.58,--,39,29562,卖盘,2017-07-27,2017-07-27 10:15:09
10:15:12,10:15:12,7.58,--,31,23498,卖盘,2017-07-27,2017-07-27 10:15:12
10:15:15,10:15:15,7.58,--,1,1212,卖盘,2017-07-27,2017-07-27 10:15:15
10:15:18,10:15:18,7.58,--,54,40932,卖盘,2017-07-27,2017-07-27 10:15:18
10:15:21,10:15:21,7.58,--,70,53060,卖盘,2017-07-27,2017-07-27 10:15:21
10:15:24,10:15:24,7.58,--,26,19708,卖盘,2017-07-27,2017-07-27 10:15:24
10:15:27,10:15:27,7.58,--,64,48512,卖盘,2017-07-27,2017-07-27 10:15:27
10:15:30,10:15:30,7.58,--,27,20466,卖盘,2017-07-27,2017-07-27 10:15:30
10:15:33,10:15:33,7.58,--,13,9854,卖盘,2017-07-27,2017-07-27 10:15:33
10:15:36,10:15:36,7.58,--,215,162970,卖盘,2017-07-27,2017-07-27 10:15:36
10:15:42,10:15:42,7.58,--,11,8338,卖盘,2017-07-27,2017-07-27 10:15:42
10:15:45,10:15:45,7.58,--,35,26530,卖盘,2017-07-27,2017-07-27 10:15:45
10:15:48,10:15:48,7.58,--,103,78074,卖盘,2017-07-27,2017-07-27 10:15:48
10:15:51,10:15:51,7.58,--,6,4548,卖盘,2017-07-27,2017-07-27 10:15:51
10:15:54,10:15:54,7.58,--,80,60640,卖盘,2017-07-27,2017-07-27 10:15:54
10:15:57,10:15:57,7.58,--,15,11370,卖盘,2017-07-27,2017-07-27 10:15:57
10:16:00,10:16:00,7.58,--,273,206934,卖盘,2017-07-27,2017-07-27 10:16:00
10:16:03,10:16:03,7.58,--,317,240286,卖盘,2017-07-27,2017-07-27 10:16:03
10:16:06,10:16:06,7.58,--,41,31078,卖盘,2017-07-27,2017-07-27 10:16:06
10:16:09,10:16:09,7.58,--,30,22740,卖盘,2017-07-27,2017-07-27 10:16:09
10:16:12,10:16:12,7.58,--,58,43964,卖盘,2017-07-27,2017-07-27 10:16:12
10:16:15,10:16:15,7.58,--,8,6064,卖盘,2017-07-27,2017-07-27 10:16:15
10:16:18,10:16:18,7.58,--,37,28046,卖盘,2017-07-27,2017-07-27 10:16:18
10:16:21,10:16:21,7.58,--,100,75800,卖盘,2017-07-27,2017-07-27 10:16:21
10:16:24,10:16:24,7.58,--,82,62156,卖盘,2017-07-27,2017-07-27 10:16:24
10:16:27,10:16:27,7.58,--,3,2274,卖盘,2017-07-27,2017-07-27 10:16:27
10:16:30,10:16:30,7.58,--,20,15160,卖盘,2017-07-27,2017-07-27 10:16:30
10:16:33,10:16:33,7.58,--,9,6822,卖盘,2017-07-27,2017-07-27 10:16:33
10:16:36,10:16:36,7.58,--,11,8338,卖盘,2017-07-27,2017-07-27 10:16:36
10:16:39,10:16:39,7.58,--,30,22740,卖盘,2017-07-27,2017-07-27 10:16:39
10:16:42,10:16:42,7.58,--,70,53060,卖盘,2017-07-27,2017-07-27 10:16:42
10:16:45,10:16:45,7.58,--,30,22740,卖盘,2017-07-27,2017-07-27 10:16:45
10:16:48,10:16:48,7.58,--,3,2274,卖盘,2017-07-27,2017-07-27 10:16:48
10:16:51,10:16:51,7.58,--,54,40932,卖盘,2017-07-27,2017-07-27 10:16:51
10:16:54,10:16:54,7.58,--,27,20466,卖盘,2017-07-27,2017-07-27 10:16:54
10:16:57,10:16:57,7.58,--,18,13644,卖盘,2017-07-27,2017-07-27 10:16:57
10:17:03,10:17:03,7.58,--,10,7580,卖盘,2017-07-27,2017-07-27 10:17:03
10:17:06,10:17:06,7.58,--,45,34110,卖盘,2017-07-27,2017-07-27 10:17:06
10:17:09,10:17:09,7.58,--,175,132650,卖盘,2017-07-27,2017-07-27 10:17:09
10:17:12,10:17:12,7.58,--,141,106878,卖盘,2017-07-27,2017-07-27 10:17:12
10:17:15,10:17:15,7.58,--,21,15918,卖盘,2017-07-27,2017-07-27 10:17:15
10:17:18,10:17:18,7.58,--,1,758,卖盘,2017-07-27,2017-07-27 10:17:18
10:17:21,10:17:21,7.58,--,44,33352,卖盘,2017-07-27,2017-07-27 10:17:21
10:17:24,10:17:24,7.58,--,9,6822,卖盘,2017-07-27,2017-07-27 10:17:24
10:17:30,10:17:30,7.58,--,1,758,卖盘,2017-07-27,2017-07-27 10:17:30
10:17:33,10:17:33,7.58,--,27,20466,卖盘,2017-07-27,2017-07-27 10:17:33
10:17:42,10:17:42,7.58,--,3,2274,卖盘,2017-07-27,2017-07-27 10:17:42
10:17:45,10:17:45,7.58,--,10,7580,卖盘,2017-07-27,2017-07-27 10:17:45
10:17:48,10:17:48,7.58,--,20,15160,卖盘,2017-07-27,2017-07-27 10:17:48
10:17:51,10:17:51,7.58,--,25,18950,卖盘,2017-07-27,2017-07-27 10:17:51
10:18:00,10:18:00,7.58,--,31,23498,卖盘,2017-07-27,2017-07-27 10:18:00
10:18:03,10:18:03,7.58,--,21,15918,卖盘,2017-07-27,2017-07-27 10:18:03
10:18:06,10:18:06,7.58,--,77,58366,卖盘,2017-07-27,2017-07-27 10:18:06
10:18:12,10:18:12,7.58,--,3,2274,卖盘,2017-07-27,2017-07-27 10:18:12
10:18:15,10:18:15,7.58,--,16,12128,卖盘,2017-07-27,2017-07-27 10:18:15
10:18:18,10:18:18,7.58,--,5,3790,卖盘,2017-07-27,2017-07-27 10:18:18
10:18:21,10:18:21,7.58,--,3,2274,卖盘,2017-07-27,2017-07-27 10:18:21
10:18:27,10:18:27,7.58,--,20,15160,卖盘,2017-07-27,2017-07-27 10:18:27
10:18:30,10:18:30,7.58,--,5,3790,卖盘,2017-07-27,2017-07-27 10:18:30
10:18:33,10:18:33,7.58,--,10,7580,卖盘,2017-07-27,2017-07-27 10:18:33
10:18:36,10:18:36,7.58,--,200,151600,卖盘,2017-07-27,2017-07-27 10:18:36
10:18:39,10:18:39,7.58,--,20,15160,卖盘,2017-07-27,2017-07-27 10:18:39
10:18:45,10:18:45,7.58,--,304,230432,卖盘,2017-07-27,2017-07-27 10:18:45
10:18:51,10:18:51,7.58,--,353,267574,卖盘,2017-07-27,2017-07-27 10:18:51
10:18:57,10:18:57,7.58,--,55,41690,卖盘,2017-07-27,2017-07-27 10:18:57
10:19:09,10:19:09,7.58,--,30,22740,卖盘,2017-07-27,2017-07-27 10:19:09
10:19:18,10:19:18,7.58,--,103,78074,卖盘,2017-07-27,2017-07-27 10:19:18
10:19:21,10:19:21,7.58,--,3,2274,卖盘,2017-07-27,2017-07-27 10:19:21
10:19:24,10:19:24,7.58,--,3,2274,卖盘,2017-07-27,2017-07-27 10:19:24
10:19:27,10:19:27,7.58,--,30,22740,卖盘,2017-07-27,2017-07-27 10:19:27
10:19:33,10:19:33,7.58,--,5,3790,卖盘,2017-07-27,2017-07-27 10:19:33
10:19:36,10:19:36,7.58,--,10,7580,卖盘,2017-07-27,2017-07-27 10:19:36
10:19:39,10:19:39,7.58,--,21,15918,卖盘,2017-07-27,2017-07-27 10:19:39
10:19:42,10:19:42,7.58,--,71,53818,卖盘,2017-07-27,2017-07-27 10:19:42
10:19:45,10:19:45,7.58,--,30,22740,卖盘,2017-07-27,2017-07-27 10:19:45
10:19:48,10:19:48,7.58,--,264,200112,卖盘,2017-07-27,2017-07-27 10:19:48
10:19:51,10:19:51,7.58,--,200,151600,卖盘,2017-07-27,2017-07-27 10:19:51
10:19:54,10:19:54,7.58,--,30,22740,卖盘,2017-07-27,2017-07-27 10:19:54
10:19:57,10:19:57,7.58,--,1,758,卖盘,2017-07-27,2017-07-27 10:19:57
10:20:00,10:20:00,7.58,--,3,2274,卖盘,2017-07-27,2017-07-27 10:20:00
10:20:03,10:20:03,7.58,--,10,7580,卖盘,2017-07-27,2017-07-27 10:20:03
10:20:06,10:20:06,7.58,--,40,30320,卖盘,2017-07-27,2017-07-27 10:20:06
10:20:09,10:20:09,7.58,--,32,24256,卖盘,2017-07-27,2017-07-27 10:20:09
10:20:12,10:20:12,7.58,--,1,758,卖盘,2017-07-27,2017-07-27 10:20:12
10:20:18,10:20:18,7.58,--,19,14402,卖盘,2017-07-27,2017-07-27 10:20:18
10:20:21,10:20:21,7.58,--,93,70494,卖盘,2017-07-27,2017-07-27 10:20:21
10:20:24,10:20:24,7.58,--,30,22740,卖盘,2017-07-27,2017-07-27 10:20:24
10:20:30,10:20:30,7.58,--,1,758,卖盘,2017-07-27,2017-07-27 10:20:30
10:20:36,10:20:36,7.58,--,15,11370,卖盘,2017-07-27,2017-07-27 10:20:36
10:20:39,10:20:39,7.58,--,7,5306,卖盘,2017-07-27,2017-07-27 10:20:39
10:20:42,10:20:42,7.58,--,87,65946,卖盘,2017-07-27,2017-07-27 10:20:42
10:20:45,10:20:45,7.58,--,5,3790,卖盘,2017-07-27,2017-07-27 10:20:45
10:20:48,10:20:48,7.58,--,20,15160,卖盘,2017-07-27,2017-07-27 10:20:48
10:20:57,10:20:57,7.58,--,2,1516,卖盘,2017-07-27,2017-07-27 10:20:57
10:21:00,10:21:00,7.58,--,50,37900,卖盘,2017-07-27,2017-07-27 10:21:00
10:21:03,10:21:03,7.58,--,76,57608,卖盘,2017-07-27,2017-07-27 10:21:03
10:21:09,10:21:09,7.58,--,150,113700,卖盘,2017-07-27,2017-07-27 10:21:09
10:21:12,10:21:12,7.58,--,130,98540,卖盘,2017-07-27,2017-07-27 10:21:12
10:21:15,10:21:15,7.58,--,27,20466,卖盘,2017-07-27,2017-07-27 10:21:15
10:21:18,10:21:18,7.58,--,30,22740,卖盘,2017-07-27,2017-07-27 10:21:18
10:21:21,10:21:21,7.58,--,100,75800,卖盘,2017-07-27,2017-07-27 10:21:21
10:21:30,10:21:30,7.58,--,38,28804,卖盘,2017-07-27,2017-07-27 10:21:30
10:21:33,10:21:33,7.58,--,3,2274,卖盘,2017-07-27,2017-07-27 10:21:33
10:21:36,10:21:36,7.58,--,5,3790,卖盘,2017-07-27,2017-07-27 10:21:36
10:21:39,10:21:39,7.58,--,10,7580,卖盘,2017-07-27,2017-07-27 10:21:39
10:21:42,10:21:42,7.58,--,60,45480,卖盘,2017-07-27,2017-07-27 10:21:42
10:21:45,10:21:45,7.58,--,50,37900,卖盘,2017-07-27,2017-07-27 10:21:45
10:21:48,10:21:48,7.58,--,50,37900,卖盘,2017-07-27,2017-07-27 10:21:48
10:21:54,10:21:54,7.58,--,60,45480,卖盘,2017-07-27,2017-07-27 10:21:54
10:22:00,10:22:00,7.58,--,100,75800,卖盘,2017-07-27,2017-07-27 10:22:00
10:22:03,10:22:03,7.58,--,107,81106,卖盘,2017-07-27,2017-07-27 10:22:03
10:22:27,10:22:27,7.58,--,9,6822,卖盘,2017-07-27,2017-07-27 10:22:27
10:22:30,10:22:30,7.58,--,1,758,卖盘,2017-07-27,2017-07-27 10:22:30
10:22:33,10:22:33,7.58,--,50,37900,卖盘,2017-07-27,2017-07-27 10:22:33
10:22:36,10:22:36,7.58,--,30,22740,卖盘,2017-07-27,2017-07-27 10:22:36
10:22:39,10:22:39,7.58,--,154,116732,卖盘,2017-07-27,2017-07-27 10:22:39
10:22:42,10:22:42,7.58,--,12,9096,卖盘,2017-07-27,2017-07-27 10:22:42
10:22:45,10:22:45,7.58,--,40,30320,卖盘,2017-07-27,2017-07-27 10:22:45
10:22:48,10:22:48,7.58,--,462,350196,卖盘,2017-07-27,2017-07-27 10:22:48
10:22:54,10:22:54,7.58,--,5,3790,卖盘,2017-07-27,2017-07-27 10:22:54
10:22:57,10:22:57,7.58,--,140,106120,卖盘,2017-07-27,2017-07-27 10:22:57
10:23:03,10:23:03,7.58,--,10,7580,卖盘,2017-07-27,2017-07-27 10:23:03
10:23:06,10:23:06,7.58,--,63,47754,卖盘,2017-07-27,2017-07-27 10:23:06
10:23:09,10:23:09,7.58,--,41,31078,卖盘,2017-07-27,2017-07-27 10:23:09
10:23:12,10:23:12,7.58,--,152,115216,卖盘,2017-07-27,2017-07-27 10:23:12
10:23:15,10:23:15,7.58,--,3,2274,卖盘,2017-07-27,2017-07-27 10:23:15
10:23:18,10:23:18,7.58,--,18,13644,卖盘,2017-07-27,2017-07-27 10:23:18
10:23:36,10:23:36,7.58,--,76,57608,卖盘,2017-07-27,2017-07-27 10:23:36
10:23:42,10:23:42,7.58,--,129,97782,卖盘,2017-07-27,2017-07-27 10:23:42
10:23:45,10:23:45,7.58,--,75,56850,卖盘,2017-07-27,2017-07-27 10:23:45
10:23:48,10:23:48,7.58,--,1,758,卖盘,2017-07-27,2017-07-27 10:23:48
10:23:51,10:23:51,7.58,--,1,758,卖盘,2017-07-27,2017-07-27 10:23:51
10:23:54,10:23:54,7.58,--,30,22740,卖盘,2017-07-27,2017-07-27 10:23:54
10:23:57,10:23:57,7.58,--,13,9854,卖盘,2017-07-27,2017-07-27 10:23:57
10:24:00,10:24:00,7.58,--,96,72768,卖盘,2017-07-27,2017-07-27 10:24:00
10:24:06,10:24:06,7.58,--,151,114458,卖盘,2017-07-27,2017-07-27 10:24:06
10:24:12,10:24:12,7.58,--,48,36384,卖盘,2017-07-27,2017-07-27 10:24:12
10:24:18,10:24:18,7.58,--,26,19708,卖盘,2017-07-27,2017-07-27 10:24:18
10:24:24,10:24:24,7.58,--,111,84138,卖盘,2017-07-27,2017-07-27 10:24:24
10:24:42,10:24:42,7.58,--,34,25772,卖盘,2017-07-27,2017-07-27 10:24:42
10:24:45,10:24:45,7.58,--,19,14402,卖盘,2017-07-27,2017-07-27 10:24:45
10:24:48,10:24:48,7.58,--,16,12128,卖盘,2017-07-27,2017-07-27 10:24:48
10:24:51,10:24:51,7.58,--,1,758,卖盘,2017-07-27,2017-07-27 10:24:51
10:24:57,10:24:57,7.58,--,5,3790,卖盘,2017-07-27,2017-07-27 10:24:57
10:25:00,10:25:00,7.58,--,18,13644,卖盘,2017-07-27,2017-07-27 10:25:00
10:25:06,10:25:06,7.58,--,18,13644,卖盘,2017-07-27,2017-07-27 10:25:06
10:25:09,10:25:09,7.58,--,2,1516,卖盘,2017-07-27,2017-07-27 10:25:09
10:25:15,10:25:15,7.58,--,5,3790,卖盘,2017-07-27,2017-07-27 10:25:15
10:25:18,10:25:18,7.58,--,15,11370,卖盘,2017-07-27,2017-07-27 10:25:18
10:25:33,10:25:33,7.58,--,6,4548,卖盘,2017-07-27,2017-07-27 10:25:33
10:25:36,10:25:36,7.58,--,52,39416,卖盘,2017-07-27,2017-07-27 10:25:36
10:25:42,10:25:42,7.58,--,42,31836,卖盘,2017-07-27,2017-07-27 10:25:42
10:25:48,10:25:48,7.58,--,28,21224,卖盘,2017-07-27,2017-07-27 10:25:48
10:25:54,10:25:54,7.58,--,155,117490,卖盘,2017-07-27,2017-07-27 10:25:54
10:25:57,10:25:57,7.58,--,17,12886,卖盘,2017-07-27,2017-07-27 10:25:57
10:26:06,10:26:06,7.58,--,35,26530,卖盘,2017-07-27,2017-07-27 10:26:06
10:26:09,10:26:09,7.58,--,4,3032,卖盘,2017-07-27,2017-07-27 10:26:09
10:26:12,10:26:12,7.58,--,303,229674,卖盘,2017-07-27,2017-07-27 10:26:12
10:26:18,10:26:18,7.58,--,532,403256,卖盘,2017-07-27,2017-07-27 10:26:18
10:26:21,10:26:21,7.58,--,5,3790,卖盘,2017-07-27,2017-07-27 10:26:21
10:26:24,10:26:24,7.58,--,115,87170,卖盘,2017-07-27,2017-07-27 10:26:24
10:26:30,10:26:30,7.58,--,13,9854,卖盘,2017-07-27,2017-07-27 10:26:30
10:26:36,10:26:36,7.58,--,13,9854,卖盘,2017-07-27,2017-07-27 10:26:36
10:26:39,10:26:39,7.58,--,29,21982,卖盘,2017-07-27,2017-07-27 10:26:39
10:26:42,10:26:42,7.58,--,76,57608,卖盘,2017-07-27,2017-07-27 10:26:42
10:26:45,10:26:45,7.58,--,10,7580,卖盘,2017-07-27,2017-07-27 10:26:45
10:26:48,10:26:48,7.58,--,1,758,卖盘,2017-07-27,2017-07-27 10:26:48
10:26:51,10:26:51,7.58,--,93,70494,卖盘,2017-07-27,2017-07-27 10:26:51
10:26:54,10:26:54,7.58,--,15,11370,卖盘,2017-07-27,2017-07-27 10:26:54
10:26:57,10:26:57,7.58,--,14,10612,卖盘,2017-07-27,2017-07-27 10:26:57
10:27:00,10:27:00,7.58,--,55,41690,卖盘,2017-07-27,2017-07-27 10:27:00
10:27:06,10:27:06,7.58,--,15,11370,卖盘,2017-07-27,2017-07-27 10:27:06
10:27:09,10:27:09,7.58,--,7,5306,卖盘,2017-07-27,2017-07-27 10:27:09
10:27:12,10:27:12,7.58,--,50,37900,卖盘,2017-07-27,2017-07-27 10:27:12
10:27:21,10:27:21,7.58,--,11,8338,卖盘,2017-07-27,2017-07-27 10:27:21
10:27:30,10:27:30,7.58,--,19,14402,卖盘,2017-07-27,2017-07-27 10:27:30
10:27:33,10:27:33,7.58,--,100,75800,卖盘,2017-07-27,2017-07-27 10:27:33
10:27:36,10:27:36,7.58,--,38,28804,卖盘,2017-07-27,2017-07-27 10:27:36
10:27:39,10:27:39,7.58,--,87,65946,卖盘,2017-07-27,2017-07-27 10:27:39
10:27:48,10:27:48,7.58,--,3,2274,卖盘,2017-07-27,2017-07-27 10:27:48
10:27:54,10:27:54,7.58,--,12,9096,卖盘,2017-07-27,2017-07-27 10:27:54
10:27:57,10:27:57,7.58,--,15,11370,卖盘,2017-07-27,2017-07-27 10:27:57
10:28:09,10:28:09,7.58,--,2,1516,卖盘,2017-07-27,2017-07-27 10:28:09
10:28:24,10:28:24,7.58,--,55,41690,卖盘,2017-07-27,2017-07-27 10:28:24
10:28:27,10:28:27,7.58,--,20,15160,卖盘,2017-07-27,2017-07-27 10:28:27
10:28:30,10:28:30,7.58,--,1,758,卖盘,2017-07-27,2017-07-27 10:28:30
10:28:33,10:28:33,7.58,--,0,379,卖盘,2017-07-27,2017-07-27 10:28:33
10:28:36,10:28:36,7.58,--,5,3790,卖盘,2017-07-27,2017-07-27 10:28:36
10:28:42,10:28:42,7.58,--,76,58002,卖盘,2017-07-27,2017-07-27 10:28:42
10:28:48,10:28:48,7.58,--,20,15160,卖盘,2017-07-27,2017-07-27 10:28:48
10:28:54,10:28:54,7.58,--,1,758,卖盘,2017-07-27,2017-07-27 10:28:54
10:28:57,10:28:57,7.58,--,42,31836,卖盘,2017-07-27,2017-07-27 10:28:57
10:29:00,10:29:00,7.58,--,28,21224,卖盘,2017-07-27,2017-07-27 10:29:00
10:29:03,10:29:03,7.58,--,9,6822,卖盘,2017-07-27,2017-07-27 10:29:03
10:29:09,10:29:09,7.58,--,88,66704,卖盘,2017-07-27,2017-07-27 10:29:09
10:29:15,10:29:15,7.58,--,14,10612,卖盘,2017-07-27,2017-07-27 10:29:15
10:29:18,10:29:18,7.58,--,18,13644,卖盘,2017-07-27,2017-07-27 10:29:18
10:29:21,10:29:21,7.58,--,50,37900,卖盘,2017-07-27,2017-07-27 10:29:21
10:29:24,10:29:24,7.58,--,3,2274,卖盘,2017-07-27,2017-07-27 10:29:24
10:29:36,10:29:36,7.58,--,80,60640,卖盘,2017-07-27,2017-07-27 10:29:36
10:29:48,10:29:48,7.58,--,43,32594,卖盘,2017-07-27,2017-07-27 10:29:48
10:30:00,10:30:00,7.58,--,34,25772,卖盘,2017-07-27,2017-07-27 10:30:00
10:30:09,10:30:09,7.58,--,2,1516,卖盘,2017-07-27,2017-07-27 10:30:09
10:30:12,10:30:12,7.58,--,26,19708,卖盘,2017-07-27,2017-07-27 10:30:12
10:30:15,10:30:15,7.58,--,83,62914,卖盘,2017-07-27,2017-07-27 10:30:15
10:30:21,10:30:21,7.58,--,5,3790,卖盘,2017-07-27,2017-07-27 10:30:21
10:30:24,10:30:24,7.58,--,5,3790,卖盘,2017-07-27,2017-07-27 10:30:24
10:30:27,10:30:27,7.58,--,5,3790,卖盘,2017-07-27,2017-07-27 10:30:27
10:30:30,10:30:30,7.58,--,10,7580,卖盘,2017-07-27,2017-07-27 10:30:30
10:30:33,10:30:33,7.58,--,5,3790,卖盘,2017-07-27,2017-07-27 10:30:33
10:30:36,10:30:36,7.58,--,26,19708,卖盘,2017-07-27,2017-07-27 10:30:36
10:30:39,10:30:39,7.58,--,382,289556,卖盘,2017-07-27,2017-07-27 10:30:39
10:30:42,10:30:42,7.58,--,2,1516,卖盘,2017-07-27,2017-07-27 10:30:42
10:30:45,10:30:45,7.58,--,20,15160,卖盘,2017-07-27,2017-07-27 10:30:45
10:30:48,10:30:48,7.58,--,90,68220,卖盘,2017-07-27,2017-07-27 10:30:48
10:30:51,10:30:51,7.58,--,30,22740,卖盘,2017-07-27,2017-07-27 10:30:51
10:30:54,10:30:54,7.58,--,4,3032,卖盘,2017-07-27,2017-07-27 10:30:54
10:30:57,10:30:57,7.58,--,15,11370,卖盘,2017-07-27,2017-07-27 10:30:57
10:31:00,10:31:00,7.58,--,105,79590,卖盘,2017-07-27,2017-07-27 10:31:00
10:31:03,10:31:03,7.58,--,61,46238,卖盘,2017-07-27,2017-07-27 10:31:03
10:31:06,10:31:06,7.58,--,65,49270,卖盘,2017-07-27,2017-07-27 10:31:06
10:31:09,10:31:09,7.58,--,45,34110,卖盘,2017-07-27,2017-07-27 10:31:09
10:31:12,10:31:12,7.58,--,5,3790,卖盘,2017-07-27,2017-07-27 10:31:12
10:31:18,10:31:18,7.58,--,50,37900,卖盘,2017-07-27,2017-07-27 10:31:18
10:31:21,10:31:21,7.58,--,3,2274,卖盘,2017-07-27,2017-07-27 10:31:21
10:31:24,10:31:24,7.58,--,12,9096,卖盘,2017-07-27,2017-07-27 10:31:24
10:31:27,10:31:27,7.58,--,50,37900,卖盘,2017-07-27,2017-07-27 10:31:27
10:31:33,10:31:33,7.58,--,20,15160,卖盘,2017-07-27,2017-07-27 10:31:33
10:31:36,10:31:36,7.58,--,2,1516,卖盘,2017-07-27,2017-07-27 10:31:36
10:31:39,10:31:39,7.58,--,16,12128,卖盘,2017-07-27,2017-07-27 10:31:39
10:31:42,10:31:42,7.58,--,7,5306,卖盘,2017-07-27,2017-07-27 10:31:42
10:31:45,10:31:45,7.58,--,200,151600,卖盘,2017-07-27,2017-07-27 10:31:45
10:31:48,10:31:48,7.58,--,14,10612,卖盘,2017-07-27,2017-07-27 10:31:48
10:31:51,10:31:51,7.58,--,33,25014,卖盘,2017-07-27,2017-07-27 10:31:51
10:31:54,10:31:54,7.58,--,122,92476,卖盘,2017-07-27,2017-07-27 10:31:54
10:31:57,10:31:57,7.58,--,178,134924,卖盘,2017-07-27,2017-07-27 10:31:57
10:32:00,10:32:00,7.58,--,50,37900,卖盘,2017-07-27,2017-07-27 10:32:00
10:32:03,10:32:03,7.58,--,560,424480,卖盘,2017-07-27,2017-07-27 10:32:03
10:32:06,10:32:06,7.58,--,8,6064,卖盘,2017-07-27,2017-07-27 10:32:06
10:32:09,10:32:09,7.58,--,30,22740,卖盘,2017-07-27,2017-07-27 10:32:09
10:32:12,10:32:12,7.58,--,6,4548,卖盘,2017-07-27,2017-07-27 10:32:12
10:32:15,10:32:15,7.58,--,26,19829,卖盘,2017-07-27,2017-07-27 10:32:15
10:32:18,10:32:18,7.58,--,183,138714,卖盘,2017-07-27,2017-07-27 10:32:18
10:32:21,10:32:21,7.58,--,3,2274,卖盘,2017-07-27,2017-07-27 10:32:21
10:32:27,10:32:27,7.58,--,5,3790,卖盘,2017-07-27,2017-07-27 10:32:27
10:32:30,10:32:30,7.58,--,10,7580,卖盘,2017-07-27,2017-07-27 10:32:30
10:32:33,10:32:33,7.58,--,2,1516,卖盘,2017-07-27,2017-07-27 10:32:33
10:32:36,10:32:36,7.58,--,27,20466,卖盘,2017-07-27,2017-07-27 10:32:36
10:32:39,10:32:39,7.58,--,19,14402,卖盘,2017-07-27,2017-07-27 10:32:39
10:32:42,10:32:42,7.58,--,3,2274,卖盘,2017-07-27,2017-07-27 10:32:42
10:32:45,10:32:45,7.58,--,13,9854,卖盘,2017-07-27,2017-07-27 10:32:45
10:32:51,10:32:51,7.58,--,5,3790,卖盘,2017-07-27,2017-07-27 10:32:51
10:32:54,10:32:54,7.58,--,10,7580,卖盘,2017-07-27,2017-07-27 10:32:54
10:32:57,10:32:57,7.58,--,8,6064,卖盘,2017-07-27,2017-07-27 10:32:57
10:33:06,10:33:06,7.58,--,63,47754,卖盘,2017-07-27,2017-07-27 10:33:06
10:33:09,10:33:09,7.58,--,59,44722,卖盘,2017-07-27,2017-07-27 10:33:09
10:33:15,10:33:15,7.58,--,50,37900,卖盘,2017-07-27,2017-07-27 10:33:15
10:33:18,10:33:18,7.58,--,15,11370,卖盘,2017-07-27,2017-07-27 10:33:18
10:33:21,10:33:21,7.58,--,107,81106,卖盘,2017-07-27,2017-07-27 10:33:21
10:33:24,10:33:24,7.58,--,5,3790,卖盘,2017-07-27,2017-07-27 10:33:24
10:33:27,10:33:27,7.58,--,6,4548,卖盘,2017-07-27,2017-07-27 10:33:27
10:33:30,10:33:30,7.58,--,45,34110,卖盘,2017-07-27,2017-07-27 10:33:30
10:33:33,10:33:33,7.58,--,45,34110,卖盘,2017-07-27,2017-07-27 10:33:33
10:33:36,10:33:36,7.58,--,1,758,卖盘,2017-07-27,2017-07-27 10:33:36
10:33:45,10:33:45,7.58,--,10,7580,卖盘,2017-07-27,2017-07-27 10:33:45
10:33:51,10:33:51,7.58,--,9,6822,卖盘,2017-07-27,2017-07-27 10:33:51
10:33:54,10:33:54,7.58,--,20,15160,卖盘,2017-07-27,2017-07-27 10:33:54
10:33:57,10:33:57,7.58,--,10,7580,卖盘,2017-07-27,2017-07-27 10:33:57
10:34:00,10:34:00,7.58,--,23,17434,卖盘,2017-07-27,2017-07-27 10:34:00
10:34:03,10:34:03,7.58,--,75,56850,卖盘,2017-07-27,2017-07-27 10:34:03
10:34:06,10:34:06,7.58,--,14,10612,卖盘,2017-07-27,2017-07-27 10:34:06
10:34:09,10:34:09,7.58,--,93,70494,卖盘,2017-07-27,2017-07-27 10:34:09
10:34:12,10:34:12,7.58,--,30,22740,卖盘,2017-07-27,2017-07-27 10:34:12
10:34:18,10:34:18,7.58,--,20,15160,卖盘,2017-07-27,2017-07-27 10:34:18
10:34:21,10:34:21,7.58,--,1,758,卖盘,2017-07-27,2017-07-27 10:34:21
10:34:30,10:34:30,7.58,--,1000,758000,卖盘,2017-07-27,2017-07-27 10:34:30
10:34:33,10:34:33,7.58,--,12,9096,卖盘,2017-07-27,2017-07-27 10:34:33
10:34:36,10:34:36,7.58,--,28,21224,卖盘,2017-07-27,2017-07-27 10:34:36
10:34:42,10:34:42,7.58,--,1,758,卖盘,2017-07-27,2017-07-27 10:34:42
10:34:45,10:34:45,7.58,--,35,26530,卖盘,2017-07-27,2017-07-27 10:34:45
10:34:51,10:34:51,7.58,--,30,22740,卖盘,2017-07-27,2017-07-27 10:34:51
10:35:00,10:35:00,7.58,--,114,86412,卖盘,2017-07-27,2017-07-27 10:35:00
10:35:03,10:35:03,7.58,--,1,758,卖盘,2017-07-27,2017-07-27 10:35:03
10:35:06,10:35:06,7.58,--,260,197080,卖盘,2017-07-27,2017-07-27 10:35:06
10:35:09,10:35:09,7.58,--,12,9096,卖盘,2017-07-27,2017-07-27 10:35:09
10:35:12,10:35:12,7.58,--,71,53818,卖盘,2017-07-27,2017-07-27 10:35:12
10:35:15,10:35:15,7.58,--,50,37900,卖盘,2017-07-27,2017-07-27 10:35:15
10:35:18,10:35:18,7.58,--,4,3032,卖盘,2017-07-27,2017-07-27 10:35:18
10:35:21,10:35:21,7.58,--,25,18950,卖盘,2017-07-27,2017-07-27 10:35:21
10:35:24,10:35:24,7.58,--,77,58366,卖盘,2017-07-27,2017-07-27 10:35:24
10:35:27,10:35:27,7.58,--,1,758,卖盘,2017-07-27,2017-07-27 10:35:27
10:35:30,10:35:30,7.58,--,14,10612,卖盘,2017-07-27,2017-07-27 10:35:30
10:35:33,10:35:33,7.58,--,137,103846,卖盘,2017-07-27,2017-07-27 10:35:33
10:35:36,10:35:36,7.58,--,55,41690,卖盘,2017-07-27,2017-07-27 10:35:36
10:35:39,10:35:39,7.58,--,14,10612,卖盘,2017-07-27,2017-07-27 10:35:39
10:35:42,10:35:42,7.58,--,199,150842,卖盘,2017-07-27,2017-07-27 10:35:42
10:35:51,10:35:51,7.58,--,66,50028,卖盘,2017-07-27,2017-07-27 10:35:51
10:35:54,10:35:54,7.58,--,10,7580,卖盘,2017-07-27,2017-07-27 10:35:54
10:36:00,10:36:00,7.58,--,4,3032,卖盘,2017-07-27,2017-07-27 10:36:00
10:36:03,10:36:03,7.58,--,940,712520,卖盘,2017-07-27,2017-07-27 10:36:03
10:36:06,10:36:06,7.58,--,9,6822,卖盘,2017-07-27,2017-07-27 10:36:06
10:36:09,10:36:09,7.58,--,371,281218,卖盘,2017-07-27,2017-07-27 10:36:09
10:36:12,10:36:12,7.58,--,20,15160,卖盘,2017-07-27,2017-07-27 10:36:12
10:36:18,10:36:18,7.58,--,3,2274,卖盘,2017-07-27,2017-07-27 10:36:18
10:36:24,10:36:24,7.58,--,11,8338,卖盘,2017-07-27,2017-07-27 10:36:24
10:36:27,10:36:27,7.58,--,20,15160,卖盘,2017-07-27,2017-07-27 10:36:27
10:36:36,10:36:36,7.58,--,32,24256,卖盘,2017-07-27,2017-07-27 10:36:36
10:36:42,10:36:42,7.58,--,15,11370,卖盘,2017-07-27,2017-07-27 10:36:42
10:36:45,10:36:45,7.58,--,4,3032,卖盘,2017-07-27,2017-07-27 10:36:45
10:36:48,10:36:48,7.58,--,248,187984,卖盘,2017-07-27,2017-07-27 10:36:48
10:36:51,10:36:51,7.58,--,5,3790,卖盘,2017-07-27,2017-07-27 10:36:51
10:36:54,10:36:54,7.58,--,26,19708,卖盘,2017-07-27,2017-07-27 10:36:54
10:37:00,10:37:00,7.58,--,4,3032,卖盘,2017-07-27,2017-07-27 10:37:00
10:37:06,10:37:06,7.58,--,10,7580,卖盘,2017-07-27,2017-07-27 10:37:06
10:37:09,10:37:09,7.58,--,32,24256,卖盘,2017-07-27,2017-07-27 10:37:09
10:37:15,10:37:15,7.58,--,6,4548,卖盘,2017-07-27,2017-07-27 10:37:15
10:37:18,10:37:18,7.58,--,30,22740,卖盘,2017-07-27,2017-07-27 10:37:18
10:37:21,10:37:21,7.58,--,133,100814,卖盘,2017-07-27,2017-07-27 10:37:21
10:37:24,10:37:24,7.58,--,4,3032,卖盘,2017-07-27,2017-07-27 10:37:24
10:37:30,10:37:30,7.58,--,10,7580,卖盘,2017-07-27,2017-07-27 10:37:30
10:37:33,10:37:33,7.58,--,79,59882,卖盘,2017-07-27,2017-07-27 10:37:33
10:37:36,10:37:36,7.58,--,30,22740,卖盘,2017-07-27,2017-07-27 10:37:36
10:37:39,10:37:39,7.58,--,25,18950,卖盘,2017-07-27,2017-07-27 10:37:39
10:37:42,10:37:42,7.58,--,28,21224,卖盘,2017-07-27,2017-07-27 10:37:42
10:37:51,10:37:51,7.58,--,11,8338,卖盘,2017-07-27,2017-07-27 10:37:51
10:37:54,10:37:54,7.58,--,200,151600,卖盘,2017-07-27,2017-07-27 10:37:54
10:38:00,10:38:00,7.58,--,24,18192,卖盘,2017-07-27,2017-07-27 10:38:00
10:38:09,10:38:09,7.58,--,21,15918,卖盘,2017-07-27,2017-07-27 10:38:09
10:38:12,10:38:12,7.58,--,7,5306,卖盘,2017-07-27,2017-07-27 10:38:12
10:38:24,10:38:24,7.58,--,10,7580,卖盘,2017-07-27,2017-07-27 10:38:24
10:38:33,10:38:33,7.58,--,30,22740,卖盘,2017-07-27,2017-07-27 10:38:33
10:38:42,10:38:42,7.58,--,2,1516,卖盘,2017-07-27,2017-07-27 10:38:42
10:38:45,10:38:45,7.58,--,10,7580,卖盘,2017-07-27,2017-07-27 10:38:45
10:38:54,10:38:54,7.58,--,100,75800,卖盘,2017-07-27,2017-07-27 10:38:54
10:38:57,10:38:57,7.58,--,10,7580,卖盘,2017-07-27,2017-07-27 10:38:57
10:39:00,10:39:00,7.58,--,10,7580,卖盘,2017-07-27,2017-07-27 10:39:00
10:39:03,10:39:03,7.58,--,23,17434,卖盘,2017-07-27,2017-07-27 10:39:03
10:39:15,10:39:15,7.58,--,50,37900,卖盘,2017-07-27,2017-07-27 10:39:15
10:39:18,10:39:18,7.58,--,22,16676,卖盘,2017-07-27,2017-07-27 10:39:18
10:39:21,10:39:21,7.58,--,10,7580,卖盘,2017-07-27,2017-07-27 10:39:21
10:39:30,10:39:30,7.58,--,39,29562,卖盘,2017-07-27,2017-07-27 10:39:30
10:39:33,10:39:33,7.58,--,21,15918,卖盘,2017-07-27,2017-07-27 10:39:33
10:39:42,10:39:42,7.58,--,2,1516,卖盘,2017-07-27,2017-07-27 10:39:42
10:39:45,10:39:45,7.58,--,5,3790,卖盘,2017-07-27,2017-07-27 10:39:45
10:39:51,10:39:51,7.58,--,5,3790,卖盘,2017-07-27,2017-07-27 10:39:51
10:39:57,10:39:57,7.58,--,26,19708,卖盘,2017-07-27,2017-07-27 10:39:57
10:40:00,10:40:00,7.58,--,200,151600,卖盘,2017-07-27,2017-07-27 10:40:00
10:40:03,10:40:03,7.58,--,1,758,卖盘,2017-07-27,2017-07-27 10:40:03
10:40:06,10:40:06,7.58,--,40,30320,卖盘,2017-07-27,2017-07-27 10:40:06
10:40:09,10:40:09,7.58,--,28,21224,卖盘,2017-07-27,2017-07-27 10:40:09
10:40:12,10:40:12,7.58,--,24,18192,卖盘,2017-07-27,2017-07-27 10:40:12
10:40:18,10:40:18,7.58,--,7,5306,卖盘,2017-07-27,2017-07-27 10:40:18
10:40:21,10:40:21,7.58,--,74,56092,卖盘,2017-07-27,2017-07-27 10:40:21
10:40:27,10:40:27,7.58,--,53,40174,卖盘,2017-07-27,2017-07-27 10:40:27
10:40:39,10:40:39,7.58,--,3,2274,卖盘,2017-07-27,2017-07-27 10:40:39
10:40:45,10:40:45,7.58,--,3,2274,卖盘,2017-07-27,2017-07-27 10:40:45
10:40:48,10:40:48,7.58,--,9,6822,卖盘,2017-07-27,2017-07-27 10:40:48
10:41:00,10:41:00,7.58,--,30,22740,卖盘,2017-07-27,2017-07-27 10:41:00
10:41:03,10:41:03,7.58,--,3,2274,卖盘,2017-07-27,2017-07-27 10:41:03
10:41:09,10:41:09,7.58,--,10,7580,卖盘,2017-07-27,2017-07-27 10:41:09
10:41:12,10:41:12,7.58,--,13,9854,卖盘,2017-07-27,2017-07-27 10:41:12
10:41:18,10:41:18,7.58,--,2,1516,卖盘,2017-07-27,2017-07-27 10:41:18
10:41:33,10:41:33,7.58,--,70,53060,卖盘,2017-07-27,2017-07-27 10:41:33
10:41:48,10:41:48,7.58,--,20,15160,卖盘,2017-07-27,2017-07-27 10:41:48
10:41:54,10:41:54,7.58,--,140,106120,卖盘,2017-07-27,2017-07-27 10:41:54
10:42:00,10:42:00,7.58,--,30,22740,卖盘,2017-07-27,2017-07-27 10:42:00
10:42:39,10:42:39,7.58,--,6,4548,卖盘,2017-07-27,2017-07-27 10:42:39
10:42:42,10:42:42,7.58,--,50,37900,卖盘,2017-07-27,2017-07-27 10:42:42
10:42:48,10:42:48,7.58,--,6,4548,卖盘,2017-07-27,2017-07-27 10:42:48
10:42:54,10:42:54,7.58,--,2,1516,卖盘,2017-07-27,2017-07-27 10:42:54
10:42:57,10:42:57,7.58,--,10,7580,卖盘,2017-07-27,2017-07-27 10:42:57
10:43:06,10:43:06,7.58,--,159,120522,卖盘,2017-07-27,2017-07-27 10:43:06
10:43:24,10:43:24,7.58,--,7,5306,卖盘,2017-07-27,2017-07-27 10:43:24
10:43:33,10:43:33,7.58,--,50,37900,卖盘,2017-07-27,2017-07-27 10:43:33
10:43:36,10:43:36,7.58,--,155,117490,卖盘,2017-07-27,2017-07-27 10:43:36
10:43:48,10:43:48,7.58,--,68,51544,卖盘,2017-07-27,2017-07-27 10:43:48
10:43:57,10:43:57,7.58,--,1,758,卖盘,2017-07-27,2017-07-27 10:43:57
10:44:03,10:44:03,7.58,--,5,3790,卖盘,2017-07-27,2017-07-27 10:44:03
10:44:09,10:44:09,7.58,--,80,60640,卖盘,2017-07-27,2017-07-27 10:44:09
10:44:18,10:44:18,7.58,--,20,15160,卖盘,2017-07-27,2017-07-27 10:44:18
10:44:24,10:44:24,7.58,--,12,9096,卖盘,2017-07-27,2017-07-27 10:44:24
10:44:33,10:44:33,7.58,--,1,758,卖盘,2017-07-27,2017-07-27 10:44:33
10:44:42,10:44:42,7.58,--,2,1516,卖盘,2017-07-27,2017-07-27 10:44:42
10:44:48,10:44:48,7.58,--,3,2274,卖盘,2017-07-27,2017-07-27 10:44:48
10:44:57,10:44:57,7.58,--,94,71252,卖盘,2017-07-27,2017-07-27 10:44:57
10:45:00,10:45:00,7.58,--,12,9096,卖盘,2017-07-27,2017-07-27 10:45:00
10:45:09,10:45:09,7.58,--,2,1516,卖盘,2017-07-27,2017-07-27 10:45:09
10:45:12,10:45:12,7.58,--,8,6064,卖盘,2017-07-27,2017-07-27 10:45:12
10:45:18,10:45:18,7.58,--,8,6064,卖盘,2017-07-27,2017-07-27 10:45:18
10:45:27,10:45:27,7.58,--,74,56092,卖盘,2017-07-27,2017-07-27 10:45:27
10:45:33,10:45:33,7.58,--,30,22740,卖盘,2017-07-27,2017-07-27 10:45:33
10:45:45,10:45:45,7.58,--,11,8338,卖盘,2017-07-27,2017-07-27 10:45:45
10:45:57,10:45:57,7.58,--,10,7580,卖盘,2017-07-27,2017-07-27 10:45:57
10:46:00,10:46:00,7.58,--,6,4548,卖盘,2017-07-27,2017-07-27 10:46:00
10:46:09,10:46:09,7.58,--,2,1516,卖盘,2017-07-27,2017-07-27 10:46:09
10:46:12,10:46:12,7.58,--,100,75800,卖盘,2017-07-27,2017-07-27 10:46:12
10:46:18,10:46:18,7.58,--,25,18950,卖盘,2017-07-27,2017-07-27 10:46:18
10:46:30,10:46:30,7.58,--,36,27288,卖盘,2017-07-27,2017-07-27 10:46:30
10:46:33,10:46:33,7.58,--,1,758,卖盘,2017-07-27,2017-07-27 10:46:33
10:46:48,10:46:48,7.58,--,48,36384,卖盘,2017-07-27,2017-07-27 10:46:48
10:46:57,10:46:57,7.58,--,40,30320,卖盘,2017-07-27,2017-07-27 10:46:57
10:47:15,10:47:15,7.58,--,36,27288,卖盘,2017-07-27,2017-07-27 10:47:15
10:47:18,10:47:18,7.58,--,8,6064,卖盘,2017-07-27,2017-07-27 10:47:18
10:47:21,10:47:21,7.58,--,4,3032,卖盘,2017-07-27,2017-07-27 10:47:21
10:47:27,10:47:27,7.58,--,22,16676,卖盘,2017-07-27,2017-07-27 10:47:27
10:47:36,10:47:36,7.58,--,14,10612,卖盘,2017-07-27,2017-07-27 10:47:36
10:47:39,10:47:39,7.58,--,13,9854,卖盘,2017-07-27,2017-07-27 10:47:39
10:47:42,10:47:42,7.58,--,30,22740,卖盘,2017-07-27,2017-07-27 10:47:42
10:47:48,10:47:48,7.58,--,60,45480,卖盘,2017-07-27,2017-07-27 10:47:48
10:48:00,10:48:00,7.58,--,5,3790,卖盘,2017-07-27,2017-07-27 10:48:00
10:48:06,10:48:06,7.58,--,270,204660,卖盘,2017-07-27,2017-07-27 10:48:06
10:48:18,10:48:18,7.58,--,8,6064,卖盘,2017-07-27,2017-07-27 10:48:18
10:48:30,10:48:30,7.58,--,14,10612,卖盘,2017-07-27,2017-07-27 10:48:30
10:48:39,10:48:39,7.58,--,500,379000,卖盘,2017-07-27,2017-07-27 10:48:39
10:48:42,10:48:42,7.58,--,5,3790,卖盘,2017-07-27,2017-07-27 10:48:42
10:49:18,10:49:18,7.58,--,7,5306,卖盘,2017-07-27,2017-07-27 10:49:18
10:49:24,10:49:24,7.58,--,40,30320,卖盘,2017-07-27,2017-07-27 10:49:24
10:49:27,10:49:27,7.58,--,9,7276,卖盘,2017-07-27,2017-07-27 10:49:27
10:49:36,10:49:36,7.58,--,13,9854,卖盘,2017-07-27,2017-07-27 10:49:36
10:49:39,10:49:39,7.58,--,20,15160,卖盘,2017-07-27,2017-07-27 10:49:39
10:49:42,10:49:42,7.58,--,12,9096,卖盘,2017-07-27,2017-07-27 10:49:42
10:49:48,10:49:48,7.58,--,3,2274,卖盘,2017-07-27,2017-07-27 10:49:48
10:49:57,10:49:57,7.58,--,40,30320,卖盘,2017-07-27,2017-07-27 10:49:57
10:50:03,10:50:03,7.58,--,30,22740,卖盘,2017-07-27,2017-07-27 10:50:03
10:50:21,10:50:21,7.58,--,8,6064,卖盘,2017-07-27,2017-07-27 10:50:21
10:50:27,10:50:27,7.58,--,7,5306,卖盘,2017-07-27,2017-07-27 10:50:27
10:50:33,10:50:33,7.58,--,20,15160,卖盘,2017-07-27,2017-07-27 10:50:33
10:50:48,10:50:48,7.58,--,5,3790,卖盘,2017-07-27,2017-07-27 10:50:48
10:50:51,10:50:51,7.58,--,15,11370,卖盘,2017-07-27,2017-07-27 10:50:51
10:51:00,10:51:00,7.58,--,5,3790,卖盘,2017-07-27,2017-07-27 10:51:00
10:51:09,10:51:09,7.58,--,22,16676,卖盘,2017-07-27,2017-07-27 10:51:09
10:51:15,10:51:15,7.58,--,20,15160,卖盘,2017-07-27,2017-07-27 10:51:15
10:51:21,10:51:21,7.58,--,19,14402,卖盘,2017-07-27,2017-07-27 10:51:21
10:51:33,10:51:33,7.58,--,6,4548,卖盘,2017-07-27,2017-07-27 10:51:33
10:51:42,10:51:42,7.58,--,50,37900,卖盘,2017-07-27,2017-07-27 10:51:42
10:51:45,10:51:45,7.58,--,15,11370,卖盘,2017-07-27,2017-07-27 10:51:45
10:51:48,10:51:48,7.58,--,5,3790,卖盘,2017-07-27,2017-07-27 10:51:48
10:52:00,10:52:00,7.58,--,10,7580,卖盘,2017-07-27,2017-07-27 10:52:00
10:52:12,10:52:12,7.58,--,40,30320,卖盘,2017-07-27,2017-07-27 10:52:12
10:52:21,10:52:21,7.58,--,8,6064,卖盘,2017-07-27,2017-07-27 10:52:21
10:52:33,10:52:33,7.58,--,14,10612,卖盘,2017-07-27,2017-07-27 10:52:33
10:52:36,10:52:36,7.58,--,244,184952,卖盘,2017-07-27,2017-07-27 10:52:36
10:52:42,10:52:42,7.58,--,1,758,卖盘,2017-07-27,2017-07-27 10:52:42
10:52:45,10:52:45,7.58,--,20,15160,卖盘,2017-07-27,2017-07-27 10:52:45
10:52:48,10:52:48,7.58,--,9,6822,卖盘,2017-07-27,2017-07-27 10:52:48
10:52:54,10:52:54,7.58,--,15,11370,卖盘,2017-07-27,2017-07-27 10:52:54
10:53:21,10:53:21,7.58,--,2,1516,卖盘,2017-07-27,2017-07-27 10:53:21
10:53:27,10:53:27,7.58,--,5,3790,卖盘,2017-07-27,2017-07-27 10:53:27
10:53:30,10:53:30,7.58,--,4,3032,卖盘,2017-07-27,2017-07-27 10:53:30
10:53:33,10:53:33,7.58,--,3,2274,卖盘,2017-07-27,2017-07-27 10:53:33
10:53:36,10:53:36,7.58,--,5,3790,卖盘,2017-07-27,2017-07-27 10:53:36
10:53:42,10:53:42,7.58,--,5,3790,卖盘,2017-07-27,2017-07-27 10:53:42
10:53:54,10:53:54,7.58,--,18,13644,卖盘,2017-07-27,2017-07-27 10:53:54
10:54:00,10:54:00,7.58,--,12,9096,卖盘,2017-07-27,2017-07-27 10:54:00
10:54:06,10:54:06,7.58,--,4,3032,卖盘,2017-07-27,2017-07-27 10:54:06
10:54:21,10:54:21,7.58,--,5,3790,卖盘,2017-07-27,2017-07-27 10:54:21
10:54:33,10:54:33,7.58,--,5,3790,卖盘,2017-07-27,2017-07-27 10:54:33
10:54:36,10:54:36,7.58,--,3,2274,卖盘,2017-07-27,2017-07-27 10:54:36
10:54:42,10:54:42,7.58,--,5,3790,卖盘,2017-07-27,2017-07-27 10:54:42
10:54:51,10:54:51,7.58,--,10,7580,卖盘,2017-07-27,2017-07-27 10:54:51
10:54:54,10:54:54,7.58,--,4,3032,卖盘,2017-07-27,2017-07-27 10:54:54
10:55:06,10:55:06,7.58,--,65,49270,卖盘,2017-07-27,2017-07-27 10:55:06
10:55:15,10:55:15,7.58,--,20,15160,卖盘,2017-07-27,2017-07-27 10:55:15
10:55:21,10:55:21,7.58,--,50,37900,卖盘,2017-07-27,2017-07-27 10:55:21
10:55:24,10:55:24,7.58,--,190,144020,卖盘,2017-07-27,2017-07-27 10:55:24
10:55:42,10:55:42,7.58,--,31,23498,卖盘,2017-07-27,2017-07-27 10:55:42
10:55:48,10:55:48,7.58,--,5,3790,卖盘,2017-07-27,2017-07-27 10:55:48
10:56:09,10:56:09,7.58,--,3,2274,卖盘,2017-07-27,2017-07-27 10:56:09
10:56:12,10:56:12,7.58,--,3,2274,卖盘,2017-07-27,2017-07-27 10:56:12
10:56:15,10:56:15,7.58,--,10,7580,卖盘,2017-07-27,2017-07-27 10:56:15
10:56:30,10:56:30,7.58,--,13,9854,卖盘,2017-07-27,2017-07-27 10:56:30
10:56:42,10:56:42,7.58,--,5,3790,卖盘,2017-07-27,2017-07-27 10:56:42
10:56:51,10:56:51,7.58,--,110,83380,卖盘,2017-07-27,2017-07-27 10:56:51
10:56:57,10:56:57,7.58,--,5,3790,卖盘,2017-07-27,2017-07-27 10:56:57
10:57:00,10:57:00,7.58,--,13,9854,卖盘,2017-07-27,2017-07-27 10:57:00
10:57:06,10:57:06,7.58,--,4,3032,卖盘,2017-07-27,2017-07-27 10:57:06
10:57:21,10:57:21,7.58,--,15,11370,卖盘,2017-07-27,2017-07-27 10:57:21
10:57:24,10:57:24,7.58,--,16,12128,卖盘,2017-07-27,2017-07-27 10:57:24
10:57:42,10:57:42,7.58,--,31,23498,卖盘,2017-07-27,2017-07-27 10:57:42
10:57:45,10:57:45,7.58,--,40,30320,卖盘,2017-07-27,2017-07-27 10:57:45
10:57:57,10:57:57,7.58,--,2,1516,卖盘,2017-07-27,2017-07-27 10:57:57
10:58:18,10:58:18,7.58,--,60,45480,卖盘,2017-07-27,2017-07-27 10:58:18
10:58:21,10:58:21,7.58,--,5,3790,卖盘,2017-07-27,2017-07-27 10:58:21
10:58:39,10:58:39,7.58,--,5,3790,卖盘,2017-07-27,2017-07-27 10:58:39
10:58:42,10:58:42,7.58,--,2,1516,卖盘,2017-07-27,2017-07-27 10:58:42
10:58:48,10:58:48,7.58,--,8,6064,卖盘,2017-07-27,2017-07-27 10:58:48
10:58:51,10:58:51,7.58,--,5,3790,卖盘,2017-07-27,2017-07-27 10:58:51
10:58:57,10:58:57,7.58,--,40,30320,卖盘,2017-07-27,2017-07-27 10:58:57
10:59:06,10:59:06,7.58,--,30,22740,卖盘,2017-07-27,2017-07-27 10:59:06
10:59:21,10:59:21,7.58,--,30,22740,卖盘,2017-07-27,2017-07-27 10:59:21
10:59:30,10:59:30,7.58,--,6,4548,卖盘,2017-07-27,2017-07-27 10:59:30
10:59:39,10:59:39,7.58,--,70,53060,卖盘,2017-07-27,2017-07-27 10:59:39
10:59:48,10:59:48,7.58,--,10,7580,卖盘,2017-07-27,2017-07-27 10:59:48
11:00:00,11:00:00,7.58,--,8,6064,卖盘,2017-07-27,2017-07-27 11:00:00
11:00:27,11:00:27,7.58,--,5,3790,卖盘,2017-07-27,2017-07-27 11:00:27
11:00:33,11:00:33,7.58,--,20,15160,卖盘,2017-07-27,2017-07-27 11:00:33
11:00:36,11:00:36,7.58,--,50,37900,卖盘,2017-07-27,2017-07-27 11:00:36
11:00:48,11:00:48,7.58,--,33,25014,卖盘,2017-07-27,2017-07-27 11:00:48
11:00:54,11:00:54,7.58,--,2,1516,卖盘,2017-07-27,2017-07-27 11:00:54
11:00:57,11:00:57,7.58,--,20,15160,卖盘,2017-07-27,2017-07-27 11:00:57
11:01:30,11:01:30,7.58,--,20,15160,卖盘,2017-07-27,2017-07-27 11:01:30
11:01:51,11:01:51,7.58,--,39,29562,卖盘,2017-07-27,2017-07-27 11:01:51
11:01:57,11:01:57,7.58,--,10,7580,卖盘,2017-07-27,2017-07-27 11:01:57
11:02:18,11:02:18,7.58,--,11,8338,卖盘,2017-07-27,2017-07-27 11:02:18
11:02:21,11:02:21,7.58,--,5,3790,卖盘,2017-07-27,2017-07-27 11:02:21
11:02:24,11:02:24,7.58,--,1,758,卖盘,2017-07-27,2017-07-27 11:02:24
11:02:30,11:02:30,7.58,--,153,115974,卖盘,2017-07-27,2017-07-27 11:02:30
11:02:42,11:02:42,7.58,--,6,4548,卖盘,2017-07-27,2017-07-27 11:02:42
11:03:00,11:03:00,7.58,--,46,34868,卖盘,2017-07-27,2017-07-27 11:03:00
11:03:03,11:03:03,7.58,--,4,3032,卖盘,2017-07-27,2017-07-27 11:03:03
11:03:18,11:03:18,7.58,--,10,7580,卖盘,2017-07-27,2017-07-27 11:03:18
11:03:24,11:03:24,7.58,--,2,1516,卖盘,2017-07-27,2017-07-27 11:03:24
11:03:27,11:03:27,7.58,--,7,5306,卖盘,2017-07-27,2017-07-27 11:03:27
11:03:42,11:03:42,7.58,--,1,758,卖盘,2017-07-27,2017-07-27 11:03:42
11:03:48,11:03:48,7.58,--,19,14402,卖盘,2017-07-27,2017-07-27 11:03:48
11:04:00,11:04:00,7.58,--,1,758,卖盘,2017-07-27,2017-07-27 11:04:00
11:04:27,11:04:27,7.58,--,3,2274,卖盘,2017-07-27,2017-07-27 11:04:27
11:04:30,11:04:30,7.58,--,26,19708,卖盘,2017-07-27,2017-07-27 11:04:30
11:04:45,11:04:45,7.58,--,4,3032,卖盘,2017-07-27,2017-07-27 11:04:45
11:05:00,11:05:00,7.58,--,7,5306,卖盘,2017-07-27,2017-07-27 11:05:00
11:05:03,11:05:03,7.58,--,8,6064,卖盘,2017-07-27,2017-07-27 11:05:03
11:05:24,11:05:24,7.58,--,40,30320,卖盘,2017-07-27,2017-07-27 11:05:24
11:05:27,11:05:27,7.58,--,7,5306,卖盘,2017-07-27,2017-07-27 11:05:27
11:05:39,11:05:39,7.58,--,6,4548,卖盘,2017-07-27,2017-07-27 11:05:39
11:05:45,11:05:45,7.58,--,17,12916,卖盘,2017-07-27,2017-07-27 11:05:45
11:05:51,11:05:51,7.58,--,40,30320,卖盘,2017-07-27,2017-07-27 11:05:51
11:05:57,11:05:57,7.58,--,10,7580,卖盘,2017-07-27,2017-07-27 11:05:57
11:06:36,11:06:36,7.58,--,3,2274,卖盘,2017-07-27,2017-07-27 11:06:36
11:06:39,11:06:39,7.58,--,8,6064,卖盘,2017-07-27,2017-07-27 11:06:39
11:07:00,11:07:00,7.58,--,6,4548,卖盘,2017-07-27,2017-07-27 11:07:00
11:07:09,11:07:09,7.58,--,10,7580,卖盘,2017-07-27,2017-07-27 11:07:09
11:07:21,11:07:21,7.58,--,20,15160,卖盘,2017-07-27,2017-07-27 11:07:21
11:07:27,11:07:27,7.58,--,4,3032,卖盘,2017-07-27,2017-07-27 11:07:27
11:07:30,11:07:30,7.58,--,20,15160,卖盘,2017-07-27,2017-07-27 11:07:30
11:07:42,11:07:42,7.58,--,1,758,卖盘,2017-07-27,2017-07-27 11:07:42
11:07:45,11:07:45,7.58,--,14,10612,卖盘,2017-07-27,2017-07-27 11:07:45
11:07:48,11:07:48,7.58,--,1,758,卖盘,2017-07-27,2017-07-27 11:07:48
11:07:54,11:07:54,7.58,--,5,3790,卖盘,2017-07-27,2017-07-27 11:07:54
11:08:18,11:08:18,7.58,--,1,758,卖盘,2017-07-27,2017-07-27 11:08:18
11:08:24,11:08:24,7.58,--,6,4548,卖盘,2017-07-27,2017-07-27 11:08:24
11:08:30,11:08:30,7.58,--,10,7580,卖盘,2017-07-27,2017-07-27 11:08:30
11:08:42,11:08:42,7.58,--,2,1516,卖盘,2017-07-27,2017-07-27 11:08:42
11:08:45,11:08:45,7.58,--,10,7580,卖盘,2017-07-27,2017-07-27 11:08:45
11:08:48,11:08:48,7.58,--,1,758,卖盘,2017-07-27,2017-07-27 11:08:48
11:09:03,11:09:03,7.58,--,25,18950,卖盘,2017-07-27,2017-07-27 11:09:03
11:09:18,11:09:18,7.58,--,1,758,卖盘,2017-07-27,2017-07-27 11:09:18
11:09:24,11:09:24,7.58,--,20,15160,卖盘,2017-07-27,2017-07-27 11:09:24
11:09:30,11:09:30,7.58,--,6,4548,卖盘,2017-07-27,2017-07-27 11:09:30
11:09:45,11:09:45,7.58,--,5,3790,卖盘,2017-07-27,2017-07-27 11:09:45
11:09:48,11:09:48,7.58,--,1,758,卖盘,2017-07-27,2017-07-27 11:09:48
11:10:06,11:10:06,7.58,--,2,1516,卖盘,2017-07-27,2017-07-27 11:10:06
11:10:18,11:10:18,7.58,--,1,758,卖盘,2017-07-27,2017-07-27 11:10:18
11:10:21,11:10:21,7.58,--,21,15918,卖盘,2017-07-27,2017-07-27 11:10:21
11:10:42,11:10:42,7.58,--,132,100056,卖盘,2017-07-27,2017-07-27 11:10:42
11:10:48,11:10:48,7.58,--,11,8338,卖盘,2017-07-27,2017-07-27 11:10:48
11:11:06,11:11:06,7.58,--,25,18950,卖盘,2017-07-27,2017-07-27 11:11:06
11:11:09,11:11:09,7.58,--,4,3032,卖盘,2017-07-27,2017-07-27 11:11:09
11:11:18,11:11:18,7.58,--,1,758,卖盘,2017-07-27,2017-07-27 11:11:18
11:11:48,11:11:48,7.58,--,1,758,卖盘,2017-07-27,2017-07-27 11:11:48
11:11:51,11:11:51,7.58,--,17,12886,卖盘,2017-07-27,2017-07-27 11:11:51
11:11:57,11:11:57,7.58,--,5,3790,卖盘,2017-07-27,2017-07-27 11:11:57
11:12:18,11:12:18,7.58,--,1,758,卖盘,2017-07-27,2017-07-27 11:12:18
11:12:48,11:12:48,7.58,--,1,758,卖盘,2017-07-27,2017-07-27 11:12:48
11:13:18,11:13:18,7.58,--,1,758,卖盘,2017-07-27,2017-07-27 11:13:18
11:13:48,11:13:48,7.58,--,1,758,卖盘,2017-07-27,2017-07-27 11:13:48
11:13:57,11:13:57,7.58,--,20,15160,卖盘,2017-07-27,2017-07-27 11:13:57
11:14:18,11:14:18,7.58,--,10,7580,卖盘,2017-07-27,2017-07-27 11:14:18
11:14:21,11:14:21,7.58,--,1,758,卖盘,2017-07-27,2017-07-27 11:14:21
11:14:48,11:14:48,7.58,--,1,758,卖盘,2017-07-27,2017-07-27 11:14:48
11:15:18,11:15:18,7.58,--,1,758,卖盘,2017-07-27,2017-07-27 11:15:18
11:16:06,11:16:06,7.58,--,70,53060,卖盘,2017-07-27,2017-07-27 11:16:06
11:16:15,11:16:15,7.58,--,14,10612,卖盘,2017-07-27,2017-07-27 11:16:15
11:16:18,11:16:18,7.58,--,650,492700,卖盘,2017-07-27,2017-07-27 11:16:18
11:16:57,11:16:57,7.58,--,5,3790,卖盘,2017-07-27,2017-07-27 11:16:57
11:17:15,11:17:15,7.58,--,1,758,卖盘,2017-07-27,2017-07-27 11:17:15
11:17:18,11:17:18,7.58,--,9,6822,卖盘,2017-07-27,2017-07-27 11:17:18
11:17:24,11:17:24,7.58,--,100,75800,卖盘,2017-07-27,2017-07-27 11:17:24
11:17:27,11:17:27,7.58,--,40,30320,卖盘,2017-07-27,2017-07-27 11:17:27
11:17:54,11:17:54,7.58,--,3,2274,卖盘,2017-07-27,2017-07-27 11:17:54
11:17:57,11:17:57,7.58,--,5,3790,卖盘,2017-07-27,2017-07-27 11:17:57
11:18:21,11:18:21,7.58,--,1,758,卖盘,2017-07-27,2017-07-27 11:18:21
11:18:30,11:18:30,7.58,--,6,4548,卖盘,2017-07-27,2017-07-27 11:18:30
11:19:00,11:19:00,7.58,--,10,7580,卖盘,2017-07-27,2017-07-27 11:19:00
11:19:15,11:19:15,7.58,--,6,4548,卖盘,2017-07-27,2017-07-27 11:19:15
11:19:45,11:19:45,7.58,--,2,1516,卖盘,2017-07-27,2017-07-27 11:19:45
11:20:00,11:20:00,7.58,--,2,1516,卖盘,2017-07-27,2017-07-27 11:20:00
11:20:03,11:20:03,7.58,--,14,10612,卖盘,2017-07-27,2017-07-27 11:20:03
11:20:24,11:20:24,7.58,--,45,34110,卖盘,2017-07-27,2017-07-27 11:20:24
11:20:36,11:20:36,7.58,--,1035,784530,卖盘,2017-07-27,2017-07-27 11:20:36
11:20:48,11:20:48,7.58,--,5,3790,卖盘,2017-07-27,2017-07-27 11:20:48
11:21:06,11:21:06,7.58,--,10,7580,卖盘,2017-07-27,2017-07-27 11:21:06
11:21:18,11:21:18,7.58,--,10,7580,卖盘,2017-07-27,2017-07-27 11:21:18
11:21:21,11:21:21,7.58,--,60,45480,卖盘,2017-07-27,2017-07-27 11:21:21
11:21:27,11:21:27,7.58,--,11,8338,卖盘,2017-07-27,2017-07-27 11:21:27
11:21:30,11:21:30,7.58,--,1,758,卖盘,2017-07-27,2017-07-27 11:21:30
11:21:45,11:21:45,7.58,--,6,4548,卖盘,2017-07-27,2017-07-27 11:21:45
11:21:51,11:21:51,7.58,--,15,11370,卖盘,2017-07-27,2017-07-27 11:21:51
11:22:15,11:22:15,7.58,--,1,758,卖盘,2017-07-27,2017-07-27 11:22:15
11:22:30,11:22:30,7.58,--,1,758,卖盘,2017-07-27,2017-07-27 11:22:30
11:22:36,11:22:36,7.58,--,100,75800,卖盘,2017-07-27,2017-07-27 11:22:36
11:22:48,11:22:48,7.58,--,10,7580,卖盘,2017-07-27,2017-07-27 11:22:48
11:23:27,11:23:27,7.58,--,31,23498,卖盘,2017-07-27,2017-07-27 11:23:27
11:23:30,11:23:30,7.58,--,1,758,卖盘,2017-07-27,2017-07-27 11:23:30
11:23:39,11:23:39,7.58,--,3,2274,卖盘,2017-07-27,2017-07-27 11:23:39
11:24:00,11:24:00,7.58,--,30,22740,卖盘,2017-07-27,2017-07-27 11:24:00
11:24:15,11:24:15,7.58,--,3,2274,卖盘,2017-07-27,2017-07-27 11:24:15
11:24:18,11:24:18,7.58,--,3,2274,卖盘,2017-07-27,2017-07-27 11:24:18
11:24:24,11:24:24,7.58,--,20,15160,卖盘,2017-07-27,2017-07-27 11:24:24
11:24:30,11:24:30,7.58,--,1,758,卖盘,2017-07-27,2017-07-27 11:24:30
11:24:36,11:24:36,7.58,--,5,3790,卖盘,2017-07-27,2017-07-27 11:24:36
11:25:12,11:25:12,7.58,--,2,1516,卖盘,2017-07-27,2017-07-27 11:25:12
11:25:30,11:25:30,7.58,--,1,758,卖盘,2017-07-27,2017-07-27 11:25:30
11:26:03,11:26:03,7.58,--,1,758,卖盘,2017-07-27,2017-07-27 11:26:03
11:26:27,11:26:27,7.58,--,17,12886,卖盘,2017-07-27,2017-07-27 11:26:27
11:26:30,11:26:30,7.58,--,1,758,卖盘,2017-07-27,2017-07-27 11:26:30
11:26:48,11:26:48,7.58,--,14,10612,卖盘,2017-07-27,2017-07-27 11:26:48
11:27:03,11:27:03,7.58,--,1,758,卖盘,2017-07-27,2017-07-27 11:27:03
11:27:30,11:27:30,7.58,--,1,758,卖盘,2017-07-27,2017-07-27 11:27:30
11:27:33,11:27:33,7.58,--,26,19708,卖盘,2017-07-27,2017-07-27 11:27:33
11:27:39,11:27:39,7.58,--,10,7580,卖盘,2017-07-27,2017-07-27 11:27:39
11:27:51,11:27:51,7.58,--,5,3790,卖盘,2017-07-27,2017-07-27 11:27:51
11:27:54,11:27:54,7.58,--,5,3790,卖盘,2017-07-27,2017-07-27 11:27:54
11:28:03,11:28:03,7.58,--,1,758,卖盘,2017-07-27,2017-07-27 11:28:03
11:28:30,11:28:30,7.58,--,1,758,卖盘,2017-07-27,2017-07-27 11:28:30
11:29:03,11:29:03,7.58,--,1,758,卖盘,2017-07-27,2017-07-27 11:29:03
11:29:06,11:29:06,7.58,--,3,2274,卖盘,2017-07-27,2017-07-27 11:29:06
11:29:30,11:29:30,7.58,--,1,758,卖盘,2017-07-27,2017-07-27 11:29:30
11:30:00,11:30:00,7.58,--,0,0,卖盘,2017-07-27,2017-07-27 11:30:00
13:00:00,13:00:00,7.58,--,0,0,卖盘,2017-07-27,2017-07-27 13:00:00
13:00:03,13:00:03,7.58,--,590,447220,卖盘,2017-07-27,2017-07-27 13:00:03
13:00:06,13:00:06,7.58,--,464,351712,卖盘,2017-07-27,2017-07-27 13:00:06
13:00:09,13:00:09,7.58,--,226,171308,卖盘,2017-07-27,2017-07-27 13:00:09
13:00:12,13:00:12,7.58,--,195,147810,卖盘,2017-07-27,2017-07-27 13:00:12
13:00:15,13:00:15,7.58,--,9,6822,卖盘,2017-07-27,2017-07-27 13:00:15
13:00:30,13:00:30,7.58,--,6,4548,卖盘,2017-07-27,2017-07-27 13:00:30
13:00:33,13:00:33,7.58,--,1,758,卖盘,2017-07-27,2017-07-27 13:00:33
13:00:48,13:00:48,7.58,--,4,3032,卖盘,2017-07-27,2017-07-27 13:00:48
13:01:06,13:01:06,7.58,--,138,104604,卖盘,2017-07-27,2017-07-27 13:01:06
13:01:09,13:01:09,7.58,--,138,104604,卖盘,2017-07-27,2017-07-27 13:01:09
13:01:27,13:01:27,7.58,--,1,758,卖盘,2017-07-27,2017-07-27 13:01:27
13:01:33,13:01:33,7.58,--,7,5306,卖盘,2017-07-27,2017-07-27 13:01:33
13:01:45,13:01:45,7.58,--,10,7580,卖盘,2017-07-27,2017-07-27 13:01:45
13:02:06,13:02:06,7.58,--,171,129618,卖盘,2017-07-27,2017-07-27 13:02:06
13:02:12,13:02:12,7.58,--,20,15160,卖盘,2017-07-27,2017-07-27 13:02:12
13:02:30,13:02:30,7.58,--,20,15160,卖盘,2017-07-27,2017-07-27 13:02:30
13:02:33,13:02:33,7.58,--,1,758,卖盘,2017-07-27,2017-07-27 13:02:33
13:02:51,13:02:51,7.58,--,30,22740,卖盘,2017-07-27,2017-07-27 13:02:51
13:03:03,13:03:03,7.58,--,1,758,卖盘,2017-07-27,2017-07-27 13:03:03
13:03:06,13:03:06,7.58,--,101,76558,卖盘,2017-07-27,2017-07-27 13:03:06
13:03:24,13:03:24,7.58,--,1,758,卖盘,2017-07-27,2017-07-27 13:03:24
13:03:27,13:03:27,7.58,--,6,4548,卖盘,2017-07-27,2017-07-27 13:03:27
13:03:33,13:03:33,7.58,--,1,758,卖盘,2017-07-27,2017-07-27 13:03:33
13:03:51,13:03:51,7.58,--,5,3790,卖盘,2017-07-27,2017-07-27 13:03:51
13:04:03,13:04:03,7.58,--,1,758,卖盘,2017-07-27,2017-07-27 13:04:03
13:04:06,13:04:06,7.58,--,1,758,卖盘,2017-07-27,2017-07-27 13:04:06
13:04:18,13:04:18,7.58,--,1,758,卖盘,2017-07-27,2017-07-27 13:04:18
13:04:21,13:04:21,7.58,--,28,21224,卖盘,2017-07-27,2017-07-27 13:04:21
13:04:24,13:04:24,7.58,--,1,758,卖盘,2017-07-27,2017-07-27 13:04:24
13:04:33,13:04:33,7.58,--,1,758,卖盘,2017-07-27,2017-07-27 13:04:33
13:04:45,13:04:45,7.58,--,18,13644,卖盘,2017-07-27,2017-07-27 13:04:45
13:05:03,13:05:03,7.58,--,1,758,卖盘,2017-07-27,2017-07-27 13:05:03
13:05:06,13:05:06,7.58,--,1,758,卖盘,2017-07-27,2017-07-27 13:05:06
13:05:09,13:05:09,7.58,--,1,758,卖盘,2017-07-27,2017-07-27 13:05:09
13:05:12,13:05:12,7.58,--,5,3790,卖盘,2017-07-27,2017-07-27 13:05:12
13:05:24,13:05:24,7.58,--,1,758,卖盘,2017-07-27,2017-07-27 13:05:24
13:05:33,13:05:33,7.58,--,1,758,卖盘,2017-07-27,2017-07-27 13:05:33
13:05:39,13:05:39,7.58,--,60,45480,卖盘,2017-07-27,2017-07-27 13:05:39
13:05:45,13:05:45,7.58,--,3,2274,卖盘,2017-07-27,2017-07-27 13:05:45
13:05:48,13:05:48,7.58,--,3,2274,卖盘,2017-07-27,2017-07-27 13:05:48
13:06:03,13:06:03,7.58,--,1,758,卖盘,2017-07-27,2017-07-27 13:06:03
13:06:06,13:06:06,7.58,--,1,758,卖盘,2017-07-27,2017-07-27 13:06:06
13:06:09,13:06:09,7.58,--,1,758,卖盘,2017-07-27,2017-07-27 13:06:09
13:06:24,13:06:24,7.58,--,5,3790,卖盘,2017-07-27,2017-07-27 13:06:24
13:06:51,13:06:51,7.58,--,21,15918,卖盘,2017-07-27,2017-07-27 13:06:51
13:06:54,13:06:54,7.58,--,1,758,卖盘,2017-07-27,2017-07-27 13:06:54
13:07:03,13:07:03,7.58,--,1,758,卖盘,2017-07-27,2017-07-27 13:07:03
13:07:06,13:07:06,7.58,--,1,758,卖盘,2017-07-27,2017-07-27 13:07:06
13:07:09,13:07:09,7.58,--,1,758,卖盘,2017-07-27,2017-07-27 13:07:09
13:07:15,13:07:15,7.58,--,33,25014,卖盘,2017-07-27,2017-07-27 13:07:15
13:07:18,13:07:18,7.58,--,13,9854,卖盘,2017-07-27,2017-07-27 13:07:18
13:07:24,13:07:24,7.58,--,1,758,卖盘,2017-07-27,2017-07-27 13:07:24
13:07:39,13:07:39,7.58,--,14,10612,卖盘,2017-07-27,2017-07-27 13:07:39
13:07:48,13:07:48,7.58,--,7,5306,卖盘,2017-07-27,2017-07-27 13:07:48
13:08:00,13:08:00,7.58,--,15,11370,卖盘,2017-07-27,2017-07-27 13:08:00
13:08:03,13:08:03,7.58,--,1,758,卖盘,2017-07-27,2017-07-27 13:08:03
13:08:06,13:08:06,7.58,--,1,758,卖盘,2017-07-27,2017-07-27 13:08:06
13:08:09,13:08:09,7.58,--,1,758,卖盘,2017-07-27,2017-07-27 13:08:09
13:08:12,13:08:12,7.58,--,9,6822,卖盘,2017-07-27,2017-07-27 13:08:12
13:08:15,13:08:15,7.58,--,2,1516,卖盘,2017-07-27,2017-07-27 13:08:15
13:08:24,13:08:24,7.58,--,120,90960,卖盘,2017-07-27,2017-07-27 13:08:24
13:08:27,13:08:27,7.58,--,14,10612,卖盘,2017-07-27,2017-07-27 13:08:27
13:09:03,13:09:03,7.58,--,1,758,卖盘,2017-07-27,2017-07-27 13:09:03
13:09:06,13:09:06,7.58,--,1,758,卖盘,2017-07-27,2017-07-27 13:09:06
13:09:09,13:09:09,7.58,--,1,758,卖盘,2017-07-27,2017-07-27 13:09:09
13:09:24,13:09:24,7.58,--,1,758,卖盘,2017-07-27,2017-07-27 13:09:24
13:10:06,13:10:06,7.58,--,2,1516,卖盘,2017-07-27,2017-07-27 13:10:06
13:10:09,13:10:09,7.58,--,17,12886,卖盘,2017-07-27,2017-07-27 13:10:09
13:10:18,13:10:18,7.58,--,1,758,卖盘,2017-07-27,2017-07-27 13:10:18
13:10:21,13:10:21,7.58,--,7,5306,卖盘,2017-07-27,2017-07-27 13:10:21
13:10:24,13:10:24,7.58,--,1,758,卖盘,2017-07-27,2017-07-27 13:10:24
13:10:27,13:10:27,7.58,--,2,1516,卖盘,2017-07-27,2017-07-27 13:10:27
13:10:30,13:10:30,7.58,--,9,6822,卖盘,2017-07-27,2017-07-27 13:10:30
13:10:42,13:10:42,7.58,--,30,22740,卖盘,2017-07-27,2017-07-27 13:10:42
13:11:03,13:11:03,7.58,--,1,758,卖盘,2017-07-27,2017-07-27 13:11:03
13:11:06,13:11:06,7.58,--,1,758,卖盘,2017-07-27,2017-07-27 13:11:06
13:11:24,13:11:24,7.58,--,2,1516,卖盘,2017-07-27,2017-07-27 13:11:24
13:11:36,13:11:36,7.58,--,23,17434,卖盘,2017-07-27,2017-07-27 13:11:36
13:11:42,13:11:42,7.58,--,8,6064,卖盘,2017-07-27,2017-07-27 13:11:42
13:12:03,13:12:03,7.58,--,1,758,卖盘,2017-07-27,2017-07-27 13:12:03
13:12:06,13:12:06,7.58,--,1,758,卖盘,2017-07-27,2017-07-27 13:12:06
13:12:15,13:12:15,7.58,--,21,15918,卖盘,2017-07-27,2017-07-27 13:12:15
13:12:24,13:12:24,7.58,--,3,2274,卖盘,2017-07-27,2017-07-27 13:12:24
13:12:48,13:12:48,7.58,--,5,3790,卖盘,2017-07-27,2017-07-27 13:12:48
13:13:03,13:13:03,7.58,--,1,758,卖盘,2017-07-27,2017-07-27 13:13:03
13:13:06,13:13:06,7.58,--,1,758,卖盘,2017-07-27,2017-07-27 13:13:06
13:13:09,13:13:09,7.58,--,1,758,卖盘,2017-07-27,2017-07-27 13:13:09
13:13:24,13:13:24,7.58,--,1,758,卖盘,2017-07-27,2017-07-27 13:13:24
13:14:03,13:14:03,7.58,--,17,12886,卖盘,2017-07-27,2017-07-27 13:14:03
13:14:06,13:14:06,7.58,--,1,758,卖盘,2017-07-27,2017-07-27 13:14:06
13:14:09,13:14:09,7.58,--,10,7580,卖盘,2017-07-27,2017-07-27 13:14:09
13:14:24,13:14:24,7.58,--,1,758,卖盘,2017-07-27,2017-07-27 13:14:24
13:14:54,13:14:54,7.58,--,10,7580,卖盘,2017-07-27,2017-07-27 13:14:54
13:15:03,13:15:03,7.58,--,1,758,卖盘,2017-07-27,2017-07-27 13:15:03
13:15:06,13:15:06,7.58,--,1,758,卖盘,2017-07-27,2017-07-27 13:15:06
13:15:24,13:15:24,7.58,--,1,758,卖盘,2017-07-27,2017-07-27 13:15:24
13:15:30,13:15:30,7.58,--,8,6064,卖盘,2017-07-27,2017-07-27 13:15:30
13:15:48,13:15:48,7.58,--,5,3790,卖盘,2017-07-27,2017-07-27 13:15:48
13:15:54,13:15:54,7.58,--,12,9096,卖盘,2017-07-27,2017-07-27 13:15:54
13:15:57,13:15:57,7.58,--,10,7580,卖盘,2017-07-27,2017-07-27 13:15:57
13:16:03,13:16:03,7.58,--,8,6064,卖盘,2017-07-27,2017-07-27 13:16:03
13:16:06,13:16:06,7.58,--,1,758,卖盘,2017-07-27,2017-07-27 13:16:06
13:16:24,13:16:24,7.58,--,1,758,卖盘,2017-07-27,2017-07-27 13:16:24
13:16:36,13:16:36,7.58,--,6,4548,卖盘,2017-07-27,2017-07-27 13:16:36
13:17:03,13:17:03,7.58,--,1,758,卖盘,2017-07-27,2017-07-27 13:17:03
13:17:06,13:17:06,7.58,--,1,758,卖盘,2017-07-27,2017-07-27 13:17:06
13:17:24,13:17:24,7.58,--,25,18950,卖盘,2017-07-27,2017-07-27 13:17:24
13:17:42,13:17:42,7.58,--,1,758,卖盘,2017-07-27,2017-07-27 13:17:42
13:17:51,13:17:51,7.58,--,3,2274,卖盘,2017-07-27,2017-07-27 13:17:51
13:18:03,13:18:03,7.58,--,1,758,卖盘,2017-07-27,2017-07-27 13:18:03
13:18:24,13:18:24,7.58,--,1,758,卖盘,2017-07-27,2017-07-27 13:18:24
13:18:30,13:18:30,7.58,--,1,758,卖盘,2017-07-27,2017-07-27 13:18:30
13:18:39,13:18:39,7.58,--,10,7580,卖盘,2017-07-27,2017-07-27 13:18:39
13:19:03,13:19:03,7.58,--,1,758,卖盘,2017-07-27,2017-07-27 13:19:03
13:19:09,13:19:09,7.58,--,1,758,卖盘,2017-07-27,2017-07-27 13:19:09
13:19:12,13:19:12,7.58,--,17,12886,卖盘,2017-07-27,2017-07-27 13:19:12
13:19:24,13:19:24,7.58,--,1,758,卖盘,2017-07-27,2017-07-27 13:19:24
13:19:51,13:19:51,7.58,--,1,758,卖盘,2017-07-27,2017-07-27 13:19:51
13:19:54,13:19:54,7.58,--,2,1516,卖盘,2017-07-27,2017-07-27 13:19:54
13:20:03,13:20:03,7.58,--,1,758,卖盘,2017-07-27,2017-07-27 13:20:03
13:20:24,13:20:24,7.58,--,1,758,卖盘,2017-07-27,2017-07-27 13:20:24
13:20:42,13:20:42,7.58,--,1,758,卖盘,2017-07-27,2017-07-27 13:20:42
13:21:03,13:21:03,7.58,--,1,758,卖盘,2017-07-27,2017-07-27 13:21:03
13:21:21,13:21:21,7.58,--,6,4548,卖盘,2017-07-27,2017-07-27 13:21:21
13:21:24,13:21:24,7.58,--,1,758,卖盘,2017-07-27,2017-07-27 13:21:24
13:21:39,13:21:39,7.58,--,4,3032,卖盘,2017-07-27,2017-07-27 13:21:39
13:21:48,13:21:48,7.58,--,25,18950,卖盘,2017-07-27,2017-07-27 13:21:48
13:21:51,13:21:51,7.58,--,20,15160,卖盘,2017-07-27,2017-07-27 13:21:51
13:22:03,13:22:03,7.58,--,1,758,卖盘,2017-07-27,2017-07-27 13:22:03
13:22:06,13:22:06,7.58,--,44,33352,卖盘,2017-07-27,2017-07-27 13:22:06
13:22:21,13:22:21,7.58,--,10,7580,卖盘,2017-07-27,2017-07-27 13:22:21
13:22:39,13:22:39,7.58,--,4,3032,卖盘,2017-07-27,2017-07-27 13:22:39
13:22:45,13:22:45,7.58,--,2,1516,卖盘,2017-07-27,2017-07-27 13:22:45
13:23:00,13:23:00,7.58,--,900,682200,卖盘,2017-07-27,2017-07-27 13:23:00
13:23:06,13:23:06,7.58,--,1,758,卖盘,2017-07-27,2017-07-27 13:23:06
13:23:09,13:23:09,7.58,--,36,27288,卖盘,2017-07-27,2017-07-27 13:23:09
13:23:15,13:23:15,7.58,--,10,7580,卖盘,2017-07-27,2017-07-27 13:23:15
13:23:39,13:23:39,7.58,--,15,11370,卖盘,2017-07-27,2017-07-27 13:23:39
13:23:42,13:23:42,7.58,--,300,227400,卖盘,2017-07-27,2017-07-27 13:23:42
13:23:45,13:23:45,7.58,--,1,758,卖盘,2017-07-27,2017-07-27 13:23:45
13:23:48,13:23:48,7.58,--,13,9854,卖盘,2017-07-27,2017-07-27 13:23:48
13:23:54,13:23:54,7.58,--,6,4548,卖盘,2017-07-27,2017-07-27 13:23:54
13:24:03,13:24:03,7.58,--,1,758,卖盘,2017-07-27,2017-07-27 13:24:03
13:24:24,13:24:24,7.58,--,4,3032,卖盘,2017-07-27,2017-07-27 13:24:24
13:24:27,13:24:27,7.58,--,100,75800,卖盘,2017-07-27,2017-07-27 13:24:27
13:24:30,13:24:30,7.58,--,10,7580,卖盘,2017-07-27,2017-07-27 13:24:30
13:24:36,13:24:36,7.58,--,2,1516,卖盘,2017-07-27,2017-07-27 13:24:36
13:24:39,13:24:39,7.58,--,1,758,卖盘,2017-07-27,2017-07-27 13:24:39
13:24:42,13:24:42,7.58,--,159,120522,卖盘,2017-07-27,2017-07-27 13:24:42
13:24:54,13:24:54,7.58,--,60,45480,卖盘,2017-07-27,2017-07-27 13:24:54
13:25:00,13:25:00,7.58,--,1,758,卖盘,2017-07-27,2017-07-27 13:25:00
13:25:03,13:25:03,7.58,--,1,758,卖盘,2017-07-27,2017-07-27 13:25:03
13:25:09,13:25:09,7.58,--,1531,1160823,卖盘,2017-07-27,2017-07-27 13:25:09
13:25:21,13:25:21,7.58,--,11,8338,卖盘,2017-07-27,2017-07-27 13:25:21
13:25:27,13:25:27,7.58,--,1,758,卖盘,2017-07-27,2017-07-27 13:25:27
13:25:33,13:25:33,7.58,--,5,3790,卖盘,2017-07-27,2017-07-27 13:25:33
13:25:54,13:25:54,7.58,--,1,758,卖盘,2017-07-27,2017-07-27 13:25:54
13:26:06,13:26:06,7.58,--,301,228158,卖盘,2017-07-27,2017-07-27 13:26:06
13:26:21,13:26:21,7.58,--,1,758,卖盘,2017-07-27,2017-07-27 13:26:21
13:26:27,13:26:27,7.58,--,1,758,卖盘,2017-07-27,2017-07-27 13:26:27
13:26:36,13:26:36,7.58,--,300,227400,卖盘,2017-07-27,2017-07-27 13:26:36
13:26:39,13:26:39,7.58,--,6,4548,卖盘,2017-07-27,2017-07-27 13:26:39
13:26:45,13:26:45,7.58,--,2,1516,卖盘,2017-07-27,2017-07-27 13:26:45
13:27:03,13:27:03,7.58,--,1,758,卖盘,2017-07-27,2017-07-27 13:27:03
13:27:15,13:27:15,7.58,--,130,98540,卖盘,2017-07-27,2017-07-27 13:27:15
13:28:03,13:28:03,7.58,--,1,758,卖盘,2017-07-27,2017-07-27 13:28:03
13:28:06,13:28:06,7.58,--,10,7580,卖盘,2017-07-27,2017-07-27 13:28:06
13:28:27,13:28:27,7.58,--,500,379000,卖盘,2017-07-27,2017-07-27 13:28:27
13:28:42,13:28:42,7.58,--,2,1516,卖盘,2017-07-27,2017-07-27 13:28:42
13:28:45,13:28:45,7.58,--,1,758,卖盘,2017-07-27,2017-07-27 13:28:45
13:28:48,13:28:48,7.58,--,2,1516,卖盘,2017-07-27,2017-07-27 13:28:48
13:28:54,13:28:54,7.58,--,5000,3790000,卖盘,2017-07-27,2017-07-27 13:28:54
13:29:06,13:29:06,7.58,--,1,758,卖盘,2017-07-27,2017-07-27 13:29:06
13:29:15,13:29:15,7.58,--,14,10612,卖盘,2017-07-27,2017-07-27 13:29:15
13:29:24,13:29:24,7.58,--,24,18192,卖盘,2017-07-27,2017-07-27 13:29:24
13:29:39,13:29:39,7.58,--,155,117490,卖盘,2017-07-27,2017-07-27 13:29:39
13:29:57,13:29:57,7.58,--,1,758,卖盘,2017-07-27,2017-07-27 13:29:57
13:30:03,13:30:03,7.58,--,1,758,卖盘,2017-07-27,2017-07-27 13:30:03
13:30:15,13:30:15,7.58,--,151,114458,卖盘,2017-07-27,2017-07-27 13:30:15
13:30:21,13:30:21,7.58,--,6,4548,卖盘,2017-07-27,2017-07-27 13:30:21
13:30:30,13:30:30,7.58,--,10,7580,卖盘,2017-07-27,2017-07-27 13:30:30
13:30:33,13:30:33,7.58,--,50,37900,卖盘,2017-07-27,2017-07-27 13:30:33
13:30:36,13:30:36,7.58,--,23,17434,卖盘,2017-07-27,2017-07-27 13:30:36
13:30:42,13:30:42,7.58,--,300,227400,卖盘,2017-07-27,2017-07-27 13:30:42
13:30:51,13:30:51,7.58,--,200,151600,卖盘,2017-07-27,2017-07-27 13:30:51
13:30:57,13:30:57,7.58,--,1,758,卖盘,2017-07-27,2017-07-27 13:30:57
13:31:30,13:31:30,7.58,--,30,22740,卖盘,2017-07-27,2017-07-27 13:31:30
13:31:39,13:31:39,7.58,--,54,40932,卖盘,2017-07-27,2017-07-27 13:31:39
13:31:42,13:31:42,7.58,--,2,1516,卖盘,2017-07-27,2017-07-27 13:31:42
13:31:45,13:31:45,7.58,--,1,758,卖盘,2017-07-27,2017-07-27 13:31:45
13:31:57,13:31:57,7.58,--,30,22740,卖盘,2017-07-27,2017-07-27 13:31:57
13:32:00,13:32:00,7.58,--,500,379000,卖盘,2017-07-27,2017-07-27 13:32:00
13:32:06,13:32:06,7.58,--,5,3790,卖盘,2017-07-27,2017-07-27 13:32:06
13:32:12,13:32:12,7.58,--,5,3790,卖盘,2017-07-27,2017-07-27 13:32:12
13:32:15,13:32:15,7.58,--,77,58366,卖盘,2017-07-27,2017-07-27 13:32:15
13:32:48,13:32:48,7.58,--,3,2274,卖盘,2017-07-27,2017-07-27 13:32:48
13:32:51,13:32:51,7.58,--,2,1516,卖盘,2017-07-27,2017-07-27 13:32:51
13:32:54,13:32:54,7.58,--,1,758,卖盘,2017-07-27,2017-07-27 13:32:54
13:33:15,13:33:15,7.58,--,1,758,卖盘,2017-07-27,2017-07-27 13:33:15
13:33:39,13:33:39,7.58,--,3,2274,卖盘,2017-07-27,2017-07-27 13:33:39
13:33:54,13:33:54,7.58,--,3,2274,卖盘,2017-07-27,2017-07-27 13:33:54
13:34:57,13:34:57,7.58,--,1,758,卖盘,2017-07-27,2017-07-27 13:34:57
13:35:24,13:35:24,7.58,--,16,12128,卖盘,2017-07-27,2017-07-27 13:35:24
13:35:33,13:35:33,7.58,--,2,1516,卖盘,2017-07-27,2017-07-27 13:35:33
13:35:36,13:35:36,7.58,--,2,1516,卖盘,2017-07-27,2017-07-27 13:35:36
13:35:39,13:35:39,7.58,--,2,1516,卖盘,2017-07-27,2017-07-27 13:35:39
13:36:00,13:36:00,7.58,--,1,758,卖盘,2017-07-27,2017-07-27 13:36:00
13:36:18,13:36:18,7.58,--,1,758,卖盘,2017-07-27,2017-07-27 13:36:18
13:36:21,13:36:21,7.58,--,500,379000,卖盘,2017-07-27,2017-07-27 13:36:21
13:36:30,13:36:30,7.58,--,5,3790,卖盘,2017-07-27,2017-07-27 13:36:30
13:36:36,13:36:36,7.58,--,64,48512,卖盘,2017-07-27,2017-07-27 13:36:36
13:36:39,13:36:39,7.58,--,16,12128,卖盘,2017-07-27,2017-07-27 13:36:39
13:36:57,13:36:57,7.58,--,1870,1417460,卖盘,2017-07-27,2017-07-27 13:36:57
13:37:09,13:37:09,7.58,--,10,7580,卖盘,2017-07-27,2017-07-27 13:37:09
13:37:27,13:37:27,7.58,--,3,2274,卖盘,2017-07-27,2017-07-27 13:37:27
13:37:51,13:37:51,7.58,--,40,30320,卖盘,2017-07-27,2017-07-27 13:37:51
13:38:09,13:38:09,7.58,--,500,379000,卖盘,2017-07-27,2017-07-27 13:38:09
13:38:12,13:38:12,7.58,--,2,1516,卖盘,2017-07-27,2017-07-27 13:38:12
13:38:18,13:38:18,7.58,--,2,1516,卖盘,2017-07-27,2017-07-27 13:38:18
13:38:21,13:38:21,7.58,--,64,48512,卖盘,2017-07-27,2017-07-27 13:38:21
13:38:24,13:38:24,7.58,--,21,15918,卖盘,2017-07-27,2017-07-27 13:38:24
13:38:27,13:38:27,7.58,--,20,15160,卖盘,2017-07-27,2017-07-27 13:38:27
13:38:30,13:38:30,7.58,--,20,15160,卖盘,2017-07-27,2017-07-27 13:38:30
13:38:39,13:38:39,7.58,--,5,3790,卖盘,2017-07-27,2017-07-27 13:38:39
13:38:51,13:38:51,7.58,--,11,8338,卖盘,2017-07-27,2017-07-27 13:38:51
13:38:54,13:38:54,7.58,--,39,29562,卖盘,2017-07-27,2017-07-27 13:38:54
13:39:06,13:39:06,7.58,--,19,14424,卖盘,2017-07-27,2017-07-27 13:39:06
13:39:09,13:39:09,7.58,--,20,15160,卖盘,2017-07-27,2017-07-27 13:39:09
13:39:18,13:39:18,7.58,--,1,758,卖盘,2017-07-27,2017-07-27 13:39:18
13:39:21,13:39:21,7.58,--,4,3032,卖盘,2017-07-27,2017-07-27 13:39:21
13:39:24,13:39:24,7.58,--,7,5306,卖盘,2017-07-27,2017-07-27 13:39:24
13:39:27,13:39:27,7.58,--,1,758,卖盘,2017-07-27,2017-07-27 13:39:27
13:39:39,13:39:39,7.58,--,30,22740,卖盘,2017-07-27,2017-07-27 13:39:39
13:40:03,13:40:03,7.58,--,30,22740,卖盘,2017-07-27,2017-07-27 13:40:03
13:40:06,13:40:06,7.58,--,15,11370,卖盘,2017-07-27,2017-07-27 13:40:06
13:40:27,13:40:27,7.58,--,8,6064,卖盘,2017-07-27,2017-07-27 13:40:27
13:40:30,13:40:30,7.58,--,1,758,卖盘,2017-07-27,2017-07-27 13:40:30
13:40:57,13:40:57,7.58,--,14,10612,卖盘,2017-07-27,2017-07-27 13:40:57
13:41:30,13:41:30,7.58,--,20,15160,卖盘,2017-07-27,2017-07-27 13:41:30
13:42:00,13:42:00,7.58,--,7,5306,卖盘,2017-07-27,2017-07-27 13:42:00
13:42:15,13:42:15,7.58,--,50,37900,卖盘,2017-07-27,2017-07-27 13:42:15
13:42:48,13:42:48,7.58,--,1,758,卖盘,2017-07-27,2017-07-27 13:42:48
13:44:00,13:44:00,7.58,--,121,91718,卖盘,2017-07-27,2017-07-27 13:44:00
13:44:42,13:44:42,7.58,--,1,758,卖盘,2017-07-27,2017-07-27 13:44:42
13:44:57,13:44:57,7.58,--,1,758,卖盘,2017-07-27,2017-07-27 13:44:57
13:45:30,13:45:30,7.58,--,1,758,卖盘,2017-07-27,2017-07-27 13:45:30
13:45:33,13:45:33,7.58,--,1,758,卖盘,2017-07-27,2017-07-27 13:45:33
13:45:42,13:45:42,7.58,--,1,758,卖盘,2017-07-27,2017-07-27 13:45:42
13:45:48,13:45:48,7.58,--,1,758,卖盘,2017-07-27,2017-07-27 13:45:48
13:46:00,13:46:00,7.58,--,3,2274,卖盘,2017-07-27,2017-07-27 13:46:00
13:46:42,13:46:42,7.58,--,1,758,卖盘,2017-07-27,2017-07-27 13:46:42
13:47:12,13:47:12,7.58,--,30,22740,卖盘,2017-07-27,2017-07-27 13:47:12
13:47:42,13:47:42,7.58,--,1,758,卖盘,2017-07-27,2017-07-27 13:47:42
13:48:33,13:48:33,7.58,--,20,15160,卖盘,2017-07-27,2017-07-27 13:48:33
13:48:42,13:48:42,7.58,--,1,758,卖盘,2017-07-27,2017-07-27 13:48:42
13:48:51,13:48:51,7.58,--,1,758,卖盘,2017-07-27,2017-07-27 13:48:51
13:49:12,13:49:12,7.58,--,10,7580,卖盘,2017-07-27,2017-07-27 13:49:12
13:49:33,13:49:33,7.58,--,1,758,卖盘,2017-07-27,2017-07-27 13:49:33
13:49:42,13:49:42,7.58,--,1,758,卖盘,2017-07-27,2017-07-27 13:49:42
13:50:00,13:50:00,7.58,--,800,606400,卖盘,2017-07-27,2017-07-27 13:50:00
13:50:03,13:50:03,7.58,--,1,758,卖盘,2017-07-27,2017-07-27 13:50:03
13:50:21,13:50:21,7.58,--,152,115504,卖盘,2017-07-27,2017-07-27 13:50:21
13:50:24,13:50:24,7.58,--,566,429028,卖盘,2017-07-27,2017-07-27 13:50:24
13:50:27,13:50:27,7.58,--,212,160696,卖盘,2017-07-27,2017-07-27 13:50:27
13:50:33,13:50:33,7.58,--,30,22740,卖盘,2017-07-27,2017-07-27 13:50:33
13:50:42,13:50:42,7.58,--,1,758,卖盘,2017-07-27,2017-07-27 13:50:42
