idx_time,time,price,change,volume,amount,type,date,date_time
09:25:03,09:25:03,7.8,7.8,21910,17089800,买盘,2017-06-26,2017-06-26 09:25:03
09:30:03,09:30:03,7.8,--,4231,3300866,买盘,2017-06-26,2017-06-26 09:30:03
09:30:06,09:30:06,7.84,0.04,24346,19087389,买盘,2017-06-26,2017-06-26 09:30:06
09:30:09,09:30:09,7.8,-0.04,4670,3642600,卖盘,2017-06-26,2017-06-26 09:30:09
09:30:12,09:30:12,7.85,0.05,1525,1197125,中性盘,2017-06-26,2017-06-26 09:30:12
09:30:15,09:30:15,7.85,--,382,299870,卖盘,2017-06-26,2017-06-26 09:30:15
09:30:18,09:30:18,7.88,0.03,230,181240,买盘,2017-06-26,2017-06-26 09:30:18
09:30:21,09:30:21,7.85,-0.03,1978,1552730,卖盘,2017-06-26,2017-06-26 09:30:21
09:30:24,09:30:24,7.88,0.03,1286,1013368,买盘,2017-06-26,2017-06-26 09:30:24
09:30:27,09:30:27,7.85,-0.03,1447,1135895,卖盘,2017-06-26,2017-06-26 09:30:27
09:30:30,09:30:30,7.85,--,846,664110,买盘,2017-06-26,2017-06-26 09:30:30
09:30:33,09:30:33,7.95,0.1,5845,4646775,买盘,2017-06-26,2017-06-26 09:30:33
09:30:36,09:30:36,7.87,-0.08,1223,962501,卖盘,2017-06-26,2017-06-26 09:30:36
09:30:39,09:30:39,7.9,0.03,1051,830290,买盘,2017-06-26,2017-06-26 09:30:39
09:30:42,09:30:42,7.85,-0.05,2287,1795295,卖盘,2017-06-26,2017-06-26 09:30:42
09:30:45,09:30:45,7.88,0.03,2226,1754088,买盘,2017-06-26,2017-06-26 09:30:45
09:30:48,09:30:48,7.93,0.05,5039,3995927,买盘,2017-06-26,2017-06-26 09:30:48
09:30:51,09:30:51,7.94,0.01,1353,1074282,买盘,2017-06-26,2017-06-26 09:30:51
09:30:54,09:30:54,7.94,--,364,289016,买盘,2017-06-26,2017-06-26 09:30:54
09:30:57,09:30:57,7.91,-0.03,1122,887502,卖盘,2017-06-26,2017-06-26 09:30:57
09:31:00,09:31:00,7.92,0.01,881,697752,中性盘,2017-06-26,2017-06-26 09:31:00
09:31:03,09:31:03,7.88,-0.04,876,690288,卖盘,2017-06-26,2017-06-26 09:31:03
09:31:06,09:31:06,7.87,-0.01,685,539095,卖盘,2017-06-26,2017-06-26 09:31:06
09:31:09,09:31:09,7.9,0.03,886,699940,买盘,2017-06-26,2017-06-26 09:31:09
09:31:12,09:31:12,7.83,-0.07,1807,1414881,卖盘,2017-06-26,2017-06-26 09:31:12
09:31:15,09:31:15,7.86,0.03,1326,1042236,买盘,2017-06-26,2017-06-26 09:31:15
09:31:18,09:31:18,7.88,0.02,915,721020,买盘,2017-06-26,2017-06-26 09:31:18
09:31:21,09:31:21,7.85,-0.03,243,190755,中性盘,2017-06-26,2017-06-26 09:31:21
09:31:24,09:31:24,7.86,0.01,787,618582,中性盘,2017-06-26,2017-06-26 09:31:24
09:31:27,09:31:27,7.87,0.01,1122,883014,买盘,2017-06-26,2017-06-26 09:31:27
09:31:30,09:31:30,7.83,-0.04,452,353916,卖盘,2017-06-26,2017-06-26 09:31:30
09:31:33,09:31:33,7.85,0.02,490,384650,买盘,2017-06-26,2017-06-26 09:31:33
09:31:36,09:31:36,7.87,0.02,551,433637,买盘,2017-06-26,2017-06-26 09:31:36
09:31:39,09:31:39,7.86,-0.01,1090,856740,中性盘,2017-06-26,2017-06-26 09:31:39
09:31:42,09:31:42,7.87,0.01,634,498958,买盘,2017-06-26,2017-06-26 09:31:42
09:31:45,09:31:45,7.85,-0.02,1296,1017360,卖盘,2017-06-26,2017-06-26 09:31:45
09:31:48,09:31:48,7.85,--,1058,830530,卖盘,2017-06-26,2017-06-26 09:31:48
09:31:51,09:31:51,7.87,0.02,378,297486,中性盘,2017-06-26,2017-06-26 09:31:51
09:31:54,09:31:54,7.86,-0.01,1133,890538,卖盘,2017-06-26,2017-06-26 09:31:54
09:31:57,09:31:57,7.86,--,783,615438,卖盘,2017-06-26,2017-06-26 09:31:57
09:32:00,09:32:00,7.87,0.01,234,184158,中性盘,2017-06-26,2017-06-26 09:32:00
09:32:03,09:32:03,7.89,0.02,975,769275,买盘,2017-06-26,2017-06-26 09:32:03
09:32:06,09:32:06,7.9,0.01,741,585390,买盘,2017-06-26,2017-06-26 09:32:06
09:32:09,09:32:09,7.9,--,1028,812120,买盘,2017-06-26,2017-06-26 09:32:09
09:32:12,09:32:12,7.9,--,1323,1045170,买盘,2017-06-26,2017-06-26 09:32:12
09:32:15,09:32:15,7.93,0.03,1166,924638,买盘,2017-06-26,2017-06-26 09:32:15
09:32:18,09:32:18,7.92,-0.01,1452,1149984,卖盘,2017-06-26,2017-06-26 09:32:18
09:32:21,09:32:21,7.95,0.03,1115,886425,买盘,2017-06-26,2017-06-26 09:32:21
09:32:24,09:32:24,7.96,0.01,768,611328,买盘,2017-06-26,2017-06-26 09:32:24
09:32:27,09:32:27,7.95,-0.01,2089,1660755,卖盘,2017-06-26,2017-06-26 09:32:27
09:32:30,09:32:30,7.98,0.03,1637,1306326,买盘,2017-06-26,2017-06-26 09:32:30
09:32:33,09:32:33,7.98,--,1157,923286,买盘,2017-06-26,2017-06-26 09:32:33
09:32:36,09:32:36,7.99,0.01,733,585667,买盘,2017-06-26,2017-06-26 09:32:36
09:32:39,09:32:39,7.99,--,1515,1210485,买盘,2017-06-26,2017-06-26 09:32:39
09:32:42,09:32:42,8.0,0.01,2255,1804000,买盘,2017-06-26,2017-06-26 09:32:42
09:32:45,09:32:45,8.0,--,2943,2354400,买盘,2017-06-26,2017-06-26 09:32:45
09:32:48,09:32:48,8.0,--,5185,4148000,买盘,2017-06-26,2017-06-26 09:32:48
09:32:51,09:32:51,8.0,--,1831,1464800,买盘,2017-06-26,2017-06-26 09:32:51
09:32:54,09:32:54,8.02,0.02,871,698542,买盘,2017-06-26,2017-06-26 09:32:54
09:32:57,09:32:57,8.04,0.02,3210,2580839,买盘,2017-06-26,2017-06-26 09:32:57
09:33:00,09:33:00,8.04,--,1497,1203587,卖盘,2017-06-26,2017-06-26 09:33:00
09:33:03,09:33:03,8.0,-0.04,1514,1211200,卖盘,2017-06-26,2017-06-26 09:33:03
09:33:06,09:33:06,8.03,0.03,1636,1313708,中性盘,2017-06-26,2017-06-26 09:33:06
09:33:09,09:33:09,8.02,-0.01,2074,1663348,中性盘,2017-06-26,2017-06-26 09:33:09
09:33:12,09:33:12,8.02,--,7006,5618812,买盘,2017-06-26,2017-06-26 09:33:12
09:33:15,09:33:15,8.0,-0.02,1209,967200,卖盘,2017-06-26,2017-06-26 09:33:15
09:33:18,09:33:18,7.95,-0.05,1534,1219530,卖盘,2017-06-26,2017-06-26 09:33:18
09:33:21,09:33:21,7.95,--,1327,1054965,买盘,2017-06-26,2017-06-26 09:33:21
09:33:24,09:33:24,7.95,--,848,674160,买盘,2017-06-26,2017-06-26 09:33:24
09:33:27,09:33:27,7.95,--,1248,992160,买盘,2017-06-26,2017-06-26 09:33:27
09:33:30,09:33:30,7.9,-0.05,644,508760,卖盘,2017-06-26,2017-06-26 09:33:30
09:33:33,09:33:33,7.9,--,803,634370,卖盘,2017-06-26,2017-06-26 09:33:33
09:33:36,09:33:36,7.9,--,1794,1417260,买盘,2017-06-26,2017-06-26 09:33:36
09:33:39,09:33:39,7.9,--,1397,1103630,买盘,2017-06-26,2017-06-26 09:33:39
09:33:42,09:33:42,7.94,0.04,315,250110,中性盘,2017-06-26,2017-06-26 09:33:42
09:33:45,09:33:45,7.91,-0.03,384,303744,卖盘,2017-06-26,2017-06-26 09:33:45
09:33:48,09:33:48,7.94,0.03,705,559833,买盘,2017-06-26,2017-06-26 09:33:48
09:33:51,09:33:51,7.9,-0.04,2024,1598960,卖盘,2017-06-26,2017-06-26 09:33:51
09:33:54,09:33:54,7.94,0.04,401,318394,买盘,2017-06-26,2017-06-26 09:33:54
09:33:57,09:33:57,7.94,--,428,339832,买盘,2017-06-26,2017-06-26 09:33:57
09:34:00,09:34:00,7.94,--,657,521658,买盘,2017-06-26,2017-06-26 09:34:00
09:34:03,09:34:03,7.94,--,326,258844,买盘,2017-06-26,2017-06-26 09:34:03
09:34:06,09:34:06,7.94,--,604,479576,买盘,2017-06-26,2017-06-26 09:34:06
09:34:09,09:34:09,7.95,0.01,927,736965,买盘,2017-06-26,2017-06-26 09:34:09
09:34:12,09:34:12,7.93,-0.02,871,690703,卖盘,2017-06-26,2017-06-26 09:34:12
09:34:15,09:34:15,7.94,0.01,408,323952,买盘,2017-06-26,2017-06-26 09:34:15
09:34:18,09:34:18,7.99,0.05,1566,1251234,买盘,2017-06-26,2017-06-26 09:34:18
09:34:21,09:34:21,7.99,--,184,147016,卖盘,2017-06-26,2017-06-26 09:34:21
09:34:24,09:34:24,7.95,-0.04,1726,1372170,卖盘,2017-06-26,2017-06-26 09:34:24
09:34:27,09:34:27,7.94,-0.01,371,294574,卖盘,2017-06-26,2017-06-26 09:34:27
09:34:30,09:34:30,7.95,0.01,374,297330,买盘,2017-06-26,2017-06-26 09:34:30
09:34:33,09:34:33,7.99,0.04,1216,971584,买盘,2017-06-26,2017-06-26 09:34:33
09:34:36,09:34:36,7.94,-0.05,887,704278,卖盘,2017-06-26,2017-06-26 09:34:36
09:34:39,09:34:39,7.95,0.01,781,620895,买盘,2017-06-26,2017-06-26 09:34:39
09:34:42,09:34:42,7.95,--,3770,2997150,买盘,2017-06-26,2017-06-26 09:34:42
09:34:45,09:34:45,7.95,--,879,698805,买盘,2017-06-26,2017-06-26 09:34:45
09:34:48,09:34:48,7.9,-0.05,874,690460,卖盘,2017-06-26,2017-06-26 09:34:48
09:34:51,09:34:51,7.93,0.03,1721,1364753,买盘,2017-06-26,2017-06-26 09:34:51
09:34:54,09:34:54,7.93,--,1252,992836,买盘,2017-06-26,2017-06-26 09:34:54
09:34:57,09:34:57,7.93,--,1313,1041209,买盘,2017-06-26,2017-06-26 09:34:57
09:35:00,09:35:00,7.9,-0.03,695,549050,卖盘,2017-06-26,2017-06-26 09:35:00
09:35:03,09:35:03,7.91,0.01,882,697662,卖盘,2017-06-26,2017-06-26 09:35:03
09:35:06,09:35:06,7.91,--,846,669186,买盘,2017-06-26,2017-06-26 09:35:06
09:35:09,09:35:09,7.9,-0.01,337,266230,卖盘,2017-06-26,2017-06-26 09:35:09
09:35:12,09:35:12,7.9,--,572,451880,卖盘,2017-06-26,2017-06-26 09:35:12
09:35:15,09:35:15,7.9,--,291,229890,买盘,2017-06-26,2017-06-26 09:35:15
09:35:18,09:35:18,7.9,--,337,266230,买盘,2017-06-26,2017-06-26 09:35:18
09:35:21,09:35:21,7.87,-0.03,1287,1013593,卖盘,2017-06-26,2017-06-26 09:35:21
09:35:24,09:35:24,7.9,0.03,466,368140,买盘,2017-06-26,2017-06-26 09:35:24
09:35:27,09:35:27,7.89,-0.01,290,228810,中性盘,2017-06-26,2017-06-26 09:35:27
09:35:30,09:35:30,7.88,-0.01,322,253736,卖盘,2017-06-26,2017-06-26 09:35:30
09:35:33,09:35:33,7.9,0.02,501,395853,买盘,2017-06-26,2017-06-26 09:35:33
09:35:36,09:35:36,7.91,0.01,455,359905,买盘,2017-06-26,2017-06-26 09:35:36
09:35:39,09:35:39,7.9,-0.01,815,643850,卖盘,2017-06-26,2017-06-26 09:35:39
09:35:42,09:35:42,7.9,--,172,135880,卖盘,2017-06-26,2017-06-26 09:35:42
09:35:45,09:35:45,7.9,--,234,184860,卖盘,2017-06-26,2017-06-26 09:35:45
09:35:48,09:35:48,7.93,0.03,238,188734,买盘,2017-06-26,2017-06-26 09:35:48
09:35:51,09:35:51,7.9,-0.03,459,362610,卖盘,2017-06-26,2017-06-26 09:35:51
09:35:54,09:35:54,7.92,0.02,138,109296,买盘,2017-06-26,2017-06-26 09:35:54
09:35:57,09:35:57,7.91,-0.01,127,100457,中性盘,2017-06-26,2017-06-26 09:35:57
09:36:00,09:36:00,7.92,0.01,298,236016,买盘,2017-06-26,2017-06-26 09:36:00
09:36:03,09:36:03,7.9,-0.02,584,461360,卖盘,2017-06-26,2017-06-26 09:36:03
09:36:06,09:36:06,7.92,0.02,204,161568,卖盘,2017-06-26,2017-06-26 09:36:06
09:36:09,09:36:09,7.92,--,231,182952,买盘,2017-06-26,2017-06-26 09:36:09
09:36:12,09:36:12,7.92,--,148,117216,买盘,2017-06-26,2017-06-26 09:36:12
09:36:15,09:36:15,7.92,--,1251,990792,卖盘,2017-06-26,2017-06-26 09:36:15
09:36:18,09:36:18,7.93,0.01,974,772382,中性盘,2017-06-26,2017-06-26 09:36:18
09:36:21,09:36:21,7.93,--,517,409981,卖盘,2017-06-26,2017-06-26 09:36:21
09:36:24,09:36:24,7.93,--,514,407602,卖盘,2017-06-26,2017-06-26 09:36:24
09:36:27,09:36:27,7.95,0.02,319,253605,买盘,2017-06-26,2017-06-26 09:36:27
09:36:30,09:36:30,7.96,0.01,160,127360,买盘,2017-06-26,2017-06-26 09:36:30
09:36:33,09:36:33,7.94,-0.02,556,441464,卖盘,2017-06-26,2017-06-26 09:36:33
09:36:36,09:36:36,7.97,0.03,383,305251,买盘,2017-06-26,2017-06-26 09:36:36
09:36:39,09:36:39,7.94,-0.03,472,374768,卖盘,2017-06-26,2017-06-26 09:36:39
09:36:42,09:36:42,7.94,--,1134,900396,卖盘,2017-06-26,2017-06-26 09:36:42
09:36:45,09:36:45,7.96,0.02,762,606552,买盘,2017-06-26,2017-06-26 09:36:45
09:36:48,09:36:48,7.98,0.02,868,692664,买盘,2017-06-26,2017-06-26 09:36:48
09:36:51,09:36:51,7.95,-0.03,590,469050,卖盘,2017-06-26,2017-06-26 09:36:51
09:36:54,09:36:54,7.97,0.02,654,521238,中性盘,2017-06-26,2017-06-26 09:36:54
09:36:57,09:36:57,7.97,--,271,215987,买盘,2017-06-26,2017-06-26 09:36:57
09:37:00,09:37:00,7.97,--,931,742007,买盘,2017-06-26,2017-06-26 09:37:00
09:37:03,09:37:03,7.97,--,685,545945,买盘,2017-06-26,2017-06-26 09:37:03
09:37:06,09:37:06,7.97,--,338,269386,买盘,2017-06-26,2017-06-26 09:37:06
09:37:09,09:37:09,7.96,-0.01,1246,991816,中性盘,2017-06-26,2017-06-26 09:37:09
09:37:12,09:37:12,7.95,-0.01,1628,1294260,卖盘,2017-06-26,2017-06-26 09:37:12
09:37:15,09:37:15,7.95,--,723,574785,买盘,2017-06-26,2017-06-26 09:37:15
09:37:18,09:37:18,7.93,-0.02,1127,893711,卖盘,2017-06-26,2017-06-26 09:37:18
09:37:21,09:37:21,7.92,-0.01,517,409464,中性盘,2017-06-26,2017-06-26 09:37:21
09:37:24,09:37:24,7.93,0.01,749,593957,买盘,2017-06-26,2017-06-26 09:37:24
09:37:27,09:37:27,7.9,-0.03,810,639900,卖盘,2017-06-26,2017-06-26 09:37:27
09:37:30,09:37:30,7.9,--,118,93220,买盘,2017-06-26,2017-06-26 09:37:30
09:37:33,09:37:33,7.9,--,108,85320,买盘,2017-06-26,2017-06-26 09:37:33
09:37:36,09:37:36,7.9,--,596,470840,买盘,2017-06-26,2017-06-26 09:37:36
09:37:39,09:37:39,7.89,-0.01,561,442629,卖盘,2017-06-26,2017-06-26 09:37:39
09:37:42,09:37:42,7.88,-0.01,2198,1732748,卖盘,2017-06-26,2017-06-26 09:37:42
09:37:45,09:37:45,7.87,-0.01,647,509189,中性盘,2017-06-26,2017-06-26 09:37:45
09:37:48,09:37:48,7.87,--,571,449377,买盘,2017-06-26,2017-06-26 09:37:48
09:37:51,09:37:51,7.87,--,612,481644,买盘,2017-06-26,2017-06-26 09:37:51
09:37:54,09:37:54,7.84,-0.03,1548,1213632,卖盘,2017-06-26,2017-06-26 09:37:54
09:37:57,09:37:57,7.83,-0.01,482,377406,卖盘,2017-06-26,2017-06-26 09:37:57
09:38:00,09:38:00,7.81,-0.02,1177,919237,卖盘,2017-06-26,2017-06-26 09:38:00
09:38:03,09:38:03,7.8,-0.01,124,96720,卖盘,2017-06-26,2017-06-26 09:38:03
09:38:06,09:38:06,7.8,--,132,102960,卖盘,2017-06-26,2017-06-26 09:38:06
09:38:09,09:38:09,7.81,0.01,757,591217,买盘,2017-06-26,2017-06-26 09:38:09
09:38:12,09:38:12,7.8,-0.01,295,230100,卖盘,2017-06-26,2017-06-26 09:38:12
09:38:15,09:38:15,7.8,--,654,510120,卖盘,2017-06-26,2017-06-26 09:38:15
09:38:18,09:38:18,7.8,--,798,622440,卖盘,2017-06-26,2017-06-26 09:38:18
09:38:21,09:38:21,7.81,0.01,801,625581,买盘,2017-06-26,2017-06-26 09:38:21
09:38:24,09:38:24,7.78,-0.03,1857,1444746,卖盘,2017-06-26,2017-06-26 09:38:24
09:38:27,09:38:27,7.78,--,1048,815344,买盘,2017-06-26,2017-06-26 09:38:27
09:38:30,09:38:30,7.78,--,539,419342,买盘,2017-06-26,2017-06-26 09:38:30
09:38:33,09:38:33,7.78,--,991,770998,买盘,2017-06-26,2017-06-26 09:38:33
09:38:36,09:38:36,7.78,--,227,176606,买盘,2017-06-26,2017-06-26 09:38:36
09:38:39,09:38:39,7.78,--,748,581944,买盘,2017-06-26,2017-06-26 09:38:39
09:38:42,09:38:42,7.78,--,241,187498,买盘,2017-06-26,2017-06-26 09:38:42
09:38:45,09:38:45,7.78,--,1196,930488,买盘,2017-06-26,2017-06-26 09:38:45
09:38:48,09:38:48,7.77,-0.01,434,337218,中性盘,2017-06-26,2017-06-26 09:38:48
09:38:51,09:38:51,7.78,0.01,731,568718,买盘,2017-06-26,2017-06-26 09:38:51
09:38:54,09:38:54,7.78,--,356,276968,卖盘,2017-06-26,2017-06-26 09:38:54
09:38:57,09:38:57,7.8,0.02,77,60060,中性盘,2017-06-26,2017-06-26 09:38:57
09:39:00,09:39:00,7.79,-0.01,163,126977,卖盘,2017-06-26,2017-06-26 09:39:00
09:39:03,09:39:03,7.78,-0.01,565,439570,卖盘,2017-06-26,2017-06-26 09:39:03
09:39:06,09:39:06,7.8,0.02,140,109200,中性盘,2017-06-26,2017-06-26 09:39:06
09:39:09,09:39:09,7.81,0.01,101,78881,中性盘,2017-06-26,2017-06-26 09:39:09
09:39:12,09:39:12,7.83,0.02,396,310068,中性盘,2017-06-26,2017-06-26 09:39:12
09:39:15,09:39:15,7.86,0.03,269,211434,买盘,2017-06-26,2017-06-26 09:39:15
09:39:18,09:39:18,7.86,--,80,62880,买盘,2017-06-26,2017-06-26 09:39:18
09:39:21,09:39:21,7.86,--,88,69168,买盘,2017-06-26,2017-06-26 09:39:21
09:39:24,09:39:24,7.86,--,392,308112,买盘,2017-06-26,2017-06-26 09:39:24
09:39:27,09:39:27,7.86,--,163,128118,卖盘,2017-06-26,2017-06-26 09:39:27
09:39:30,09:39:30,7.83,-0.03,1715,1342845,卖盘,2017-06-26,2017-06-26 09:39:30
09:39:33,09:39:33,7.83,--,357,279531,买盘,2017-06-26,2017-06-26 09:39:33
09:39:36,09:39:36,7.83,--,241,188703,买盘,2017-06-26,2017-06-26 09:39:36
09:39:39,09:39:39,7.83,--,508,397764,买盘,2017-06-26,2017-06-26 09:39:39
09:39:42,09:39:42,7.83,--,287,224721,买盘,2017-06-26,2017-06-26 09:39:42
09:39:45,09:39:45,7.83,--,300,234900,买盘,2017-06-26,2017-06-26 09:39:45
09:39:48,09:39:48,7.85,0.02,535,419975,买盘,2017-06-26,2017-06-26 09:39:48
09:39:51,09:39:51,7.83,-0.02,508,397764,卖盘,2017-06-26,2017-06-26 09:39:51
09:39:54,09:39:54,7.85,0.02,492,386220,中性盘,2017-06-26,2017-06-26 09:39:54
09:39:57,09:39:57,7.85,--,378,296730,中性盘,2017-06-26,2017-06-26 09:39:57
09:40:00,09:40:00,7.85,--,230,180550,买盘,2017-06-26,2017-06-26 09:40:00
09:40:03,09:40:03,7.85,--,177,138945,买盘,2017-06-26,2017-06-26 09:40:03
09:40:06,09:40:06,7.85,--,229,179765,买盘,2017-06-26,2017-06-26 09:40:06
09:40:09,09:40:09,7.85,--,835,655537,买盘,2017-06-26,2017-06-26 09:40:09
09:40:12,09:40:12,7.83,-0.02,823,644409,卖盘,2017-06-26,2017-06-26 09:40:12
09:40:15,09:40:15,7.85,0.02,511,401135,买盘,2017-06-26,2017-06-26 09:40:15
09:40:18,09:40:18,7.85,--,626,491410,卖盘,2017-06-26,2017-06-26 09:40:18
09:40:21,09:40:21,7.84,-0.01,760,595840,卖盘,2017-06-26,2017-06-26 09:40:21
09:40:24,09:40:24,7.83,-0.01,681,533223,卖盘,2017-06-26,2017-06-26 09:40:24
09:40:27,09:40:27,7.83,--,817,639711,买盘,2017-06-26,2017-06-26 09:40:27
09:40:30,09:40:30,7.84,0.01,388,304192,买盘,2017-06-26,2017-06-26 09:40:30
09:40:33,09:40:33,7.85,0.01,147,115395,买盘,2017-06-26,2017-06-26 09:40:33
09:40:36,09:40:36,7.85,--,5129,4026265,买盘,2017-06-26,2017-06-26 09:40:36
09:40:39,09:40:39,7.82,-0.03,648,506736,卖盘,2017-06-26,2017-06-26 09:40:39
09:40:42,09:40:42,7.82,--,437,341734,买盘,2017-06-26,2017-06-26 09:40:42
09:40:45,09:40:45,7.83,0.01,251,196533,买盘,2017-06-26,2017-06-26 09:40:45
09:40:48,09:40:48,7.83,--,154,120582,买盘,2017-06-26,2017-06-26 09:40:48
09:40:51,09:40:51,7.83,--,299,234117,买盘,2017-06-26,2017-06-26 09:40:51
09:40:54,09:40:54,7.82,-0.01,226,176732,卖盘,2017-06-26,2017-06-26 09:40:54
09:40:57,09:40:57,7.83,0.01,131,102573,买盘,2017-06-26,2017-06-26 09:40:57
09:41:00,09:41:00,7.82,-0.01,63,49266,卖盘,2017-06-26,2017-06-26 09:41:00
09:41:03,09:41:03,7.83,0.01,93,72819,买盘,2017-06-26,2017-06-26 09:41:03
09:41:06,09:41:06,7.82,-0.01,79,61778,卖盘,2017-06-26,2017-06-26 09:41:06
09:41:09,09:41:09,7.82,--,462,361284,卖盘,2017-06-26,2017-06-26 09:41:09
09:41:12,09:41:12,7.83,0.01,209,163647,中性盘,2017-06-26,2017-06-26 09:41:12
09:41:15,09:41:15,7.82,-0.01,240,187680,卖盘,2017-06-26,2017-06-26 09:41:15
09:41:18,09:41:18,7.82,--,425,332350,卖盘,2017-06-26,2017-06-26 09:41:18
09:41:21,09:41:21,7.82,--,266,208012,买盘,2017-06-26,2017-06-26 09:41:21
09:41:24,09:41:24,7.85,0.03,635,498475,买盘,2017-06-26,2017-06-26 09:41:24
09:41:27,09:41:27,7.83,-0.02,427,334341,卖盘,2017-06-26,2017-06-26 09:41:27
09:41:30,09:41:30,7.81,-0.02,138,107778,卖盘,2017-06-26,2017-06-26 09:41:30
09:41:33,09:41:33,7.82,0.01,211,165002,卖盘,2017-06-26,2017-06-26 09:41:33
09:41:36,09:41:36,7.83,0.01,156,122148,买盘,2017-06-26,2017-06-26 09:41:36
09:41:39,09:41:39,7.83,--,151,118233,买盘,2017-06-26,2017-06-26 09:41:39
09:41:42,09:41:42,7.83,--,111,86913,买盘,2017-06-26,2017-06-26 09:41:42
09:41:45,09:41:45,7.83,--,53,41499,卖盘,2017-06-26,2017-06-26 09:41:45
09:41:48,09:41:48,7.83,--,70,54810,卖盘,2017-06-26,2017-06-26 09:41:48
09:41:51,09:41:51,7.83,--,136,106488,卖盘,2017-06-26,2017-06-26 09:41:51
09:41:54,09:41:54,7.84,0.01,364,285376,中性盘,2017-06-26,2017-06-26 09:41:54
09:41:57,09:41:57,7.85,0.01,125,98125,买盘,2017-06-26,2017-06-26 09:41:57
09:42:00,09:42:00,7.85,--,118,92630,卖盘,2017-06-26,2017-06-26 09:42:00
09:42:03,09:42:03,7.85,--,81,63585,卖盘,2017-06-26,2017-06-26 09:42:03
09:42:06,09:42:06,7.86,0.01,63,49518,买盘,2017-06-26,2017-06-26 09:42:06
09:42:09,09:42:09,7.86,--,454,356844,买盘,2017-06-26,2017-06-26 09:42:09
09:42:12,09:42:12,7.86,--,9,7074,卖盘,2017-06-26,2017-06-26 09:42:12
09:42:15,09:42:15,7.88,0.02,223,175724,买盘,2017-06-26,2017-06-26 09:42:15
09:42:18,09:42:18,7.88,--,538,423944,买盘,2017-06-26,2017-06-26 09:42:18
09:42:21,09:42:21,7.89,0.01,513,404757,买盘,2017-06-26,2017-06-26 09:42:21
09:42:24,09:42:24,7.88,-0.01,229,180452,卖盘,2017-06-26,2017-06-26 09:42:24
09:42:27,09:42:27,7.89,0.01,78,61542,买盘,2017-06-26,2017-06-26 09:42:27
09:42:30,09:42:30,7.9,0.01,324,255960,买盘,2017-06-26,2017-06-26 09:42:30
09:42:33,09:42:33,7.89,-0.01,463,365307,卖盘,2017-06-26,2017-06-26 09:42:33
09:42:36,09:42:36,7.89,--,171,134919,卖盘,2017-06-26,2017-06-26 09:42:36
09:42:39,09:42:39,7.9,0.01,741,585390,买盘,2017-06-26,2017-06-26 09:42:39
09:42:42,09:42:42,7.89,-0.01,607,479569,卖盘,2017-06-26,2017-06-26 09:42:42
09:42:45,09:42:45,7.9,0.01,291,229890,卖盘,2017-06-26,2017-06-26 09:42:45
09:42:48,09:42:48,7.93,0.03,7,5551,卖盘,2017-06-26,2017-06-26 09:42:48
09:42:51,09:42:51,7.93,--,260,206180,买盘,2017-06-26,2017-06-26 09:42:51
09:42:54,09:42:54,7.93,--,86,68198,买盘,2017-06-26,2017-06-26 09:42:54
09:42:57,09:42:57,7.93,--,421,333853,买盘,2017-06-26,2017-06-26 09:42:57
09:43:00,09:43:00,7.93,--,95,75335,买盘,2017-06-26,2017-06-26 09:43:00
09:43:03,09:43:03,7.9,-0.03,985,778150,卖盘,2017-06-26,2017-06-26 09:43:03
09:43:06,09:43:06,7.9,--,2664,2104560,卖盘,2017-06-26,2017-06-26 09:43:06
09:43:09,09:43:09,7.89,-0.01,69,54441,中性盘,2017-06-26,2017-06-26 09:43:09
09:43:12,09:43:12,7.9,0.01,286,225940,买盘,2017-06-26,2017-06-26 09:43:12
09:43:15,09:43:15,7.87,-0.03,245,192815,卖盘,2017-06-26,2017-06-26 09:43:15
09:43:18,09:43:18,7.88,0.01,153,120564,买盘,2017-06-26,2017-06-26 09:43:18
09:43:21,09:43:21,7.88,--,274,215912,买盘,2017-06-26,2017-06-26 09:43:21
09:43:24,09:43:24,7.88,--,49,38612,买盘,2017-06-26,2017-06-26 09:43:24
09:43:27,09:43:27,7.88,--,239,188332,买盘,2017-06-26,2017-06-26 09:43:27
09:43:30,09:43:30,7.88,--,801,631329,买盘,2017-06-26,2017-06-26 09:43:30
09:43:33,09:43:33,7.86,-0.02,886,696396,中性盘,2017-06-26,2017-06-26 09:43:33
09:43:36,09:43:36,7.87,0.01,465,365955,买盘,2017-06-26,2017-06-26 09:43:36
09:43:39,09:43:39,7.86,-0.01,162,127332,卖盘,2017-06-26,2017-06-26 09:43:39
09:43:42,09:43:42,7.89,0.03,199,157011,买盘,2017-06-26,2017-06-26 09:43:42
09:43:45,09:43:45,7.89,--,193,152277,买盘,2017-06-26,2017-06-26 09:43:45
09:43:48,09:43:48,7.89,--,638,503382,买盘,2017-06-26,2017-06-26 09:43:48
09:43:51,09:43:51,7.89,--,424,334536,买盘,2017-06-26,2017-06-26 09:43:51
09:43:54,09:43:54,7.88,-0.01,350,275800,卖盘,2017-06-26,2017-06-26 09:43:54
09:43:57,09:43:57,7.89,0.01,682,538098,买盘,2017-06-26,2017-06-26 09:43:57
09:44:00,09:44:00,7.9,0.01,155,122450,买盘,2017-06-26,2017-06-26 09:44:00
09:44:03,09:44:03,7.88,-0.02,1274,1003912,卖盘,2017-06-26,2017-06-26 09:44:03
09:44:06,09:44:06,7.89,0.01,174,137286,卖盘,2017-06-26,2017-06-26 09:44:06
09:44:09,09:44:09,7.88,-0.01,146,115048,卖盘,2017-06-26,2017-06-26 09:44:09
09:44:12,09:44:12,7.89,0.01,444,350316,买盘,2017-06-26,2017-06-26 09:44:12
09:44:15,09:44:15,7.89,--,160,126240,买盘,2017-06-26,2017-06-26 09:44:15
09:44:18,09:44:18,7.89,--,244,192516,买盘,2017-06-26,2017-06-26 09:44:18
09:44:21,09:44:21,7.88,-0.01,561,442068,卖盘,2017-06-26,2017-06-26 09:44:21
09:44:24,09:44:24,7.89,0.01,356,280884,中性盘,2017-06-26,2017-06-26 09:44:24
09:44:27,09:44:27,7.89,--,416,328224,卖盘,2017-06-26,2017-06-26 09:44:27
09:44:30,09:44:30,7.88,-0.01,284,223792,卖盘,2017-06-26,2017-06-26 09:44:30
09:44:33,09:44:33,7.89,0.01,192,151488,买盘,2017-06-26,2017-06-26 09:44:33
09:44:36,09:44:36,7.89,--,110,86790,买盘,2017-06-26,2017-06-26 09:44:36
09:44:39,09:44:39,7.88,-0.01,103,81164,卖盘,2017-06-26,2017-06-26 09:44:39
09:44:42,09:44:42,7.89,0.01,567,447363,买盘,2017-06-26,2017-06-26 09:44:42
09:44:45,09:44:45,7.88,-0.01,255,200940,卖盘,2017-06-26,2017-06-26 09:44:45
09:44:48,09:44:48,7.89,0.01,510,402390,买盘,2017-06-26,2017-06-26 09:44:48
09:44:51,09:44:51,7.88,-0.01,46,36248,中性盘,2017-06-26,2017-06-26 09:44:51
09:44:54,09:44:54,7.88,--,122,96136,买盘,2017-06-26,2017-06-26 09:44:54
09:44:57,09:44:57,7.88,--,365,287620,买盘,2017-06-26,2017-06-26 09:44:57
09:45:00,09:45:00,7.89,0.01,368,290352,买盘,2017-06-26,2017-06-26 09:45:00
09:45:03,09:45:03,7.87,-0.02,418,328966,卖盘,2017-06-26,2017-06-26 09:45:03
09:45:06,09:45:06,7.88,0.01,241,189908,中性盘,2017-06-26,2017-06-26 09:45:06
09:45:09,09:45:09,7.89,0.01,120,94680,买盘,2017-06-26,2017-06-26 09:45:09
09:45:12,09:45:12,7.88,-0.01,58,45704,卖盘,2017-06-26,2017-06-26 09:45:12
09:45:15,09:45:15,7.89,0.01,546,430794,买盘,2017-06-26,2017-06-26 09:45:15
09:45:18,09:45:18,7.89,--,108,85212,卖盘,2017-06-26,2017-06-26 09:45:18
09:45:21,09:45:21,7.89,--,129,101781,卖盘,2017-06-26,2017-06-26 09:45:21
09:45:24,09:45:24,7.89,--,105,82845,卖盘,2017-06-26,2017-06-26 09:45:24
09:45:27,09:45:27,7.89,--,616,486024,卖盘,2017-06-26,2017-06-26 09:45:27
09:45:30,09:45:30,7.9,0.01,219,173010,买盘,2017-06-26,2017-06-26 09:45:30
09:45:33,09:45:33,7.89,-0.01,61,48129,卖盘,2017-06-26,2017-06-26 09:45:33
09:45:36,09:45:36,7.9,0.01,127,100330,买盘,2017-06-26,2017-06-26 09:45:36
09:45:39,09:45:39,7.9,--,299,236210,买盘,2017-06-26,2017-06-26 09:45:39
09:45:42,09:45:42,7.9,--,113,89270,买盘,2017-06-26,2017-06-26 09:45:42
09:45:45,09:45:45,7.9,--,533,421070,买盘,2017-06-26,2017-06-26 09:45:45
09:45:48,09:45:48,7.9,--,641,507037,买盘,2017-06-26,2017-06-26 09:45:48
09:45:51,09:45:51,7.91,0.01,79,62489,买盘,2017-06-26,2017-06-26 09:45:51
09:45:54,09:45:54,7.92,0.01,210,166320,买盘,2017-06-26,2017-06-26 09:45:54
09:45:57,09:45:57,7.92,--,144,114048,买盘,2017-06-26,2017-06-26 09:45:57
09:46:00,09:46:00,7.93,0.01,1355,1074515,买盘,2017-06-26,2017-06-26 09:46:00
09:46:03,09:46:03,7.96,0.03,1907,1517972,买盘,2017-06-26,2017-06-26 09:46:03
09:46:06,09:46:06,8.0,0.04,8571,6857072,买盘,2017-06-26,2017-06-26 09:46:06
09:46:09,09:46:09,8.05,0.05,2544,2047920,买盘,2017-06-26,2017-06-26 09:46:09
09:46:12,09:46:12,8.11,0.06,4619,3746008,买盘,2017-06-26,2017-06-26 09:46:12
09:46:15,09:46:15,8.13,0.02,211,171543,买盘,2017-06-26,2017-06-26 09:46:15
09:46:18,09:46:18,8.14,0.01,629,512006,买盘,2017-06-26,2017-06-26 09:46:18
09:46:21,09:46:21,8.16,0.02,5741,4684656,买盘,2017-06-26,2017-06-26 09:46:21
09:46:24,09:46:24,8.15,-0.01,1069,871235,中性盘,2017-06-26,2017-06-26 09:46:24
09:46:27,09:46:27,8.15,--,2477,2018755,买盘,2017-06-26,2017-06-26 09:46:27
09:46:30,09:46:30,8.18,0.03,2401,1964018,买盘,2017-06-26,2017-06-26 09:46:30
09:46:33,09:46:33,8.2,0.02,1514,1241578,买盘,2017-06-26,2017-06-26 09:46:33
09:46:36,09:46:36,8.15,-0.05,1367,1114822,卖盘,2017-06-26,2017-06-26 09:46:36
09:46:39,09:46:39,8.15,--,1338,1090470,买盘,2017-06-26,2017-06-26 09:46:39
09:46:42,09:46:42,8.17,0.02,1196,977132,买盘,2017-06-26,2017-06-26 09:46:42
09:46:45,09:46:45,8.15,-0.02,1071,872865,卖盘,2017-06-26,2017-06-26 09:46:45
09:46:48,09:46:48,8.15,--,890,725350,买盘,2017-06-26,2017-06-26 09:46:48
09:46:51,09:46:51,8.15,--,1028,837820,买盘,2017-06-26,2017-06-26 09:46:51
09:46:54,09:46:54,8.13,-0.02,964,783732,中性盘,2017-06-26,2017-06-26 09:46:54
09:46:57,09:46:57,8.14,0.01,488,397232,买盘,2017-06-26,2017-06-26 09:46:57
09:47:00,09:47:00,8.09,-0.05,762,616458,卖盘,2017-06-26,2017-06-26 09:47:00
09:47:03,09:47:03,8.09,--,403,326027,买盘,2017-06-26,2017-06-26 09:47:03
09:47:06,09:47:06,8.12,0.03,688,558656,买盘,2017-06-26,2017-06-26 09:47:06
09:47:09,09:47:09,8.11,-0.01,726,588786,中性盘,2017-06-26,2017-06-26 09:47:09
09:47:12,09:47:12,8.09,-0.02,468,378612,卖盘,2017-06-26,2017-06-26 09:47:12
09:47:15,09:47:15,8.09,--,222,179598,买盘,2017-06-26,2017-06-26 09:47:15
09:47:18,09:47:18,8.08,-0.01,498,402384,中性盘,2017-06-26,2017-06-26 09:47:18
09:47:21,09:47:21,8.09,0.01,552,446568,买盘,2017-06-26,2017-06-26 09:47:21
09:47:24,09:47:24,8.05,-0.04,696,560280,卖盘,2017-06-26,2017-06-26 09:47:24
09:47:27,09:47:27,8.1,0.05,860,696697,买盘,2017-06-26,2017-06-26 09:47:27
09:47:30,09:47:30,8.1,--,295,238950,卖盘,2017-06-26,2017-06-26 09:47:30
09:47:33,09:47:33,8.09,-0.01,406,329165,卖盘,2017-06-26,2017-06-26 09:47:33
09:47:36,09:47:36,8.09,--,451,364859,买盘,2017-06-26,2017-06-26 09:47:36
09:47:39,09:47:39,8.09,--,384,310656,买盘,2017-06-26,2017-06-26 09:47:39
09:47:42,09:47:42,8.06,-0.03,684,551304,卖盘,2017-06-26,2017-06-26 09:47:42
09:47:45,09:47:45,8.09,0.03,278,224902,买盘,2017-06-26,2017-06-26 09:47:45
09:47:48,09:47:48,8.09,--,220,178077,买盘,2017-06-26,2017-06-26 09:47:48
09:47:51,09:47:51,8.1,0.01,1064,861840,买盘,2017-06-26,2017-06-26 09:47:51
09:47:54,09:47:54,8.06,-0.04,2807,2263143,卖盘,2017-06-26,2017-06-26 09:47:54
09:47:57,09:47:57,8.06,--,528,425568,买盘,2017-06-26,2017-06-26 09:47:57
09:48:00,09:48:00,8.1,0.04,1127,912870,买盘,2017-06-26,2017-06-26 09:48:00
09:48:03,09:48:03,8.1,--,309,250290,买盘,2017-06-26,2017-06-26 09:48:03
09:48:06,09:48:06,8.1,--,391,316710,买盘,2017-06-26,2017-06-26 09:48:06
09:48:09,09:48:09,8.1,--,3884,3146040,买盘,2017-06-26,2017-06-26 09:48:09
09:48:12,09:48:12,8.15,0.05,929,757135,买盘,2017-06-26,2017-06-26 09:48:12
09:48:15,09:48:15,8.19,0.04,1025,839475,买盘,2017-06-26,2017-06-26 09:48:15
09:48:18,09:48:18,8.15,-0.04,917,747355,卖盘,2017-06-26,2017-06-26 09:48:18
09:48:21,09:48:21,8.15,--,1544,1258360,卖盘,2017-06-26,2017-06-26 09:48:21
09:48:24,09:48:24,8.2,0.05,1691,1386619,买盘,2017-06-26,2017-06-26 09:48:24
09:48:27,09:48:27,8.2,--,3400,2787999,买盘,2017-06-26,2017-06-26 09:48:27
09:48:30,09:48:30,8.36,0.16,17966,15019575,买盘,2017-06-26,2017-06-26 09:48:30
09:48:33,09:48:33,8.36,--,5159,4313224,卖盘,2017-06-26,2017-06-26 09:48:33
09:48:36,09:48:36,8.36,--,158,132088,卖盘,2017-06-26,2017-06-26 09:48:36
09:48:39,09:48:39,8.36,--,970,810920,卖盘,2017-06-26,2017-06-26 09:48:39
09:48:42,09:48:42,8.36,--,456,381216,卖盘,2017-06-26,2017-06-26 09:48:42
09:48:45,09:48:45,8.36,--,2084,1742223,卖盘,2017-06-26,2017-06-26 09:48:45
09:48:48,09:48:48,8.36,--,732,611952,卖盘,2017-06-26,2017-06-26 09:48:48
09:48:51,09:48:51,8.36,--,759,634524,卖盘,2017-06-26,2017-06-26 09:48:51
09:48:54,09:48:54,8.36,--,799,667964,卖盘,2017-06-26,2017-06-26 09:48:54
09:48:57,09:48:57,8.36,--,2486,2078295,卖盘,2017-06-26,2017-06-26 09:48:57
09:49:00,09:49:00,8.36,--,2242,1874311,卖盘,2017-06-26,2017-06-26 09:49:00
09:49:03,09:49:03,8.36,--,543,453947,卖盘,2017-06-26,2017-06-26 09:49:03
09:49:06,09:49:06,8.36,--,2832,2367552,卖盘,2017-06-26,2017-06-26 09:49:06
09:49:09,09:49:09,8.36,--,1640,1371040,卖盘,2017-06-26,2017-06-26 09:49:09
09:49:12,09:49:12,8.36,--,693,579348,卖盘,2017-06-26,2017-06-26 09:49:12
09:49:15,09:49:15,8.36,--,478,399608,卖盘,2017-06-26,2017-06-26 09:49:15
09:49:18,09:49:18,8.36,--,483,403788,卖盘,2017-06-26,2017-06-26 09:49:18
09:49:21,09:49:21,8.36,--,2242,1874311,卖盘,2017-06-26,2017-06-26 09:49:21
09:49:24,09:49:24,8.36,--,1061,886995,卖盘,2017-06-26,2017-06-26 09:49:24
09:49:27,09:49:27,8.36,--,812,678832,卖盘,2017-06-26,2017-06-26 09:49:27
09:49:30,09:49:30,8.36,--,1782,1489752,卖盘,2017-06-26,2017-06-26 09:49:30
09:49:33,09:49:33,8.36,--,639,534204,卖盘,2017-06-26,2017-06-26 09:49:33
09:49:36,09:49:36,8.36,--,2529,2114244,卖盘,2017-06-26,2017-06-26 09:49:36
09:49:39,09:49:39,8.36,--,1362,1138632,卖盘,2017-06-26,2017-06-26 09:49:39
09:49:42,09:49:42,8.36,--,562,469831,卖盘,2017-06-26,2017-06-26 09:49:42
09:49:45,09:49:45,8.36,--,530,443079,卖盘,2017-06-26,2017-06-26 09:49:45
09:49:48,09:49:48,8.36,--,190,158840,卖盘,2017-06-26,2017-06-26 09:49:48
09:49:51,09:49:51,8.36,--,128,107008,卖盘,2017-06-26,2017-06-26 09:49:51
09:49:54,09:49:54,8.36,--,271,226555,卖盘,2017-06-26,2017-06-26 09:49:54
09:49:57,09:49:57,8.36,--,284,237423,卖盘,2017-06-26,2017-06-26 09:49:57
09:50:00,09:50:00,8.36,--,193,161348,卖盘,2017-06-26,2017-06-26 09:50:00
09:50:03,09:50:03,8.36,--,532,444751,卖盘,2017-06-26,2017-06-26 09:50:03
09:50:06,09:50:06,8.36,--,637,532532,卖盘,2017-06-26,2017-06-26 09:50:06
09:50:09,09:50:09,8.36,--,1862,1556632,卖盘,2017-06-26,2017-06-26 09:50:09
09:50:12,09:50:12,8.36,--,45,37620,卖盘,2017-06-26,2017-06-26 09:50:12
09:50:15,09:50:15,8.36,--,156,130415,卖盘,2017-06-26,2017-06-26 09:50:15
09:50:18,09:50:18,8.36,--,88,73568,卖盘,2017-06-26,2017-06-26 09:50:18
09:50:21,09:50:21,8.36,--,648,541728,卖盘,2017-06-26,2017-06-26 09:50:21
09:50:24,09:50:24,8.36,--,256,214333,卖盘,2017-06-26,2017-06-26 09:50:24
09:50:27,09:50:27,8.36,--,67,56011,卖盘,2017-06-26,2017-06-26 09:50:27
09:50:30,09:50:30,8.36,--,223,186428,卖盘,2017-06-26,2017-06-26 09:50:30
09:50:33,09:50:33,8.36,--,70,58519,卖盘,2017-06-26,2017-06-26 09:50:33
09:50:36,09:50:36,8.36,--,482,402952,卖盘,2017-06-26,2017-06-26 09:50:36
09:50:39,09:50:39,8.36,--,646,540056,卖盘,2017-06-26,2017-06-26 09:50:39
09:50:42,09:50:42,8.36,--,104,86944,卖盘,2017-06-26,2017-06-26 09:50:42
09:50:45,09:50:45,8.36,--,89,74404,卖盘,2017-06-26,2017-06-26 09:50:45
09:50:48,09:50:48,8.36,--,158,132088,卖盘,2017-06-26,2017-06-26 09:50:48
09:50:51,09:50:51,8.36,--,121,101156,卖盘,2017-06-26,2017-06-26 09:50:51
09:50:54,09:50:54,8.36,--,70,58519,卖盘,2017-06-26,2017-06-26 09:50:54
09:50:57,09:50:57,8.36,--,345,288420,卖盘,2017-06-26,2017-06-26 09:50:57
09:51:00,09:51:00,8.36,--,291,243275,卖盘,2017-06-26,2017-06-26 09:51:00
09:51:03,09:51:03,8.36,--,491,410476,卖盘,2017-06-26,2017-06-26 09:51:03
09:51:06,09:51:06,8.36,--,721,602756,卖盘,2017-06-26,2017-06-26 09:51:06
09:51:09,09:51:09,8.36,--,2363,1975467,卖盘,2017-06-26,2017-06-26 09:51:09
09:51:12,09:51:12,8.36,--,820,685520,卖盘,2017-06-26,2017-06-26 09:51:12
09:51:15,09:51:15,8.36,--,482,402952,卖盘,2017-06-26,2017-06-26 09:51:15
09:51:18,09:51:18,8.36,--,640,535040,卖盘,2017-06-26,2017-06-26 09:51:18
09:51:21,09:51:21,8.36,--,346,289256,卖盘,2017-06-26,2017-06-26 09:51:21
09:51:24,09:51:24,8.36,--,395,330220,卖盘,2017-06-26,2017-06-26 09:51:24
09:51:27,09:51:27,8.36,--,200,167200,卖盘,2017-06-26,2017-06-26 09:51:27
09:51:30,09:51:30,8.36,--,121,101156,卖盘,2017-06-26,2017-06-26 09:51:30
09:51:33,09:51:33,8.36,--,899,751564,卖盘,2017-06-26,2017-06-26 09:51:33
09:51:36,09:51:36,8.36,--,746,623656,卖盘,2017-06-26,2017-06-26 09:51:36
09:51:39,09:51:39,8.36,--,27,22572,卖盘,2017-06-26,2017-06-26 09:51:39
09:51:42,09:51:42,8.36,--,1810,1513160,卖盘,2017-06-26,2017-06-26 09:51:42
09:51:45,09:51:45,8.36,--,692,578512,卖盘,2017-06-26,2017-06-26 09:51:45
09:51:48,09:51:48,8.36,--,13,10868,卖盘,2017-06-26,2017-06-26 09:51:48
09:51:51,09:51:51,8.36,--,39,32603,卖盘,2017-06-26,2017-06-26 09:51:51
09:51:54,09:51:54,8.36,--,400,334400,卖盘,2017-06-26,2017-06-26 09:51:54
09:51:57,09:51:57,8.36,--,73,61027,卖盘,2017-06-26,2017-06-26 09:51:57
09:52:00,09:52:00,8.36,--,112,93632,卖盘,2017-06-26,2017-06-26 09:52:00
09:52:03,09:52:03,8.36,--,319,266684,卖盘,2017-06-26,2017-06-26 09:52:03
09:52:06,09:52:06,8.36,--,25,20900,卖盘,2017-06-26,2017-06-26 09:52:06
09:52:09,09:52:09,8.36,--,27,22572,卖盘,2017-06-26,2017-06-26 09:52:09
09:52:12,09:52:12,8.36,--,30,25080,卖盘,2017-06-26,2017-06-26 09:52:12
09:52:15,09:52:15,8.36,--,81,67716,卖盘,2017-06-26,2017-06-26 09:52:15
09:52:18,09:52:18,8.36,--,121,101156,卖盘,2017-06-26,2017-06-26 09:52:18
09:52:21,09:52:21,8.36,--,88,73568,卖盘,2017-06-26,2017-06-26 09:52:21
09:52:24,09:52:24,8.36,--,23,19228,卖盘,2017-06-26,2017-06-26 09:52:24
09:52:27,09:52:27,8.36,--,84,70224,卖盘,2017-06-26,2017-06-26 09:52:27
09:52:30,09:52:30,8.36,--,23,19228,卖盘,2017-06-26,2017-06-26 09:52:30
09:52:33,09:52:33,8.36,--,187,156332,卖盘,2017-06-26,2017-06-26 09:52:33
09:52:36,09:52:36,8.36,--,70,58519,卖盘,2017-06-26,2017-06-26 09:52:36
09:52:39,09:52:39,8.36,--,2,1672,卖盘,2017-06-26,2017-06-26 09:52:39
09:52:42,09:52:42,8.36,--,101,84436,卖盘,2017-06-26,2017-06-26 09:52:42
09:52:45,09:52:45,8.36,--,704,588544,卖盘,2017-06-26,2017-06-26 09:52:45
09:52:48,09:52:48,8.36,--,72,60191,卖盘,2017-06-26,2017-06-26 09:52:48
09:52:51,09:52:51,8.36,--,30,25080,卖盘,2017-06-26,2017-06-26 09:52:51
09:52:54,09:52:54,8.36,--,60,50160,卖盘,2017-06-26,2017-06-26 09:52:54
09:52:57,09:52:57,8.36,--,40,33440,卖盘,2017-06-26,2017-06-26 09:52:57
09:53:00,09:53:00,8.36,--,15,12540,卖盘,2017-06-26,2017-06-26 09:53:00
09:53:03,09:53:03,8.36,--,27,22572,卖盘,2017-06-26,2017-06-26 09:53:03
09:53:06,09:53:06,8.36,--,140,117039,卖盘,2017-06-26,2017-06-26 09:53:06
09:53:09,09:53:09,8.36,--,100,83600,卖盘,2017-06-26,2017-06-26 09:53:09
09:53:12,09:53:12,8.36,--,8,6688,卖盘,2017-06-26,2017-06-26 09:53:12
09:53:15,09:53:15,8.36,--,20,16720,卖盘,2017-06-26,2017-06-26 09:53:15
09:53:18,09:53:18,8.36,--,149,124563,卖盘,2017-06-26,2017-06-26 09:53:18
09:53:21,09:53:21,8.36,--,308,257487,卖盘,2017-06-26,2017-06-26 09:53:21
09:53:24,09:53:24,8.36,--,100,83600,卖盘,2017-06-26,2017-06-26 09:53:24
09:53:27,09:53:27,8.36,--,17,14211,卖盘,2017-06-26,2017-06-26 09:53:27
09:53:33,09:53:33,8.36,--,12,10032,卖盘,2017-06-26,2017-06-26 09:53:33
09:53:39,09:53:39,8.36,--,4,3344,卖盘,2017-06-26,2017-06-26 09:53:39
09:53:45,09:53:45,8.36,--,234,195624,卖盘,2017-06-26,2017-06-26 09:53:45
09:53:48,09:53:48,8.36,--,53,44308,卖盘,2017-06-26,2017-06-26 09:53:48
09:53:51,09:53:51,8.36,--,76,63535,卖盘,2017-06-26,2017-06-26 09:53:51
09:53:54,09:53:54,8.36,--,8,6688,卖盘,2017-06-26,2017-06-26 09:53:54
09:53:57,09:53:57,8.36,--,30,25080,卖盘,2017-06-26,2017-06-26 09:53:57
09:54:00,09:54:00,8.36,--,180,150480,卖盘,2017-06-26,2017-06-26 09:54:00
09:54:03,09:54:03,8.36,--,37,30931,卖盘,2017-06-26,2017-06-26 09:54:03
09:54:06,09:54:06,8.36,--,35,29259,卖盘,2017-06-26,2017-06-26 09:54:06
09:54:09,09:54:09,8.36,--,43,35948,卖盘,2017-06-26,2017-06-26 09:54:09
09:54:12,09:54:12,8.36,--,71,59355,卖盘,2017-06-26,2017-06-26 09:54:12
09:54:15,09:54:15,8.36,--,1,836,卖盘,2017-06-26,2017-06-26 09:54:15
09:54:18,09:54:18,8.36,--,128,107008,卖盘,2017-06-26,2017-06-26 09:54:18
09:54:21,09:54:21,8.36,--,12,10032,卖盘,2017-06-26,2017-06-26 09:54:21
09:54:24,09:54:24,8.36,--,1529,1278244,卖盘,2017-06-26,2017-06-26 09:54:24
09:54:30,09:54:30,8.36,--,14,11704,卖盘,2017-06-26,2017-06-26 09:54:30
09:54:33,09:54:33,8.36,--,101,84436,卖盘,2017-06-26,2017-06-26 09:54:33
09:54:36,09:54:36,8.36,--,835,698060,卖盘,2017-06-26,2017-06-26 09:54:36
09:54:39,09:54:39,8.36,--,34,28423,卖盘,2017-06-26,2017-06-26 09:54:39
09:54:42,09:54:42,8.36,--,241,201476,卖盘,2017-06-26,2017-06-26 09:54:42
09:54:45,09:54:45,8.36,--,47,39292,卖盘,2017-06-26,2017-06-26 09:54:45
09:54:48,09:54:48,8.36,--,20,16720,卖盘,2017-06-26,2017-06-26 09:54:48
09:54:51,09:54:51,8.36,--,33,27587,卖盘,2017-06-26,2017-06-26 09:54:51
09:54:54,09:54:54,8.36,--,25,20900,卖盘,2017-06-26,2017-06-26 09:54:54
09:55:03,09:55:03,8.36,--,32,26752,卖盘,2017-06-26,2017-06-26 09:55:03
09:55:06,09:55:06,8.36,--,24,20064,卖盘,2017-06-26,2017-06-26 09:55:06
09:55:09,09:55:09,8.36,--,8,6688,卖盘,2017-06-26,2017-06-26 09:55:09
09:55:12,09:55:12,8.36,--,61,50996,卖盘,2017-06-26,2017-06-26 09:55:12
09:55:15,09:55:15,8.36,--,126,105336,卖盘,2017-06-26,2017-06-26 09:55:15
09:55:18,09:55:18,8.36,--,150,125399,卖盘,2017-06-26,2017-06-26 09:55:18
09:55:21,09:55:21,8.36,--,40,33440,卖盘,2017-06-26,2017-06-26 09:55:21
09:55:24,09:55:24,8.36,--,2,1672,卖盘,2017-06-26,2017-06-26 09:55:24
09:55:27,09:55:27,8.36,--,5,4180,卖盘,2017-06-26,2017-06-26 09:55:27
09:55:30,09:55:30,8.36,--,108,91057,卖盘,2017-06-26,2017-06-26 09:55:30
09:55:33,09:55:33,8.36,--,94,78584,卖盘,2017-06-26,2017-06-26 09:55:33
09:55:39,09:55:39,8.36,--,42,35112,卖盘,2017-06-26,2017-06-26 09:55:39
09:55:42,09:55:42,8.36,--,20,16720,卖盘,2017-06-26,2017-06-26 09:55:42
09:55:45,09:55:45,8.36,--,6,5016,卖盘,2017-06-26,2017-06-26 09:55:45
09:55:51,09:55:51,8.36,--,142,118711,卖盘,2017-06-26,2017-06-26 09:55:51
09:56:00,09:56:00,8.36,--,38,31767,卖盘,2017-06-26,2017-06-26 09:56:00
09:56:03,09:56:03,8.36,--,50,41800,卖盘,2017-06-26,2017-06-26 09:56:03
09:56:06,09:56:06,8.36,--,84,70224,卖盘,2017-06-26,2017-06-26 09:56:06
09:56:12,09:56:12,8.36,--,70,58519,卖盘,2017-06-26,2017-06-26 09:56:12
09:56:15,09:56:15,8.36,--,43,35948,卖盘,2017-06-26,2017-06-26 09:56:15
09:56:18,09:56:18,8.36,--,1,836,卖盘,2017-06-26,2017-06-26 09:56:18
09:56:24,09:56:24,8.36,--,10,8360,卖盘,2017-06-26,2017-06-26 09:56:24
09:56:30,09:56:30,8.36,--,450,376200,卖盘,2017-06-26,2017-06-26 09:56:30
09:56:33,09:56:33,8.36,--,10,8360,卖盘,2017-06-26,2017-06-26 09:56:33
09:56:36,09:56:36,8.36,--,21,17556,卖盘,2017-06-26,2017-06-26 09:56:36
09:56:42,09:56:42,8.36,--,5,4180,卖盘,2017-06-26,2017-06-26 09:56:42
09:56:48,09:56:48,8.36,--,23,19228,卖盘,2017-06-26,2017-06-26 09:56:48
09:56:57,09:56:57,8.36,--,39,32603,卖盘,2017-06-26,2017-06-26 09:56:57
09:57:03,09:57:03,8.36,--,756,632016,卖盘,2017-06-26,2017-06-26 09:57:03
09:57:06,09:57:06,8.36,--,4,3344,卖盘,2017-06-26,2017-06-26 09:57:06
09:57:09,09:57:09,8.36,--,5,4180,卖盘,2017-06-26,2017-06-26 09:57:09
09:57:12,09:57:12,8.36,--,10,8360,卖盘,2017-06-26,2017-06-26 09:57:12
09:57:15,09:57:15,8.36,--,10,8360,卖盘,2017-06-26,2017-06-26 09:57:15
09:57:24,09:57:24,8.36,--,10,8360,卖盘,2017-06-26,2017-06-26 09:57:24
09:57:27,09:57:27,8.36,--,13,10868,卖盘,2017-06-26,2017-06-26 09:57:27
09:57:30,09:57:30,8.36,--,58,48488,卖盘,2017-06-26,2017-06-26 09:57:30
09:57:33,09:57:33,8.36,--,168,140448,卖盘,2017-06-26,2017-06-26 09:57:33
09:57:36,09:57:36,8.36,--,70,58519,卖盘,2017-06-26,2017-06-26 09:57:36
09:57:39,09:57:39,8.36,--,19,15883,卖盘,2017-06-26,2017-06-26 09:57:39
09:57:42,09:57:42,8.36,--,371,310156,卖盘,2017-06-26,2017-06-26 09:57:42
09:57:45,09:57:45,8.36,--,4,3344,卖盘,2017-06-26,2017-06-26 09:57:45
09:57:54,09:57:54,8.36,--,13,10868,卖盘,2017-06-26,2017-06-26 09:57:54
09:57:57,09:57:57,8.36,--,6,5016,卖盘,2017-06-26,2017-06-26 09:57:57
09:58:00,09:58:00,8.36,--,4,3344,卖盘,2017-06-26,2017-06-26 09:58:00
09:58:06,09:58:06,8.36,--,12,10032,卖盘,2017-06-26,2017-06-26 09:58:06
09:58:09,09:58:09,8.36,--,24,20064,卖盘,2017-06-26,2017-06-26 09:58:09
09:58:15,09:58:15,8.36,--,50,41800,卖盘,2017-06-26,2017-06-26 09:58:15
09:58:18,09:58:18,8.36,--,3,2508,卖盘,2017-06-26,2017-06-26 09:58:18
09:58:21,09:58:21,8.36,--,20,16720,卖盘,2017-06-26,2017-06-26 09:58:21
09:58:24,09:58:24,8.36,--,110,91960,卖盘,2017-06-26,2017-06-26 09:58:24
09:58:30,09:58:30,8.36,--,8,6688,卖盘,2017-06-26,2017-06-26 09:58:30
09:58:36,09:58:36,8.36,--,82,68552,卖盘,2017-06-26,2017-06-26 09:58:36
09:58:39,09:58:39,8.36,--,244,203984,卖盘,2017-06-26,2017-06-26 09:58:39
09:58:42,09:58:42,8.36,--,56,46816,卖盘,2017-06-26,2017-06-26 09:58:42
09:58:48,09:58:48,8.36,--,10,8360,卖盘,2017-06-26,2017-06-26 09:58:48
09:58:51,09:58:51,8.36,--,70,58519,卖盘,2017-06-26,2017-06-26 09:58:51
09:58:54,09:58:54,8.36,--,35,29259,卖盘,2017-06-26,2017-06-26 09:58:54
09:58:57,09:58:57,8.36,--,60,50160,卖盘,2017-06-26,2017-06-26 09:58:57
09:59:00,09:59:00,8.36,--,40,33440,卖盘,2017-06-26,2017-06-26 09:59:00
09:59:03,09:59:03,8.36,--,10,8360,卖盘,2017-06-26,2017-06-26 09:59:03
09:59:06,09:59:06,8.36,--,10,8360,卖盘,2017-06-26,2017-06-26 09:59:06
09:59:09,09:59:09,8.36,--,18,15047,卖盘,2017-06-26,2017-06-26 09:59:09
09:59:12,09:59:12,8.36,--,30,25080,卖盘,2017-06-26,2017-06-26 09:59:12
09:59:15,09:59:15,8.36,--,3000,2508000,卖盘,2017-06-26,2017-06-26 09:59:15
09:59:21,09:59:21,8.36,--,20,16720,卖盘,2017-06-26,2017-06-26 09:59:21
09:59:24,09:59:24,8.36,--,2,1672,卖盘,2017-06-26,2017-06-26 09:59:24
09:59:27,09:59:27,8.36,--,30,25080,卖盘,2017-06-26,2017-06-26 09:59:27
09:59:30,09:59:30,8.36,--,15,12540,卖盘,2017-06-26,2017-06-26 09:59:30
09:59:33,09:59:33,8.36,--,129,107843,卖盘,2017-06-26,2017-06-26 09:59:33
09:59:36,09:59:36,8.36,--,20,16720,卖盘,2017-06-26,2017-06-26 09:59:36
09:59:39,09:59:39,8.36,--,8,6688,卖盘,2017-06-26,2017-06-26 09:59:39
09:59:42,09:59:42,8.36,--,20,16720,卖盘,2017-06-26,2017-06-26 09:59:42
09:59:45,09:59:45,8.36,--,3050,2549800,卖盘,2017-06-26,2017-06-26 09:59:45
09:59:48,09:59:48,8.36,--,32,26752,卖盘,2017-06-26,2017-06-26 09:59:48
09:59:51,09:59:51,8.36,--,65,54339,卖盘,2017-06-26,2017-06-26 09:59:51
09:59:54,09:59:54,8.36,--,20,16720,卖盘,2017-06-26,2017-06-26 09:59:54
09:59:57,09:59:57,8.36,--,884,739024,卖盘,2017-06-26,2017-06-26 09:59:57
10:00:00,10:00:00,8.36,--,193,161348,卖盘,2017-06-26,2017-06-26 10:00:00
10:00:03,10:00:03,8.36,--,139,116203,卖盘,2017-06-26,2017-06-26 10:00:03
10:00:09,10:00:09,8.36,--,28,23408,卖盘,2017-06-26,2017-06-26 10:00:09
10:00:12,10:00:12,8.36,--,101,84436,卖盘,2017-06-26,2017-06-26 10:00:12
10:00:15,10:00:15,8.36,--,57,47652,卖盘,2017-06-26,2017-06-26 10:00:15
10:00:18,10:00:18,8.36,--,1945,1626020,卖盘,2017-06-26,2017-06-26 10:00:18
10:00:21,10:00:21,8.36,--,10,8360,卖盘,2017-06-26,2017-06-26 10:00:21
10:00:27,10:00:27,8.36,--,125,104500,卖盘,2017-06-26,2017-06-26 10:00:27
10:00:30,10:00:30,8.36,--,40,33440,卖盘,2017-06-26,2017-06-26 10:00:30
10:00:33,10:00:33,8.36,--,30,25080,卖盘,2017-06-26,2017-06-26 10:00:33
10:00:36,10:00:36,8.36,--,675,564300,卖盘,2017-06-26,2017-06-26 10:00:36
10:00:39,10:00:39,8.36,--,4,3344,卖盘,2017-06-26,2017-06-26 10:00:39
10:00:42,10:00:42,8.36,--,86,71896,卖盘,2017-06-26,2017-06-26 10:00:42
10:00:45,10:00:45,8.36,--,8570,7164519,卖盘,2017-06-26,2017-06-26 10:00:45
10:00:48,10:00:48,8.36,--,14127,11810172,卖盘,2017-06-26,2017-06-26 10:00:48
10:00:51,10:00:51,8.36,--,50,41800,卖盘,2017-06-26,2017-06-26 10:00:51
10:00:54,10:00:54,8.36,--,10568,8834848,卖盘,2017-06-26,2017-06-26 10:00:54
10:00:57,10:00:57,8.36,--,1447,1209976,卖盘,2017-06-26,2017-06-26 10:00:57
10:01:00,10:01:00,8.36,--,29993,25074148,卖盘,2017-06-26,2017-06-26 10:01:00
10:01:03,10:01:03,8.36,--,16338,13658568,卖盘,2017-06-26,2017-06-26 10:01:03
10:01:06,10:01:06,8.36,--,4221,3528755,卖盘,2017-06-26,2017-06-26 10:01:06
10:01:09,10:01:09,8.36,--,9038,7556219,卖盘,2017-06-26,2017-06-26 10:01:09
10:01:12,10:01:12,8.36,--,2193,1833347,卖盘,2017-06-26,2017-06-26 10:01:12
10:01:15,10:01:15,8.36,--,14026,11725736,卖盘,2017-06-26,2017-06-26 10:01:15
10:01:18,10:01:18,8.36,--,3620,3026320,卖盘,2017-06-26,2017-06-26 10:01:18
10:01:21,10:01:21,8.36,--,4904,4099743,卖盘,2017-06-26,2017-06-26 10:01:21
10:01:24,10:01:24,8.36,--,948,792528,卖盘,2017-06-26,2017-06-26 10:01:24
10:01:27,10:01:27,8.36,--,11734,9809624,卖盘,2017-06-26,2017-06-26 10:01:27
10:01:30,10:01:30,8.36,--,674,563464,卖盘,2017-06-26,2017-06-26 10:01:30
10:01:33,10:01:33,8.36,--,10854,9073944,卖盘,2017-06-26,2017-06-26 10:01:33
10:01:36,10:01:36,8.36,--,1343,1122748,卖盘,2017-06-26,2017-06-26 10:01:36
10:01:39,10:01:39,8.36,--,10610,8869960,卖盘,2017-06-26,2017-06-26 10:01:39
10:01:42,10:01:42,8.35,-0.01,12767,10660445,卖盘,2017-06-26,2017-06-26 10:01:42
10:01:45,10:01:45,8.32,-0.03,242,201344,卖盘,2017-06-26,2017-06-26 10:01:45
10:01:48,10:01:48,8.33,0.01,515,428995,买盘,2017-06-26,2017-06-26 10:01:48
10:01:51,10:01:51,8.3,-0.03,22,18260,中性盘,2017-06-26,2017-06-26 10:01:51
10:01:54,10:01:54,8.33,0.03,922,768026,买盘,2017-06-26,2017-06-26 10:01:54
10:01:57,10:01:57,8.33,--,708,589764,买盘,2017-06-26,2017-06-26 10:01:57
10:02:00,10:02:00,8.33,--,351,292383,卖盘,2017-06-26,2017-06-26 10:02:00
10:02:03,10:02:03,8.33,--,1905,1586865,卖盘,2017-06-26,2017-06-26 10:02:03
10:02:06,10:02:06,8.33,--,5237,4362421,卖盘,2017-06-26,2017-06-26 10:02:06
10:02:09,10:02:09,8.34,0.01,2381,1985754,中性盘,2017-06-26,2017-06-26 10:02:09
10:02:12,10:02:12,8.36,0.02,1702,1422872,买盘,2017-06-26,2017-06-26 10:02:12
10:02:15,10:02:15,8.35,-0.01,1193,996155,卖盘,2017-06-26,2017-06-26 10:02:15
10:02:18,10:02:18,8.36,0.01,7504,6273344,买盘,2017-06-26,2017-06-26 10:02:18
10:02:21,10:02:21,8.36,--,3766,3148944,卖盘,2017-06-26,2017-06-26 10:02:21
10:02:24,10:02:24,8.36,--,2838,2372568,卖盘,2017-06-26,2017-06-26 10:02:24
10:02:27,10:02:27,8.36,--,8859,7406475,卖盘,2017-06-26,2017-06-26 10:02:27
10:02:30,10:02:30,8.36,--,2204,1842543,卖盘,2017-06-26,2017-06-26 10:02:30
10:02:33,10:02:33,8.36,--,256,214016,卖盘,2017-06-26,2017-06-26 10:02:33
10:02:36,10:02:36,8.36,--,1715,1433740,卖盘,2017-06-26,2017-06-26 10:02:36
10:02:39,10:02:39,8.36,--,351,293436,卖盘,2017-06-26,2017-06-26 10:02:39
10:02:42,10:02:42,8.36,--,444,371184,卖盘,2017-06-26,2017-06-26 10:02:42
10:02:45,10:02:45,8.36,--,527,440571,卖盘,2017-06-26,2017-06-26 10:02:45
10:02:48,10:02:48,8.36,--,93,77748,卖盘,2017-06-26,2017-06-26 10:02:48
10:02:51,10:02:51,8.36,--,469,392769,卖盘,2017-06-26,2017-06-26 10:02:51
10:02:54,10:02:54,8.36,--,429,358644,卖盘,2017-06-26,2017-06-26 10:02:54
10:02:57,10:02:57,8.36,--,501,419053,卖盘,2017-06-26,2017-06-26 10:02:57
10:03:00,10:03:00,8.36,--,198,165528,卖盘,2017-06-26,2017-06-26 10:03:00
10:03:03,10:03:03,8.36,--,4764,3982703,卖盘,2017-06-26,2017-06-26 10:03:03
10:03:06,10:03:06,8.36,--,695,581020,卖盘,2017-06-26,2017-06-26 10:03:06
10:03:09,10:03:09,8.36,--,108,90288,卖盘,2017-06-26,2017-06-26 10:03:09
10:03:12,10:03:12,8.36,--,154,128743,卖盘,2017-06-26,2017-06-26 10:03:12
10:03:15,10:03:15,8.36,--,287,239931,卖盘,2017-06-26,2017-06-26 10:03:15
10:03:18,10:03:18,8.36,--,164,137104,卖盘,2017-06-26,2017-06-26 10:03:18
10:03:21,10:03:21,8.36,--,386,322696,卖盘,2017-06-26,2017-06-26 10:03:21
10:03:24,10:03:24,8.36,--,166,138776,卖盘,2017-06-26,2017-06-26 10:03:24
10:03:27,10:03:27,8.36,--,249,208164,卖盘,2017-06-26,2017-06-26 10:03:27
10:03:30,10:03:30,8.36,--,671,560956,卖盘,2017-06-26,2017-06-26 10:03:30
10:03:33,10:03:33,8.36,--,1567,1310012,卖盘,2017-06-26,2017-06-26 10:03:33
10:03:36,10:03:36,8.36,--,374,312664,卖盘,2017-06-26,2017-06-26 10:03:36
10:03:39,10:03:39,8.36,--,255,213180,卖盘,2017-06-26,2017-06-26 10:03:39
10:03:42,10:03:42,8.36,--,309,258323,卖盘,2017-06-26,2017-06-26 10:03:42
10:03:45,10:03:45,8.36,--,246,205656,卖盘,2017-06-26,2017-06-26 10:03:45
10:03:48,10:03:48,8.36,--,254,212344,卖盘,2017-06-26,2017-06-26 10:03:48
10:03:51,10:03:51,8.36,--,110,91960,卖盘,2017-06-26,2017-06-26 10:03:51
10:03:54,10:03:54,8.36,--,168,140448,卖盘,2017-06-26,2017-06-26 10:03:54
10:03:57,10:03:57,8.36,--,63,52668,卖盘,2017-06-26,2017-06-26 10:03:57
10:04:00,10:04:00,8.36,--,55,45980,卖盘,2017-06-26,2017-06-26 10:04:00
10:04:03,10:04:03,8.36,--,143,119547,卖盘,2017-06-26,2017-06-26 10:04:03
10:04:06,10:04:06,8.36,--,48,40128,卖盘,2017-06-26,2017-06-26 10:04:06
10:04:09,10:04:09,8.36,--,64,53504,卖盘,2017-06-26,2017-06-26 10:04:09
10:04:12,10:04:12,8.36,--,164,137104,卖盘,2017-06-26,2017-06-26 10:04:12
10:04:15,10:04:15,8.36,--,43,35948,卖盘,2017-06-26,2017-06-26 10:04:15
10:04:18,10:04:18,8.36,--,32,26752,卖盘,2017-06-26,2017-06-26 10:04:18
10:04:21,10:04:21,8.36,--,80,66880,卖盘,2017-06-26,2017-06-26 10:04:21
10:04:24,10:04:24,8.36,--,170,142120,卖盘,2017-06-26,2017-06-26 10:04:24
10:04:27,10:04:27,8.36,--,77,64371,卖盘,2017-06-26,2017-06-26 10:04:27
10:04:30,10:04:30,8.36,--,350,292600,卖盘,2017-06-26,2017-06-26 10:04:30
10:04:33,10:04:33,8.36,--,33,27587,卖盘,2017-06-26,2017-06-26 10:04:33
10:04:36,10:04:36,8.36,--,24,20064,卖盘,2017-06-26,2017-06-26 10:04:36
10:04:39,10:04:39,8.36,--,50,41800,卖盘,2017-06-26,2017-06-26 10:04:39
10:04:42,10:04:42,8.36,--,205,171380,卖盘,2017-06-26,2017-06-26 10:04:42
10:04:45,10:04:45,8.36,--,360,300960,卖盘,2017-06-26,2017-06-26 10:04:45
10:04:48,10:04:48,8.36,--,56,46816,卖盘,2017-06-26,2017-06-26 10:04:48
10:04:51,10:04:51,8.36,--,84,70224,卖盘,2017-06-26,2017-06-26 10:04:51
10:04:54,10:04:54,8.36,--,115,96140,卖盘,2017-06-26,2017-06-26 10:04:54
10:04:57,10:04:57,8.36,--,118,98648,卖盘,2017-06-26,2017-06-26 10:04:57
10:05:00,10:05:00,8.36,--,14,11704,卖盘,2017-06-26,2017-06-26 10:05:00
10:05:03,10:05:03,8.36,--,2082,1740551,卖盘,2017-06-26,2017-06-26 10:05:03
10:05:09,10:05:09,8.36,--,145,121219,卖盘,2017-06-26,2017-06-26 10:05:09
10:05:12,10:05:12,8.36,--,124,103664,卖盘,2017-06-26,2017-06-26 10:05:12
10:05:15,10:05:15,8.36,--,322,269192,卖盘,2017-06-26,2017-06-26 10:05:15
10:05:18,10:05:18,8.36,--,5,4180,卖盘,2017-06-26,2017-06-26 10:05:18
10:05:21,10:05:21,8.36,--,30,25080,卖盘,2017-06-26,2017-06-26 10:05:21
10:05:24,10:05:24,8.36,--,21,17556,卖盘,2017-06-26,2017-06-26 10:05:24
10:05:27,10:05:27,8.36,--,28,23408,卖盘,2017-06-26,2017-06-26 10:05:27
10:05:33,10:05:33,8.36,--,28,23408,卖盘,2017-06-26,2017-06-26 10:05:33
10:05:42,10:05:42,8.36,--,10,8360,卖盘,2017-06-26,2017-06-26 10:05:42
10:05:45,10:05:45,8.36,--,106,88616,卖盘,2017-06-26,2017-06-26 10:05:45
10:05:48,10:05:48,8.36,--,144,120383,卖盘,2017-06-26,2017-06-26 10:05:48
10:05:51,10:05:51,8.36,--,62,51832,卖盘,2017-06-26,2017-06-26 10:05:51
10:05:54,10:05:54,8.36,--,9,7523,卖盘,2017-06-26,2017-06-26 10:05:54
10:05:57,10:05:57,8.36,--,5,4180,卖盘,2017-06-26,2017-06-26 10:05:57
10:06:00,10:06:00,8.36,--,80,66880,卖盘,2017-06-26,2017-06-26 10:06:00
10:06:03,10:06:03,8.36,--,45,37620,卖盘,2017-06-26,2017-06-26 10:06:03
10:06:06,10:06:06,8.36,--,50,41800,卖盘,2017-06-26,2017-06-26 10:06:06
10:06:09,10:06:09,8.36,--,10,8360,卖盘,2017-06-26,2017-06-26 10:06:09
10:06:12,10:06:12,8.36,--,244,203984,卖盘,2017-06-26,2017-06-26 10:06:12
10:06:15,10:06:15,8.36,--,139,116203,卖盘,2017-06-26,2017-06-26 10:06:15
10:06:18,10:06:18,8.36,--,49,40964,卖盘,2017-06-26,2017-06-26 10:06:18
10:06:21,10:06:21,8.36,--,230,192280,卖盘,2017-06-26,2017-06-26 10:06:21
10:06:24,10:06:24,8.36,--,4,3344,卖盘,2017-06-26,2017-06-26 10:06:24
10:06:27,10:06:27,8.36,--,63,52668,卖盘,2017-06-26,2017-06-26 10:06:27
10:06:33,10:06:33,8.36,--,160,133760,卖盘,2017-06-26,2017-06-26 10:06:33
10:06:36,10:06:36,8.36,--,225,188100,卖盘,2017-06-26,2017-06-26 10:06:36
10:06:39,10:06:39,8.36,--,250,209000,卖盘,2017-06-26,2017-06-26 10:06:39
10:06:42,10:06:42,8.36,--,75,62699,卖盘,2017-06-26,2017-06-26 10:06:42
10:06:45,10:06:45,8.36,--,35,29259,卖盘,2017-06-26,2017-06-26 10:06:45
10:06:48,10:06:48,8.36,--,85,71060,卖盘,2017-06-26,2017-06-26 10:06:48
10:06:51,10:06:51,8.36,--,8,6688,卖盘,2017-06-26,2017-06-26 10:06:51
10:06:54,10:06:54,8.36,--,10,8360,卖盘,2017-06-26,2017-06-26 10:06:54
10:06:57,10:06:57,8.36,--,35,29259,卖盘,2017-06-26,2017-06-26 10:06:57
10:07:03,10:07:03,8.36,--,194,162184,卖盘,2017-06-26,2017-06-26 10:07:03
10:07:06,10:07:06,8.36,--,71,59355,卖盘,2017-06-26,2017-06-26 10:07:06
10:07:09,10:07:09,8.36,--,11,9196,卖盘,2017-06-26,2017-06-26 10:07:09
10:07:12,10:07:12,8.36,--,3,2508,卖盘,2017-06-26,2017-06-26 10:07:12
10:07:18,10:07:18,8.36,--,28,23408,卖盘,2017-06-26,2017-06-26 10:07:18
10:07:21,10:07:21,8.36,--,12,10032,卖盘,2017-06-26,2017-06-26 10:07:21
10:07:24,10:07:24,8.36,--,15,12540,卖盘,2017-06-26,2017-06-26 10:07:24
10:07:27,10:07:27,8.36,--,10,8360,卖盘,2017-06-26,2017-06-26 10:07:27
10:07:30,10:07:30,8.36,--,7,5852,卖盘,2017-06-26,2017-06-26 10:07:30
10:07:33,10:07:33,8.36,--,15,12540,卖盘,2017-06-26,2017-06-26 10:07:33
10:07:36,10:07:36,8.36,--,45,37620,卖盘,2017-06-26,2017-06-26 10:07:36
10:07:39,10:07:39,8.36,--,10,8360,卖盘,2017-06-26,2017-06-26 10:07:39
10:07:42,10:07:42,8.36,--,11,9196,卖盘,2017-06-26,2017-06-26 10:07:42
10:07:45,10:07:45,8.36,--,103,86108,卖盘,2017-06-26,2017-06-26 10:07:45
10:07:48,10:07:48,8.36,--,33,27587,卖盘,2017-06-26,2017-06-26 10:07:48
10:07:51,10:07:51,8.36,--,7,5852,卖盘,2017-06-26,2017-06-26 10:07:51
10:07:54,10:07:54,8.36,--,52,43472,卖盘,2017-06-26,2017-06-26 10:07:54
10:07:57,10:07:57,8.36,--,20,16720,卖盘,2017-06-26,2017-06-26 10:07:57
10:08:00,10:08:00,8.36,--,150,125399,卖盘,2017-06-26,2017-06-26 10:08:00
10:08:03,10:08:03,8.36,--,64,53504,卖盘,2017-06-26,2017-06-26 10:08:03
10:08:06,10:08:06,8.36,--,23,19228,卖盘,2017-06-26,2017-06-26 10:08:06
10:08:12,10:08:12,8.36,--,200,167200,卖盘,2017-06-26,2017-06-26 10:08:12
10:08:15,10:08:15,8.36,--,16,13376,卖盘,2017-06-26,2017-06-26 10:08:15
10:08:18,10:08:18,8.36,--,10,8360,卖盘,2017-06-26,2017-06-26 10:08:18
10:08:21,10:08:21,8.36,--,8,6688,卖盘,2017-06-26,2017-06-26 10:08:21
10:08:24,10:08:24,8.36,--,20,16720,卖盘,2017-06-26,2017-06-26 10:08:24
10:08:27,10:08:27,8.36,--,43,35948,卖盘,2017-06-26,2017-06-26 10:08:27
10:08:30,10:08:30,8.36,--,1,836,卖盘,2017-06-26,2017-06-26 10:08:30
10:08:33,10:08:33,8.36,--,37,31550,卖盘,2017-06-26,2017-06-26 10:08:33
10:08:39,10:08:39,8.36,--,39,32603,卖盘,2017-06-26,2017-06-26 10:08:39
10:08:42,10:08:42,8.36,--,146,122055,卖盘,2017-06-26,2017-06-26 10:08:42
10:08:48,10:08:48,8.36,--,117,97812,卖盘,2017-06-26,2017-06-26 10:08:48
10:08:51,10:08:51,8.36,--,20,16720,卖盘,2017-06-26,2017-06-26 10:08:51
10:08:54,10:08:54,8.36,--,9,7523,卖盘,2017-06-26,2017-06-26 10:08:54
10:09:00,10:09:00,8.36,--,418,349448,卖盘,2017-06-26,2017-06-26 10:09:00
10:09:03,10:09:03,8.36,--,28,23408,卖盘,2017-06-26,2017-06-26 10:09:03
10:09:09,10:09:09,8.36,--,24,20064,卖盘,2017-06-26,2017-06-26 10:09:09
10:09:12,10:09:12,8.36,--,11,9196,卖盘,2017-06-26,2017-06-26 10:09:12
10:09:18,10:09:18,8.36,--,10,8360,卖盘,2017-06-26,2017-06-26 10:09:18
10:09:24,10:09:24,8.36,--,106,88616,卖盘,2017-06-26,2017-06-26 10:09:24
10:09:27,10:09:27,8.36,--,31,25916,卖盘,2017-06-26,2017-06-26 10:09:27
10:09:30,10:09:30,8.36,--,10,8360,卖盘,2017-06-26,2017-06-26 10:09:30
10:09:36,10:09:36,8.36,--,1,836,卖盘,2017-06-26,2017-06-26 10:09:36
10:09:39,10:09:39,8.36,--,5,4180,卖盘,2017-06-26,2017-06-26 10:09:39
10:09:42,10:09:42,8.36,--,9,7523,卖盘,2017-06-26,2017-06-26 10:09:42
10:09:45,10:09:45,8.36,--,30,25080,卖盘,2017-06-26,2017-06-26 10:09:45
10:09:48,10:09:48,8.36,--,15,12540,卖盘,2017-06-26,2017-06-26 10:09:48
10:09:51,10:09:51,8.36,--,48,40128,卖盘,2017-06-26,2017-06-26 10:09:51
10:09:54,10:09:54,8.36,--,2,1672,卖盘,2017-06-26,2017-06-26 10:09:54
10:09:57,10:09:57,8.36,--,16,13376,卖盘,2017-06-26,2017-06-26 10:09:57
10:10:00,10:10:00,8.36,--,7,5852,卖盘,2017-06-26,2017-06-26 10:10:00
10:10:03,10:10:03,8.36,--,390,326040,卖盘,2017-06-26,2017-06-26 10:10:03
10:10:12,10:10:12,8.36,--,1,836,卖盘,2017-06-26,2017-06-26 10:10:12
10:10:15,10:10:15,8.36,--,280,234079,卖盘,2017-06-26,2017-06-26 10:10:15
10:10:18,10:10:18,8.36,--,30,25080,卖盘,2017-06-26,2017-06-26 10:10:18
10:10:21,10:10:21,8.36,--,213,178068,卖盘,2017-06-26,2017-06-26 10:10:21
10:10:24,10:10:24,8.36,--,24,20064,卖盘,2017-06-26,2017-06-26 10:10:24
10:10:27,10:10:27,8.36,--,30,25080,卖盘,2017-06-26,2017-06-26 10:10:27
10:10:30,10:10:30,8.36,--,20,16720,卖盘,2017-06-26,2017-06-26 10:10:30
10:10:33,10:10:33,8.36,--,25,20900,卖盘,2017-06-26,2017-06-26 10:10:33
10:10:36,10:10:36,8.36,--,16,13376,卖盘,2017-06-26,2017-06-26 10:10:36
10:10:39,10:10:39,8.36,--,25,20900,卖盘,2017-06-26,2017-06-26 10:10:39
10:10:42,10:10:42,8.36,--,210,175560,卖盘,2017-06-26,2017-06-26 10:10:42
10:10:45,10:10:45,8.36,--,100,83600,卖盘,2017-06-26,2017-06-26 10:10:45
10:10:48,10:10:48,8.36,--,28,23408,卖盘,2017-06-26,2017-06-26 10:10:48
10:11:00,10:11:00,8.36,--,10,8360,卖盘,2017-06-26,2017-06-26 10:11:00
10:11:03,10:11:03,8.36,--,41,34276,卖盘,2017-06-26,2017-06-26 10:11:03
10:11:06,10:11:06,8.36,--,10,8360,卖盘,2017-06-26,2017-06-26 10:11:06
10:11:09,10:11:09,8.36,--,5,4180,卖盘,2017-06-26,2017-06-26 10:11:09
10:11:12,10:11:12,8.36,--,120,100320,卖盘,2017-06-26,2017-06-26 10:11:12
10:11:15,10:11:15,8.36,--,100,83600,卖盘,2017-06-26,2017-06-26 10:11:15
10:11:18,10:11:18,8.36,--,2761,2308279,卖盘,2017-06-26,2017-06-26 10:11:18
10:11:21,10:11:21,8.36,--,254,212344,卖盘,2017-06-26,2017-06-26 10:11:21
10:11:27,10:11:27,8.36,--,22,18392,卖盘,2017-06-26,2017-06-26 10:11:27
10:11:30,10:11:30,8.36,--,14,11704,卖盘,2017-06-26,2017-06-26 10:11:30
10:11:33,10:11:33,8.36,--,116,96976,卖盘,2017-06-26,2017-06-26 10:11:33
10:11:36,10:11:36,8.36,--,16,13376,卖盘,2017-06-26,2017-06-26 10:11:36
10:11:39,10:11:39,8.36,--,50,41800,卖盘,2017-06-26,2017-06-26 10:11:39
10:11:42,10:11:42,8.36,--,9,7523,卖盘,2017-06-26,2017-06-26 10:11:42
10:11:45,10:11:45,8.36,--,252,210672,卖盘,2017-06-26,2017-06-26 10:11:45
10:11:48,10:11:48,8.36,--,147,122891,卖盘,2017-06-26,2017-06-26 10:11:48
10:11:51,10:11:51,8.36,--,10,8360,卖盘,2017-06-26,2017-06-26 10:11:51
10:11:57,10:11:57,8.36,--,8,6688,卖盘,2017-06-26,2017-06-26 10:11:57
10:12:00,10:12:00,8.36,--,18,15047,卖盘,2017-06-26,2017-06-26 10:12:00
10:12:03,10:12:03,8.36,--,166,138776,卖盘,2017-06-26,2017-06-26 10:12:03
10:12:06,10:12:06,8.36,--,12,10032,卖盘,2017-06-26,2017-06-26 10:12:06
10:12:09,10:12:09,8.36,--,168,140448,卖盘,2017-06-26,2017-06-26 10:12:09
10:12:12,10:12:12,8.36,--,5,4180,卖盘,2017-06-26,2017-06-26 10:12:12
10:12:21,10:12:21,8.36,--,8,6688,卖盘,2017-06-26,2017-06-26 10:12:21
10:12:24,10:12:24,8.36,--,2,1672,卖盘,2017-06-26,2017-06-26 10:12:24
10:12:27,10:12:27,8.36,--,67,56011,卖盘,2017-06-26,2017-06-26 10:12:27
10:12:30,10:12:30,8.36,--,21,17556,卖盘,2017-06-26,2017-06-26 10:12:30
10:12:33,10:12:33,8.36,--,20,16720,卖盘,2017-06-26,2017-06-26 10:12:33
10:12:36,10:12:36,8.36,--,100,83600,卖盘,2017-06-26,2017-06-26 10:12:36
10:12:39,10:12:39,8.36,--,31,25916,卖盘,2017-06-26,2017-06-26 10:12:39
10:12:42,10:12:42,8.36,--,10,8360,卖盘,2017-06-26,2017-06-26 10:12:42
10:12:48,10:12:48,8.36,--,6,5016,卖盘,2017-06-26,2017-06-26 10:12:48
10:12:51,10:12:51,8.36,--,129,107843,卖盘,2017-06-26,2017-06-26 10:12:51
10:12:54,10:12:54,8.36,--,7,5852,卖盘,2017-06-26,2017-06-26 10:12:54
10:12:57,10:12:57,8.36,--,100,83600,卖盘,2017-06-26,2017-06-26 10:12:57
10:13:00,10:13:00,8.36,--,23,19228,卖盘,2017-06-26,2017-06-26 10:13:00
10:13:03,10:13:03,8.36,--,10,8360,卖盘,2017-06-26,2017-06-26 10:13:03
10:13:06,10:13:06,8.36,--,105,87780,卖盘,2017-06-26,2017-06-26 10:13:06
10:13:12,10:13:12,8.36,--,33,27587,卖盘,2017-06-26,2017-06-26 10:13:12
10:13:15,10:13:15,8.36,--,103,86108,卖盘,2017-06-26,2017-06-26 10:13:15
10:13:18,10:13:18,8.36,--,30,25080,卖盘,2017-06-26,2017-06-26 10:13:18
10:13:21,10:13:21,8.36,--,1,836,卖盘,2017-06-26,2017-06-26 10:13:21
10:13:30,10:13:30,8.36,--,13,10868,卖盘,2017-06-26,2017-06-26 10:13:30
10:13:33,10:13:33,8.36,--,10,8360,卖盘,2017-06-26,2017-06-26 10:13:33
10:13:39,10:13:39,8.36,--,86,71896,卖盘,2017-06-26,2017-06-26 10:13:39
10:13:42,10:13:42,8.36,--,35,29259,卖盘,2017-06-26,2017-06-26 10:13:42
10:13:45,10:13:45,8.36,--,15,12540,卖盘,2017-06-26,2017-06-26 10:13:45
10:13:54,10:13:54,8.36,--,28,23424,卖盘,2017-06-26,2017-06-26 10:13:54
10:13:57,10:13:57,8.36,--,7,5852,卖盘,2017-06-26,2017-06-26 10:13:57
10:14:00,10:14:00,8.36,--,54,45144,卖盘,2017-06-26,2017-06-26 10:14:00
10:14:09,10:14:09,8.36,--,50,41800,卖盘,2017-06-26,2017-06-26 10:14:09
10:14:21,10:14:21,8.36,--,11,9196,卖盘,2017-06-26,2017-06-26 10:14:21
10:14:33,10:14:33,8.36,--,240,200640,卖盘,2017-06-26,2017-06-26 10:14:33
10:14:36,10:14:36,8.36,--,4,3344,卖盘,2017-06-26,2017-06-26 10:14:36
10:14:48,10:14:48,8.36,--,10,8360,卖盘,2017-06-26,2017-06-26 10:14:48
10:14:51,10:14:51,8.36,--,10,8360,卖盘,2017-06-26,2017-06-26 10:14:51
10:14:57,10:14:57,8.36,--,20,16720,卖盘,2017-06-26,2017-06-26 10:14:57
10:15:00,10:15:00,8.36,--,329,275044,卖盘,2017-06-26,2017-06-26 10:15:00
10:15:03,10:15:03,8.36,--,60,50160,卖盘,2017-06-26,2017-06-26 10:15:03
10:15:12,10:15:12,8.36,--,10,8360,卖盘,2017-06-26,2017-06-26 10:15:12
10:15:15,10:15:15,8.36,--,3,2508,卖盘,2017-06-26,2017-06-26 10:15:15
10:15:21,10:15:21,8.36,--,12,10032,卖盘,2017-06-26,2017-06-26 10:15:21
10:15:27,10:15:27,8.36,--,106,88616,卖盘,2017-06-26,2017-06-26 10:15:27
10:15:30,10:15:30,8.36,--,72,60191,卖盘,2017-06-26,2017-06-26 10:15:30
10:15:42,10:15:42,8.36,--,24,20064,卖盘,2017-06-26,2017-06-26 10:15:42
10:15:45,10:15:45,8.36,--,122,101992,卖盘,2017-06-26,2017-06-26 10:15:45
10:15:48,10:15:48,8.36,--,52,43472,卖盘,2017-06-26,2017-06-26 10:15:48
10:15:51,10:15:51,8.36,--,18,15047,卖盘,2017-06-26,2017-06-26 10:15:51
10:16:03,10:16:03,8.36,--,50,41800,卖盘,2017-06-26,2017-06-26 10:16:03
10:16:06,10:16:06,8.36,--,5,4180,卖盘,2017-06-26,2017-06-26 10:16:06
10:16:09,10:16:09,8.36,--,1,836,卖盘,2017-06-26,2017-06-26 10:16:09
10:16:12,10:16:12,8.36,--,10,8360,卖盘,2017-06-26,2017-06-26 10:16:12
10:16:27,10:16:27,8.36,--,499,417164,卖盘,2017-06-26,2017-06-26 10:16:27
10:16:33,10:16:33,8.36,--,10,8360,卖盘,2017-06-26,2017-06-26 10:16:33
10:16:36,10:16:36,8.36,--,1,836,卖盘,2017-06-26,2017-06-26 10:16:36
10:16:39,10:16:39,8.36,--,118,98648,卖盘,2017-06-26,2017-06-26 10:16:39
10:16:42,10:16:42,8.36,--,60,50160,卖盘,2017-06-26,2017-06-26 10:16:42
10:16:45,10:16:45,8.36,--,1,836,卖盘,2017-06-26,2017-06-26 10:16:45
10:17:00,10:17:00,8.36,--,1,836,卖盘,2017-06-26,2017-06-26 10:17:00
10:17:06,10:17:06,8.36,--,30,25080,卖盘,2017-06-26,2017-06-26 10:17:06
10:17:09,10:17:09,8.36,--,70,58519,卖盘,2017-06-26,2017-06-26 10:17:09
10:17:15,10:17:15,8.36,--,2,1672,卖盘,2017-06-26,2017-06-26 10:17:15
10:17:21,10:17:21,8.36,--,30,25080,卖盘,2017-06-26,2017-06-26 10:17:21
10:17:27,10:17:27,8.36,--,28,23408,卖盘,2017-06-26,2017-06-26 10:17:27
10:17:36,10:17:36,8.36,--,100,83600,卖盘,2017-06-26,2017-06-26 10:17:36
10:18:00,10:18:00,8.36,--,10,8360,卖盘,2017-06-26,2017-06-26 10:18:00
10:18:03,10:18:03,8.36,--,10,8360,卖盘,2017-06-26,2017-06-26 10:18:03
10:18:06,10:18:06,8.36,--,40,33440,卖盘,2017-06-26,2017-06-26 10:18:06
10:18:18,10:18:18,8.36,--,50,41800,卖盘,2017-06-26,2017-06-26 10:18:18
10:18:21,10:18:21,8.36,--,97,81092,卖盘,2017-06-26,2017-06-26 10:18:21
10:18:24,10:18:24,8.36,--,312,260831,卖盘,2017-06-26,2017-06-26 10:18:24
10:18:30,10:18:30,8.36,--,19,15883,卖盘,2017-06-26,2017-06-26 10:18:30
10:18:33,10:18:33,8.36,--,12,10032,卖盘,2017-06-26,2017-06-26 10:18:33
10:18:36,10:18:36,8.36,--,16,13376,卖盘,2017-06-26,2017-06-26 10:18:36
10:18:51,10:18:51,8.36,--,14,11704,卖盘,2017-06-26,2017-06-26 10:18:51
10:18:54,10:18:54,8.36,--,36,30095,卖盘,2017-06-26,2017-06-26 10:18:54
10:18:57,10:18:57,8.36,--,4,3344,卖盘,2017-06-26,2017-06-26 10:18:57
10:19:00,10:19:00,8.36,--,45,37620,卖盘,2017-06-26,2017-06-26 10:19:00
10:19:03,10:19:03,8.36,--,6,5016,卖盘,2017-06-26,2017-06-26 10:19:03
10:19:06,10:19:06,8.36,--,71,59355,卖盘,2017-06-26,2017-06-26 10:19:06
10:19:09,10:19:09,8.36,--,120,100320,卖盘,2017-06-26,2017-06-26 10:19:09
10:19:18,10:19:18,8.36,--,300,250799,卖盘,2017-06-26,2017-06-26 10:19:18
10:19:21,10:19:21,8.36,--,60,50160,卖盘,2017-06-26,2017-06-26 10:19:21
10:19:27,10:19:27,8.36,--,5,4180,卖盘,2017-06-26,2017-06-26 10:19:27
10:19:30,10:19:30,8.36,--,20,16720,卖盘,2017-06-26,2017-06-26 10:19:30
10:19:42,10:19:42,8.36,--,90,75240,卖盘,2017-06-26,2017-06-26 10:19:42
10:19:48,10:19:48,8.36,--,10,8360,卖盘,2017-06-26,2017-06-26 10:19:48
10:19:51,10:19:51,8.36,--,4,3344,卖盘,2017-06-26,2017-06-26 10:19:51
10:19:54,10:19:54,8.36,--,2,1672,卖盘,2017-06-26,2017-06-26 10:19:54
10:20:03,10:20:03,8.36,--,25,20900,卖盘,2017-06-26,2017-06-26 10:20:03
10:20:15,10:20:15,8.36,--,20,16720,卖盘,2017-06-26,2017-06-26 10:20:15
10:20:18,10:20:18,8.36,--,100,83600,卖盘,2017-06-26,2017-06-26 10:20:18
10:20:21,10:20:21,8.36,--,10,8360,卖盘,2017-06-26,2017-06-26 10:20:21
10:20:24,10:20:24,8.36,--,50,41800,卖盘,2017-06-26,2017-06-26 10:20:24
10:20:30,10:20:30,8.36,--,54,45144,卖盘,2017-06-26,2017-06-26 10:20:30
10:20:33,10:20:33,8.36,--,2,1672,卖盘,2017-06-26,2017-06-26 10:20:33
10:20:36,10:20:36,8.36,--,50,41800,卖盘,2017-06-26,2017-06-26 10:20:36
10:20:42,10:20:42,8.36,--,50,41800,卖盘,2017-06-26,2017-06-26 10:20:42
10:20:48,10:20:48,8.36,--,30,25080,卖盘,2017-06-26,2017-06-26 10:20:48
10:20:54,10:20:54,8.36,--,100,83600,卖盘,2017-06-26,2017-06-26 10:20:54
10:21:00,10:21:00,8.36,--,48,40128,卖盘,2017-06-26,2017-06-26 10:21:00
10:21:03,10:21:03,8.36,--,85,71060,卖盘,2017-06-26,2017-06-26 10:21:03
10:21:09,10:21:09,8.36,--,400,334400,卖盘,2017-06-26,2017-06-26 10:21:09
10:21:15,10:21:15,8.36,--,92,76912,卖盘,2017-06-26,2017-06-26 10:21:15
10:21:21,10:21:21,8.36,--,72,60191,卖盘,2017-06-26,2017-06-26 10:21:21
10:21:27,10:21:27,8.36,--,4,3344,卖盘,2017-06-26,2017-06-26 10:21:27
10:21:30,10:21:30,8.36,--,4,3344,卖盘,2017-06-26,2017-06-26 10:21:30
10:21:39,10:21:39,8.36,--,205,171380,卖盘,2017-06-26,2017-06-26 10:21:39
10:21:42,10:21:42,8.36,--,200,167200,卖盘,2017-06-26,2017-06-26 10:21:42
10:21:45,10:21:45,8.36,--,55,45980,卖盘,2017-06-26,2017-06-26 10:21:45
10:21:48,10:21:48,8.36,--,112,93632,卖盘,2017-06-26,2017-06-26 10:21:48
10:21:51,10:21:51,8.36,--,5,4180,卖盘,2017-06-26,2017-06-26 10:21:51
10:21:54,10:21:54,8.36,--,158,132088,卖盘,2017-06-26,2017-06-26 10:21:54
10:22:06,10:22:06,8.36,--,2,1672,卖盘,2017-06-26,2017-06-26 10:22:06
10:22:09,10:22:09,8.36,--,5,4180,卖盘,2017-06-26,2017-06-26 10:22:09
10:22:24,10:22:24,8.36,--,3,2508,卖盘,2017-06-26,2017-06-26 10:22:24
10:22:27,10:22:27,8.36,--,7,5852,卖盘,2017-06-26,2017-06-26 10:22:27
10:22:30,10:22:30,8.36,--,30,25080,卖盘,2017-06-26,2017-06-26 10:22:30
10:22:33,10:22:33,8.36,--,50,41800,卖盘,2017-06-26,2017-06-26 10:22:33
10:22:45,10:22:45,8.36,--,49,40964,卖盘,2017-06-26,2017-06-26 10:22:45
10:22:48,10:22:48,8.36,--,64,53504,卖盘,2017-06-26,2017-06-26 10:22:48
10:23:00,10:23:00,8.36,--,2,1672,卖盘,2017-06-26,2017-06-26 10:23:00
10:23:06,10:23:06,8.36,--,396,331056,卖盘,2017-06-26,2017-06-26 10:23:06
10:23:12,10:23:12,8.36,--,15,12540,卖盘,2017-06-26,2017-06-26 10:23:12
10:23:18,10:23:18,8.36,--,3,2508,卖盘,2017-06-26,2017-06-26 10:23:18
10:23:21,10:23:21,8.36,--,10,8360,卖盘,2017-06-26,2017-06-26 10:23:21
10:23:48,10:23:48,8.36,--,1,836,卖盘,2017-06-26,2017-06-26 10:23:48
10:23:54,10:23:54,8.36,--,12,10032,卖盘,2017-06-26,2017-06-26 10:23:54
10:24:03,10:24:03,8.36,--,24,20064,卖盘,2017-06-26,2017-06-26 10:24:03
10:24:06,10:24:06,8.36,--,387,323532,卖盘,2017-06-26,2017-06-26 10:24:06
10:24:30,10:24:30,8.36,--,2,1672,卖盘,2017-06-26,2017-06-26 10:24:30
10:24:39,10:24:39,8.36,--,19,15883,卖盘,2017-06-26,2017-06-26 10:24:39
10:24:42,10:24:42,8.36,--,25,20900,卖盘,2017-06-26,2017-06-26 10:24:42
10:24:45,10:24:45,8.36,--,100,83600,卖盘,2017-06-26,2017-06-26 10:24:45
10:24:51,10:24:51,8.36,--,30,25080,卖盘,2017-06-26,2017-06-26 10:24:51
10:24:54,10:24:54,8.36,--,112,93632,卖盘,2017-06-26,2017-06-26 10:24:54
10:25:03,10:25:03,8.36,--,30,25080,卖盘,2017-06-26,2017-06-26 10:25:03
10:25:09,10:25:09,8.36,--,440,367840,卖盘,2017-06-26,2017-06-26 10:25:09
10:25:21,10:25:21,8.36,--,10,8360,卖盘,2017-06-26,2017-06-26 10:25:21
10:25:24,10:25:24,8.36,--,30,25080,卖盘,2017-06-26,2017-06-26 10:25:24
10:25:36,10:25:36,8.36,--,72,60191,卖盘,2017-06-26,2017-06-26 10:25:36
10:25:42,10:25:42,8.36,--,30,25080,卖盘,2017-06-26,2017-06-26 10:25:42
10:25:48,10:25:48,8.36,--,18,15047,卖盘,2017-06-26,2017-06-26 10:25:48
10:25:51,10:25:51,8.36,--,46,38456,卖盘,2017-06-26,2017-06-26 10:25:51
10:26:03,10:26:03,8.36,--,13,10868,卖盘,2017-06-26,2017-06-26 10:26:03
10:26:09,10:26:09,8.36,--,256,214016,卖盘,2017-06-26,2017-06-26 10:26:09
10:26:12,10:26:12,8.36,--,20,16720,卖盘,2017-06-26,2017-06-26 10:26:12
10:26:27,10:26:27,8.36,--,1,836,卖盘,2017-06-26,2017-06-26 10:26:27
10:26:54,10:26:54,8.36,--,90,75240,卖盘,2017-06-26,2017-06-26 10:26:54
10:27:06,10:27:06,8.36,--,1,836,卖盘,2017-06-26,2017-06-26 10:27:06
10:27:12,10:27:12,8.36,--,30,25080,卖盘,2017-06-26,2017-06-26 10:27:12
10:27:18,10:27:18,8.36,--,400,334400,卖盘,2017-06-26,2017-06-26 10:27:18
10:27:21,10:27:21,8.36,--,27,22572,卖盘,2017-06-26,2017-06-26 10:27:21
10:27:27,10:27:27,8.36,--,6,5016,卖盘,2017-06-26,2017-06-26 10:27:27
10:27:33,10:27:33,8.36,--,4,3344,卖盘,2017-06-26,2017-06-26 10:27:33
10:27:57,10:27:57,8.36,--,10,8360,卖盘,2017-06-26,2017-06-26 10:27:57
10:28:03,10:28:03,8.36,--,20,16720,卖盘,2017-06-26,2017-06-26 10:28:03
10:28:09,10:28:09,8.36,--,20,16720,卖盘,2017-06-26,2017-06-26 10:28:09
10:28:18,10:28:18,8.36,--,30,25080,卖盘,2017-06-26,2017-06-26 10:28:18
10:28:24,10:28:24,8.36,--,10,8360,卖盘,2017-06-26,2017-06-26 10:28:24
10:28:30,10:28:30,8.36,--,8,6688,卖盘,2017-06-26,2017-06-26 10:28:30
10:28:36,10:28:36,8.36,--,30,25080,卖盘,2017-06-26,2017-06-26 10:28:36
10:28:42,10:28:42,8.36,--,9,7523,卖盘,2017-06-26,2017-06-26 10:28:42
10:28:45,10:28:45,8.36,--,3,2508,卖盘,2017-06-26,2017-06-26 10:28:45
10:28:48,10:28:48,8.36,--,1,836,卖盘,2017-06-26,2017-06-26 10:28:48
10:28:51,10:28:51,8.36,--,74,61863,卖盘,2017-06-26,2017-06-26 10:28:51
10:28:54,10:28:54,8.36,--,10,8360,卖盘,2017-06-26,2017-06-26 10:28:54
10:28:57,10:28:57,8.36,--,16,13376,卖盘,2017-06-26,2017-06-26 10:28:57
10:29:03,10:29:03,8.36,--,27,22572,卖盘,2017-06-26,2017-06-26 10:29:03
10:29:06,10:29:06,8.36,--,250,209000,卖盘,2017-06-26,2017-06-26 10:29:06
10:29:21,10:29:21,8.36,--,6,5016,卖盘,2017-06-26,2017-06-26 10:29:21
10:29:30,10:29:30,8.36,--,5,4180,卖盘,2017-06-26,2017-06-26 10:29:30
10:29:39,10:29:39,8.36,--,20,16720,卖盘,2017-06-26,2017-06-26 10:29:39
10:29:45,10:29:45,8.36,--,20,16720,卖盘,2017-06-26,2017-06-26 10:29:45
10:29:54,10:29:54,8.36,--,22,18392,卖盘,2017-06-26,2017-06-26 10:29:54
10:29:57,10:29:57,8.36,--,52,43472,卖盘,2017-06-26,2017-06-26 10:29:57
10:30:03,10:30:03,8.36,--,1,836,卖盘,2017-06-26,2017-06-26 10:30:03
10:30:09,10:30:09,8.36,--,57,47652,卖盘,2017-06-26,2017-06-26 10:30:09
10:30:21,10:30:21,8.36,--,32,26752,卖盘,2017-06-26,2017-06-26 10:30:21
10:30:24,10:30:24,8.36,--,150,125399,卖盘,2017-06-26,2017-06-26 10:30:24
10:30:33,10:30:33,8.36,--,10,8360,卖盘,2017-06-26,2017-06-26 10:30:33
10:30:42,10:30:42,8.36,--,11,9196,卖盘,2017-06-26,2017-06-26 10:30:42
10:31:00,10:31:00,8.36,--,48,40128,卖盘,2017-06-26,2017-06-26 10:31:00
10:31:06,10:31:06,8.36,--,30,25080,卖盘,2017-06-26,2017-06-26 10:31:06
10:31:27,10:31:27,8.36,--,10,8360,卖盘,2017-06-26,2017-06-26 10:31:27
10:31:48,10:31:48,8.36,--,6,5016,卖盘,2017-06-26,2017-06-26 10:31:48
10:31:57,10:31:57,8.36,--,86,71896,卖盘,2017-06-26,2017-06-26 10:31:57
10:32:03,10:32:03,8.36,--,2,1672,卖盘,2017-06-26,2017-06-26 10:32:03
10:32:09,10:32:09,8.36,--,7,5852,卖盘,2017-06-26,2017-06-26 10:32:09
10:32:18,10:32:18,8.36,--,20,16720,卖盘,2017-06-26,2017-06-26 10:32:18
10:32:30,10:32:30,8.36,--,20,16720,卖盘,2017-06-26,2017-06-26 10:32:30
10:32:39,10:32:39,8.36,--,20,16720,卖盘,2017-06-26,2017-06-26 10:32:39
10:32:42,10:32:42,8.36,--,120,100320,卖盘,2017-06-26,2017-06-26 10:32:42
10:32:54,10:32:54,8.36,--,30,25080,卖盘,2017-06-26,2017-06-26 10:32:54
10:33:09,10:33:09,8.36,--,10,8360,卖盘,2017-06-26,2017-06-26 10:33:09
10:33:18,10:33:18,8.36,--,4,3344,卖盘,2017-06-26,2017-06-26 10:33:18
10:33:27,10:33:27,8.36,--,4,3344,卖盘,2017-06-26,2017-06-26 10:33:27
10:33:33,10:33:33,8.36,--,10,8360,卖盘,2017-06-26,2017-06-26 10:33:33
10:33:36,10:33:36,8.36,--,8,6688,卖盘,2017-06-26,2017-06-26 10:33:36
10:33:42,10:33:42,8.36,--,10,8360,卖盘,2017-06-26,2017-06-26 10:33:42
10:33:45,10:33:45,8.36,--,30,25080,卖盘,2017-06-26,2017-06-26 10:33:45
10:33:48,10:33:48,8.36,--,4,3344,卖盘,2017-06-26,2017-06-26 10:33:48
10:33:51,10:33:51,8.36,--,5,4180,卖盘,2017-06-26,2017-06-26 10:33:51
10:34:06,10:34:06,8.36,--,24,20064,卖盘,2017-06-26,2017-06-26 10:34:06
10:34:15,10:34:15,8.36,--,18,15047,卖盘,2017-06-26,2017-06-26 10:34:15
10:34:18,10:34:18,8.36,--,17,14211,卖盘,2017-06-26,2017-06-26 10:34:18
10:34:33,10:34:33,8.36,--,10,8360,卖盘,2017-06-26,2017-06-26 10:34:33
10:34:39,10:34:39,8.36,--,82,68552,卖盘,2017-06-26,2017-06-26 10:34:39
10:34:45,10:34:45,8.36,--,20,16720,卖盘,2017-06-26,2017-06-26 10:34:45
10:34:54,10:34:54,8.36,--,10,8360,卖盘,2017-06-26,2017-06-26 10:34:54
10:35:03,10:35:03,8.36,--,1,836,卖盘,2017-06-26,2017-06-26 10:35:03
10:35:12,10:35:12,8.36,--,1,836,卖盘,2017-06-26,2017-06-26 10:35:12
10:35:15,10:35:15,8.36,--,2,1672,卖盘,2017-06-26,2017-06-26 10:35:15
10:35:18,10:35:18,8.36,--,20,16720,卖盘,2017-06-26,2017-06-26 10:35:18
10:35:42,10:35:42,8.36,--,2,1672,卖盘,2017-06-26,2017-06-26 10:35:42
10:36:09,10:36:09,8.36,--,8,6688,卖盘,2017-06-26,2017-06-26 10:36:09
10:36:27,10:36:27,8.36,--,2,1672,卖盘,2017-06-26,2017-06-26 10:36:27
10:36:51,10:36:51,8.36,--,20,16720,卖盘,2017-06-26,2017-06-26 10:36:51
10:37:00,10:37:00,8.36,--,30,25080,卖盘,2017-06-26,2017-06-26 10:37:00
10:37:03,10:37:03,8.36,--,65,54339,卖盘,2017-06-26,2017-06-26 10:37:03
10:37:06,10:37:06,8.36,--,60,50160,卖盘,2017-06-26,2017-06-26 10:37:06
10:37:09,10:37:09,8.36,--,35,29259,卖盘,2017-06-26,2017-06-26 10:37:09
10:37:18,10:37:18,8.36,--,12,10032,卖盘,2017-06-26,2017-06-26 10:37:18
10:37:33,10:37:33,8.36,--,2,1672,卖盘,2017-06-26,2017-06-26 10:37:33
10:37:39,10:37:39,8.36,--,5,4180,卖盘,2017-06-26,2017-06-26 10:37:39
10:37:42,10:37:42,8.36,--,2,1672,卖盘,2017-06-26,2017-06-26 10:37:42
10:37:51,10:37:51,8.36,--,5,4180,卖盘,2017-06-26,2017-06-26 10:37:51
10:38:24,10:38:24,8.36,--,5,4180,卖盘,2017-06-26,2017-06-26 10:38:24
10:38:42,10:38:42,8.36,--,40,33440,卖盘,2017-06-26,2017-06-26 10:38:42
10:38:45,10:38:45,8.36,--,50,41800,卖盘,2017-06-26,2017-06-26 10:38:45
10:38:54,10:38:54,8.36,--,61,50996,卖盘,2017-06-26,2017-06-26 10:38:54
10:39:12,10:39:12,8.36,--,5,4180,卖盘,2017-06-26,2017-06-26 10:39:12
10:39:18,10:39:18,8.36,--,67,56011,卖盘,2017-06-26,2017-06-26 10:39:18
10:39:24,10:39:24,8.36,--,2,1672,卖盘,2017-06-26,2017-06-26 10:39:24
10:39:45,10:39:45,8.36,--,15,12540,卖盘,2017-06-26,2017-06-26 10:39:45
10:39:48,10:39:48,8.36,--,10,8360,卖盘,2017-06-26,2017-06-26 10:39:48
10:40:12,10:40:12,8.36,--,103,86108,卖盘,2017-06-26,2017-06-26 10:40:12
10:40:21,10:40:21,8.36,--,11,9196,卖盘,2017-06-26,2017-06-26 10:40:21
10:40:27,10:40:27,8.36,--,6,5016,卖盘,2017-06-26,2017-06-26 10:40:27
10:40:36,10:40:36,8.36,--,530,443079,卖盘,2017-06-26,2017-06-26 10:40:36
10:40:39,10:40:39,8.36,--,6,5016,卖盘,2017-06-26,2017-06-26 10:40:39
10:40:45,10:40:45,8.36,--,52,43472,卖盘,2017-06-26,2017-06-26 10:40:45
10:40:51,10:40:51,8.36,--,3,2508,卖盘,2017-06-26,2017-06-26 10:40:51
10:41:09,10:41:09,8.36,--,18,15047,卖盘,2017-06-26,2017-06-26 10:41:09
10:41:21,10:41:21,8.36,--,30,25080,卖盘,2017-06-26,2017-06-26 10:41:21
10:41:27,10:41:27,8.36,--,7,5852,卖盘,2017-06-26,2017-06-26 10:41:27
10:41:54,10:41:54,8.36,--,25,20900,卖盘,2017-06-26,2017-06-26 10:41:54
10:41:57,10:41:57,8.36,--,20,16720,卖盘,2017-06-26,2017-06-26 10:41:57
10:42:00,10:42:00,8.36,--,8,6688,卖盘,2017-06-26,2017-06-26 10:42:00
10:42:03,10:42:03,8.36,--,1,836,卖盘,2017-06-26,2017-06-26 10:42:03
10:42:36,10:42:36,8.36,--,50,41800,卖盘,2017-06-26,2017-06-26 10:42:36
10:42:51,10:42:51,8.36,--,10,8360,卖盘,2017-06-26,2017-06-26 10:42:51
10:43:06,10:43:06,8.36,--,7,5852,卖盘,2017-06-26,2017-06-26 10:43:06
10:43:15,10:43:15,8.36,--,3,2508,卖盘,2017-06-26,2017-06-26 10:43:15
10:43:48,10:43:48,8.36,--,5,4180,卖盘,2017-06-26,2017-06-26 10:43:48
10:44:33,10:44:33,8.36,--,10,8360,卖盘,2017-06-26,2017-06-26 10:44:33
10:44:39,10:44:39,8.36,--,10,8360,卖盘,2017-06-26,2017-06-26 10:44:39
10:44:42,10:44:42,8.36,--,500,418000,卖盘,2017-06-26,2017-06-26 10:44:42
10:44:45,10:44:45,8.36,--,5,4180,卖盘,2017-06-26,2017-06-26 10:44:45
10:45:09,10:45:09,8.36,--,1,836,卖盘,2017-06-26,2017-06-26 10:45:09
10:45:15,10:45:15,8.36,--,5,4180,卖盘,2017-06-26,2017-06-26 10:45:15
10:45:21,10:45:21,8.36,--,70,58519,卖盘,2017-06-26,2017-06-26 10:45:21
10:45:24,10:45:24,8.36,--,40,33440,卖盘,2017-06-26,2017-06-26 10:45:24
10:45:33,10:45:33,8.36,--,9,7523,卖盘,2017-06-26,2017-06-26 10:45:33
10:45:39,10:45:39,8.36,--,11,9196,卖盘,2017-06-26,2017-06-26 10:45:39
10:45:45,10:45:45,8.36,--,10,8360,卖盘,2017-06-26,2017-06-26 10:45:45
10:45:54,10:45:54,8.36,--,40,33440,卖盘,2017-06-26,2017-06-26 10:45:54
10:46:00,10:46:00,8.36,--,21,17556,卖盘,2017-06-26,2017-06-26 10:46:00
10:46:06,10:46:06,8.36,--,15,12540,卖盘,2017-06-26,2017-06-26 10:46:06
10:46:48,10:46:48,8.36,--,155,129579,卖盘,2017-06-26,2017-06-26 10:46:48
10:46:57,10:46:57,8.36,--,4,3344,卖盘,2017-06-26,2017-06-26 10:46:57
10:47:12,10:47:12,8.36,--,7,5852,卖盘,2017-06-26,2017-06-26 10:47:12
10:47:18,10:47:18,8.36,--,2,1672,卖盘,2017-06-26,2017-06-26 10:47:18
10:47:21,10:47:21,8.36,--,12,10032,卖盘,2017-06-26,2017-06-26 10:47:21
10:47:30,10:47:30,8.36,--,4,3344,卖盘,2017-06-26,2017-06-26 10:47:30
10:47:39,10:47:39,8.36,--,16,13376,卖盘,2017-06-26,2017-06-26 10:47:39
10:47:51,10:47:51,8.36,--,3,2508,卖盘,2017-06-26,2017-06-26 10:47:51
10:47:57,10:47:57,8.36,--,1,836,卖盘,2017-06-26,2017-06-26 10:47:57
10:48:03,10:48:03,8.36,--,9,7523,卖盘,2017-06-26,2017-06-26 10:48:03
10:48:09,10:48:09,8.36,--,10,8360,卖盘,2017-06-26,2017-06-26 10:48:09
10:48:27,10:48:27,8.36,--,41,34276,卖盘,2017-06-26,2017-06-26 10:48:27
10:48:30,10:48:30,8.36,--,4,3344,卖盘,2017-06-26,2017-06-26 10:48:30
10:48:33,10:48:33,8.36,--,2,1672,卖盘,2017-06-26,2017-06-26 10:48:33
10:48:39,10:48:39,8.36,--,8,6688,卖盘,2017-06-26,2017-06-26 10:48:39
10:48:45,10:48:45,8.36,--,28,23408,卖盘,2017-06-26,2017-06-26 10:48:45
10:48:57,10:48:57,8.36,--,6,5016,卖盘,2017-06-26,2017-06-26 10:48:57
10:49:00,10:49:00,8.36,--,1,836,卖盘,2017-06-26,2017-06-26 10:49:00
10:49:06,10:49:06,8.36,--,6,5016,卖盘,2017-06-26,2017-06-26 10:49:06
10:49:09,10:49:09,8.36,--,22,18392,卖盘,2017-06-26,2017-06-26 10:49:09
10:49:18,10:49:18,8.36,--,35,29259,卖盘,2017-06-26,2017-06-26 10:49:18
10:49:33,10:49:33,8.36,--,4,3344,卖盘,2017-06-26,2017-06-26 10:49:33
10:49:51,10:49:51,8.36,--,2,1672,卖盘,2017-06-26,2017-06-26 10:49:51
10:49:54,10:49:54,8.36,--,10,8360,卖盘,2017-06-26,2017-06-26 10:49:54
10:50:00,10:50:00,8.36,--,29,24244,卖盘,2017-06-26,2017-06-26 10:50:00
10:50:51,10:50:51,8.36,--,43,35948,卖盘,2017-06-26,2017-06-26 10:50:51
10:50:54,10:50:54,8.36,--,15,12540,卖盘,2017-06-26,2017-06-26 10:50:54
10:50:57,10:50:57,8.36,--,2,1672,卖盘,2017-06-26,2017-06-26 10:50:57
10:51:00,10:51:00,8.36,--,20,16720,卖盘,2017-06-26,2017-06-26 10:51:00
10:51:03,10:51:03,8.36,--,7,5852,卖盘,2017-06-26,2017-06-26 10:51:03
10:51:24,10:51:24,8.36,--,44,36784,卖盘,2017-06-26,2017-06-26 10:51:24
10:52:00,10:52:00,8.36,--,17,14211,卖盘,2017-06-26,2017-06-26 10:52:00
10:52:18,10:52:18,8.36,--,64,53504,卖盘,2017-06-26,2017-06-26 10:52:18
10:52:42,10:52:42,8.36,--,10,8360,卖盘,2017-06-26,2017-06-26 10:52:42
10:52:57,10:52:57,8.36,--,19,15883,卖盘,2017-06-26,2017-06-26 10:52:57
10:53:09,10:53:09,8.36,--,7,5852,卖盘,2017-06-26,2017-06-26 10:53:09
10:53:27,10:53:27,8.36,--,1,836,卖盘,2017-06-26,2017-06-26 10:53:27
10:53:30,10:53:30,8.36,--,6,5016,卖盘,2017-06-26,2017-06-26 10:53:30
10:54:45,10:54:45,8.36,--,2,1672,卖盘,2017-06-26,2017-06-26 10:54:45
10:55:12,10:55:12,8.36,--,1,836,卖盘,2017-06-26,2017-06-26 10:55:12
10:55:30,10:55:30,8.36,--,5,4180,卖盘,2017-06-26,2017-06-26 10:55:30
10:56:03,10:56:03,8.36,--,1,836,卖盘,2017-06-26,2017-06-26 10:56:03
10:56:15,10:56:15,8.36,--,7,5852,卖盘,2017-06-26,2017-06-26 10:56:15
10:56:33,10:56:33,8.36,--,10,8360,卖盘,2017-06-26,2017-06-26 10:56:33
10:56:36,10:56:36,8.36,--,30,25080,卖盘,2017-06-26,2017-06-26 10:56:36
10:56:57,10:56:57,8.36,--,10,8360,卖盘,2017-06-26,2017-06-26 10:56:57
10:57:06,10:57:06,8.36,--,24,20064,卖盘,2017-06-26,2017-06-26 10:57:06
10:57:21,10:57:21,8.36,--,10,8360,卖盘,2017-06-26,2017-06-26 10:57:21
10:57:51,10:57:51,8.36,--,30,25080,卖盘,2017-06-26,2017-06-26 10:57:51
10:57:57,10:57:57,8.36,--,20,16720,卖盘,2017-06-26,2017-06-26 10:57:57
10:58:03,10:58:03,8.36,--,30,25080,卖盘,2017-06-26,2017-06-26 10:58:03
10:58:15,10:58:15,8.36,--,30,25080,卖盘,2017-06-26,2017-06-26 10:58:15
10:58:24,10:58:24,8.36,--,100,83600,卖盘,2017-06-26,2017-06-26 10:58:24
10:58:30,10:58:30,8.36,--,20,16720,卖盘,2017-06-26,2017-06-26 10:58:30
10:58:42,10:58:42,8.36,--,23,19228,卖盘,2017-06-26,2017-06-26 10:58:42
10:58:45,10:58:45,8.36,--,15,12540,卖盘,2017-06-26,2017-06-26 10:58:45
10:58:54,10:58:54,8.36,--,8,6688,卖盘,2017-06-26,2017-06-26 10:58:54
10:59:00,10:59:00,8.36,--,4,3344,卖盘,2017-06-26,2017-06-26 10:59:00
10:59:06,10:59:06,8.36,--,30,25080,卖盘,2017-06-26,2017-06-26 10:59:06
10:59:21,10:59:21,8.36,--,3,2892,卖盘,2017-06-26,2017-06-26 10:59:21
10:59:30,10:59:30,8.36,--,10,8360,卖盘,2017-06-26,2017-06-26 10:59:30
10:59:33,10:59:33,8.36,--,116,96976,卖盘,2017-06-26,2017-06-26 10:59:33
11:00:15,11:00:15,8.36,--,112,93632,卖盘,2017-06-26,2017-06-26 11:00:15
11:01:06,11:01:06,8.36,--,206,172216,卖盘,2017-06-26,2017-06-26 11:01:06
11:01:12,11:01:12,8.36,--,18,15047,卖盘,2017-06-26,2017-06-26 11:01:12
11:01:15,11:01:15,8.36,--,10,8360,卖盘,2017-06-26,2017-06-26 11:01:15
11:01:18,11:01:18,8.36,--,8,6688,卖盘,2017-06-26,2017-06-26 11:01:18
11:01:30,11:01:30,8.36,--,84,70224,卖盘,2017-06-26,2017-06-26 11:01:30
11:01:45,11:01:45,8.36,--,10,8360,卖盘,2017-06-26,2017-06-26 11:01:45
11:01:57,11:01:57,8.36,--,10,8360,卖盘,2017-06-26,2017-06-26 11:01:57
11:02:45,11:02:45,8.36,--,20,16720,卖盘,2017-06-26,2017-06-26 11:02:45
11:03:27,11:03:27,8.36,--,10,8360,卖盘,2017-06-26,2017-06-26 11:03:27
11:03:39,11:03:39,8.36,--,9,7523,卖盘,2017-06-26,2017-06-26 11:03:39
11:04:06,11:04:06,8.36,--,10,8360,卖盘,2017-06-26,2017-06-26 11:04:06
11:04:12,11:04:12,8.36,--,137,114531,卖盘,2017-06-26,2017-06-26 11:04:12
11:04:27,11:04:27,8.36,--,5,4180,卖盘,2017-06-26,2017-06-26 11:04:27
11:04:30,11:04:30,8.36,--,20,16720,卖盘,2017-06-26,2017-06-26 11:04:30
11:04:42,11:04:42,8.36,--,2,1672,卖盘,2017-06-26,2017-06-26 11:04:42
11:04:48,11:04:48,8.36,--,100,83600,卖盘,2017-06-26,2017-06-26 11:04:48
11:04:57,11:04:57,8.36,--,20,16720,卖盘,2017-06-26,2017-06-26 11:04:57
11:05:00,11:05:00,8.36,--,4,3344,卖盘,2017-06-26,2017-06-26 11:05:00
11:05:09,11:05:09,8.36,--,60,50160,卖盘,2017-06-26,2017-06-26 11:05:09
11:05:27,11:05:27,8.36,--,74,61863,卖盘,2017-06-26,2017-06-26 11:05:27
11:05:33,11:05:33,8.36,--,108,90288,卖盘,2017-06-26,2017-06-26 11:05:33
11:05:36,11:05:36,8.36,--,6,5016,卖盘,2017-06-26,2017-06-26 11:05:36
11:05:42,11:05:42,8.36,--,12,10032,卖盘,2017-06-26,2017-06-26 11:05:42
11:05:57,11:05:57,8.36,--,20,16720,卖盘,2017-06-26,2017-06-26 11:05:57
11:06:00,11:06:00,8.36,--,106,88616,卖盘,2017-06-26,2017-06-26 11:06:00
11:06:18,11:06:18,8.36,--,10,8360,卖盘,2017-06-26,2017-06-26 11:06:18
11:06:24,11:06:24,8.36,--,5,4180,卖盘,2017-06-26,2017-06-26 11:06:24
11:06:30,11:06:30,8.36,--,10,8360,卖盘,2017-06-26,2017-06-26 11:06:30
11:06:42,11:06:42,8.36,--,254,212344,卖盘,2017-06-26,2017-06-26 11:06:42
11:06:45,11:06:45,8.36,--,10,8360,卖盘,2017-06-26,2017-06-26 11:06:45
11:07:15,11:07:15,8.36,--,28,23408,卖盘,2017-06-26,2017-06-26 11:07:15
11:07:27,11:07:27,8.36,--,30,25080,卖盘,2017-06-26,2017-06-26 11:07:27
11:07:54,11:07:54,8.36,--,20,16720,卖盘,2017-06-26,2017-06-26 11:07:54
11:07:57,11:07:57,8.36,--,10,8360,卖盘,2017-06-26,2017-06-26 11:07:57
11:08:00,11:08:00,8.36,--,5,4180,卖盘,2017-06-26,2017-06-26 11:08:00
11:08:09,11:08:09,8.36,--,1,836,卖盘,2017-06-26,2017-06-26 11:08:09
11:08:12,11:08:12,8.36,--,3,2508,卖盘,2017-06-26,2017-06-26 11:08:12
11:08:36,11:08:36,8.36,--,2,1672,卖盘,2017-06-26,2017-06-26 11:08:36
11:08:54,11:08:54,8.36,--,334,279224,卖盘,2017-06-26,2017-06-26 11:08:54
11:09:09,11:09:09,8.36,--,30,25080,卖盘,2017-06-26,2017-06-26 11:09:09
11:09:24,11:09:24,8.36,--,50,41800,卖盘,2017-06-26,2017-06-26 11:09:24
11:09:27,11:09:27,8.36,--,30,25080,卖盘,2017-06-26,2017-06-26 11:09:27
11:09:39,11:09:39,8.36,--,200,167200,卖盘,2017-06-26,2017-06-26 11:09:39
11:09:51,11:09:51,8.36,--,3,2508,卖盘,2017-06-26,2017-06-26 11:09:51
11:09:57,11:09:57,8.36,--,3,2508,卖盘,2017-06-26,2017-06-26 11:09:57
11:10:06,11:10:06,8.36,--,2,1672,卖盘,2017-06-26,2017-06-26 11:10:06
11:10:09,11:10:09,8.36,--,20,16720,卖盘,2017-06-26,2017-06-26 11:10:09
11:10:24,11:10:24,8.36,--,13,10868,卖盘,2017-06-26,2017-06-26 11:10:24
11:10:27,11:10:27,8.36,--,2,1672,卖盘,2017-06-26,2017-06-26 11:10:27
11:10:39,11:10:39,8.36,--,7,5852,卖盘,2017-06-26,2017-06-26 11:10:39
11:10:45,11:10:45,8.36,--,15,12540,卖盘,2017-06-26,2017-06-26 11:10:45
11:11:00,11:11:00,8.36,--,5,4180,卖盘,2017-06-26,2017-06-26 11:11:00
11:11:06,11:11:06,8.36,--,39,32603,卖盘,2017-06-26,2017-06-26 11:11:06
11:11:36,11:11:36,8.36,--,30,25080,卖盘,2017-06-26,2017-06-26 11:11:36
11:11:57,11:11:57,8.36,--,25,20900,卖盘,2017-06-26,2017-06-26 11:11:57
11:12:09,11:12:09,8.36,--,300,250799,卖盘,2017-06-26,2017-06-26 11:12:09
11:12:48,11:12:48,8.36,--,20,16720,卖盘,2017-06-26,2017-06-26 11:12:48
11:12:57,11:12:57,8.36,--,6,5016,卖盘,2017-06-26,2017-06-26 11:12:57
11:13:27,11:13:27,8.36,--,50,41800,卖盘,2017-06-26,2017-06-26 11:13:27
11:14:15,11:14:15,8.36,--,200,167200,卖盘,2017-06-26,2017-06-26 11:14:15
11:14:21,11:14:21,8.36,--,2,1672,卖盘,2017-06-26,2017-06-26 11:14:21
11:14:51,11:14:51,8.36,--,5,4180,卖盘,2017-06-26,2017-06-26 11:14:51
11:15:00,11:15:00,8.36,--,5,4180,卖盘,2017-06-26,2017-06-26 11:15:00
11:15:33,11:15:33,8.36,--,15,12540,卖盘,2017-06-26,2017-06-26 11:15:33
11:15:36,11:15:36,8.36,--,9,7523,卖盘,2017-06-26,2017-06-26 11:15:36
11:15:42,11:15:42,8.36,--,5,4180,卖盘,2017-06-26,2017-06-26 11:15:42
11:15:48,11:15:48,8.36,--,20,16720,卖盘,2017-06-26,2017-06-26 11:15:48
11:15:54,11:15:54,8.36,--,1,836,卖盘,2017-06-26,2017-06-26 11:15:54
11:15:57,11:15:57,8.36,--,4,3344,卖盘,2017-06-26,2017-06-26 11:15:57
11:16:09,11:16:09,8.36,--,806,673816,卖盘,2017-06-26,2017-06-26 11:16:09
11:16:21,11:16:21,8.36,--,2,1672,卖盘,2017-06-26,2017-06-26 11:16:21
11:16:36,11:16:36,8.36,--,1000,836000,卖盘,2017-06-26,2017-06-26 11:16:36
11:16:45,11:16:45,8.36,--,2,1672,卖盘,2017-06-26,2017-06-26 11:16:45
11:16:54,11:16:54,8.36,--,5,4180,卖盘,2017-06-26,2017-06-26 11:16:54
11:16:57,11:16:57,8.36,--,1000,836000,卖盘,2017-06-26,2017-06-26 11:16:57
11:17:06,11:17:06,8.36,--,16,13376,卖盘,2017-06-26,2017-06-26 11:17:06
11:17:21,11:17:21,8.36,--,37,30931,卖盘,2017-06-26,2017-06-26 11:17:21
11:17:24,11:17:24,8.36,--,1,836,卖盘,2017-06-26,2017-06-26 11:17:24
11:17:27,11:17:27,8.36,--,7,5852,卖盘,2017-06-26,2017-06-26 11:17:27
11:17:30,11:17:30,8.36,--,2,1672,卖盘,2017-06-26,2017-06-26 11:17:30
11:17:33,11:17:33,8.36,--,80,66880,卖盘,2017-06-26,2017-06-26 11:17:33
11:17:36,11:17:36,8.36,--,50,41800,卖盘,2017-06-26,2017-06-26 11:17:36
11:17:39,11:17:39,8.36,--,20,16720,卖盘,2017-06-26,2017-06-26 11:17:39
11:18:00,11:18:00,8.36,--,72,60191,卖盘,2017-06-26,2017-06-26 11:18:00
11:18:15,11:18:15,8.36,--,4,3344,卖盘,2017-06-26,2017-06-26 11:18:15
11:18:21,11:18:21,8.36,--,2,1672,卖盘,2017-06-26,2017-06-26 11:18:21
11:18:51,11:18:51,8.36,--,20,16720,卖盘,2017-06-26,2017-06-26 11:18:51
11:19:00,11:19:00,8.36,--,50,41800,卖盘,2017-06-26,2017-06-26 11:19:00
11:19:03,11:19:03,8.36,--,20,16720,卖盘,2017-06-26,2017-06-26 11:19:03
11:19:09,11:19:09,8.36,--,20,16720,卖盘,2017-06-26,2017-06-26 11:19:09
11:19:18,11:19:18,8.36,--,3,2508,卖盘,2017-06-26,2017-06-26 11:19:18
11:19:21,11:19:21,8.36,--,100,83600,卖盘,2017-06-26,2017-06-26 11:19:21
11:19:30,11:19:30,8.36,--,10,8360,卖盘,2017-06-26,2017-06-26 11:19:30
11:20:03,11:20:03,8.36,--,13,10868,卖盘,2017-06-26,2017-06-26 11:20:03
11:20:15,11:20:15,8.36,--,60,50160,卖盘,2017-06-26,2017-06-26 11:20:15
11:20:39,11:20:39,8.36,--,524,438063,卖盘,2017-06-26,2017-06-26 11:20:39
11:20:57,11:20:57,8.36,--,5,4180,卖盘,2017-06-26,2017-06-26 11:20:57
11:21:06,11:21:06,8.36,--,18,15047,卖盘,2017-06-26,2017-06-26 11:21:06
11:21:57,11:21:57,8.36,--,1,836,卖盘,2017-06-26,2017-06-26 11:21:57
11:22:09,11:22:09,8.36,--,10,8360,卖盘,2017-06-26,2017-06-26 11:22:09
11:22:42,11:22:42,8.36,--,8,6688,卖盘,2017-06-26,2017-06-26 11:22:42
11:22:45,11:22:45,8.36,--,46,38456,卖盘,2017-06-26,2017-06-26 11:22:45
11:23:15,11:23:15,8.36,--,30,25080,卖盘,2017-06-26,2017-06-26 11:23:15
11:23:24,11:23:24,8.36,--,10,8360,卖盘,2017-06-26,2017-06-26 11:23:24
11:23:36,11:23:36,8.36,--,2,1672,卖盘,2017-06-26,2017-06-26 11:23:36
11:24:12,11:24:12,8.36,--,1,836,卖盘,2017-06-26,2017-06-26 11:24:12
11:25:27,11:25:27,8.36,--,1,836,卖盘,2017-06-26,2017-06-26 11:25:27
11:26:03,11:26:03,8.36,--,100,83600,卖盘,2017-06-26,2017-06-26 11:26:03
11:27:03,11:27:03,8.36,--,3,2508,卖盘,2017-06-26,2017-06-26 11:27:03
11:27:09,11:27:09,8.36,--,30,25080,卖盘,2017-06-26,2017-06-26 11:27:09
11:27:15,11:27:15,8.36,--,15,12540,卖盘,2017-06-26,2017-06-26 11:27:15
11:27:39,11:27:39,8.36,--,20,16720,卖盘,2017-06-26,2017-06-26 11:27:39
11:28:12,11:28:12,8.36,--,300,250799,卖盘,2017-06-26,2017-06-26 11:28:12
11:29:18,11:29:18,8.36,--,150,125399,卖盘,2017-06-26,2017-06-26 11:29:18
11:29:27,11:29:27,8.36,--,17,14211,卖盘,2017-06-26,2017-06-26 11:29:27
11:30:03,11:30:03,8.36,--,0,0,卖盘,2017-06-26,2017-06-26 11:30:03
13:00:03,13:00:03,8.36,--,123,102828,卖盘,2017-06-26,2017-06-26 13:00:03
13:00:06,13:00:06,8.36,--,603,504107,卖盘,2017-06-26,2017-06-26 13:00:06
13:00:09,13:00:09,8.36,--,28,23408,卖盘,2017-06-26,2017-06-26 13:00:09
13:00:21,13:00:21,8.36,--,100,83600,卖盘,2017-06-26,2017-06-26 13:00:21
13:00:42,13:00:42,8.36,--,15,12540,卖盘,2017-06-26,2017-06-26 13:00:42
13:00:57,13:00:57,8.36,--,20,16720,卖盘,2017-06-26,2017-06-26 13:00:57
13:01:09,13:01:09,8.36,--,8,6688,卖盘,2017-06-26,2017-06-26 13:01:09
13:03:00,13:03:00,8.36,--,29,24244,卖盘,2017-06-26,2017-06-26 13:03:00
13:03:36,13:03:36,8.36,--,5,4180,卖盘,2017-06-26,2017-06-26 13:03:36
13:03:57,13:03:57,8.36,--,10,8360,卖盘,2017-06-26,2017-06-26 13:03:57
13:04:30,13:04:30,8.36,--,13,10868,卖盘,2017-06-26,2017-06-26 13:04:30
13:05:09,13:05:09,8.36,--,3,2508,卖盘,2017-06-26,2017-06-26 13:05:09
13:05:21,13:05:21,8.36,--,10,8360,卖盘,2017-06-26,2017-06-26 13:05:21
13:07:30,13:07:30,8.36,--,10,8360,卖盘,2017-06-26,2017-06-26 13:07:30
13:07:39,13:07:39,8.36,--,50,41800,卖盘,2017-06-26,2017-06-26 13:07:39
13:08:09,13:08:09,8.36,--,3,2508,卖盘,2017-06-26,2017-06-26 13:08:09
13:08:12,13:08:12,8.36,--,45,37620,卖盘,2017-06-26,2017-06-26 13:08:12
13:08:21,13:08:21,8.36,--,20,16720,卖盘,2017-06-26,2017-06-26 13:08:21
13:08:39,13:08:39,8.36,--,1,836,卖盘,2017-06-26,2017-06-26 13:08:39
13:09:21,13:09:21,8.36,--,24,20064,卖盘,2017-06-26,2017-06-26 13:09:21
13:09:39,13:09:39,8.36,--,94,78584,卖盘,2017-06-26,2017-06-26 13:09:39
13:09:42,13:09:42,8.36,--,20,16720,卖盘,2017-06-26,2017-06-26 13:09:42
13:09:54,13:09:54,8.36,--,5,4180,卖盘,2017-06-26,2017-06-26 13:09:54
13:09:57,13:09:57,8.36,--,376,314336,卖盘,2017-06-26,2017-06-26 13:09:57
13:10:09,13:10:09,8.36,--,31,25916,卖盘,2017-06-26,2017-06-26 13:10:09
13:10:39,13:10:39,8.36,--,1,836,卖盘,2017-06-26,2017-06-26 13:10:39
13:11:18,13:11:18,8.36,--,6,5016,卖盘,2017-06-26,2017-06-26 13:11:18
13:11:21,13:11:21,8.36,--,32,26752,卖盘,2017-06-26,2017-06-26 13:11:21
13:11:39,13:11:39,8.36,--,30,25080,卖盘,2017-06-26,2017-06-26 13:11:39
13:11:51,13:11:51,8.36,--,10,8360,卖盘,2017-06-26,2017-06-26 13:11:51
13:12:42,13:12:42,8.36,--,16,13376,卖盘,2017-06-26,2017-06-26 13:12:42
13:12:48,13:12:48,8.36,--,6,5016,卖盘,2017-06-26,2017-06-26 13:12:48
13:13:15,13:13:15,8.36,--,6,5016,卖盘,2017-06-26,2017-06-26 13:13:15
13:13:27,13:13:27,8.36,--,9,7523,卖盘,2017-06-26,2017-06-26 13:13:27
13:14:03,13:14:03,8.36,--,56,46816,卖盘,2017-06-26,2017-06-26 13:14:03
13:14:45,13:14:45,8.36,--,52,43472,卖盘,2017-06-26,2017-06-26 13:14:45
13:14:51,13:14:51,8.36,--,2,1672,卖盘,2017-06-26,2017-06-26 13:14:51
13:15:06,13:15:06,8.36,--,2,2457,卖盘,2017-06-26,2017-06-26 13:15:06
13:15:09,13:15:09,8.36,--,6,5016,卖盘,2017-06-26,2017-06-26 13:15:09
13:15:36,13:15:36,8.36,--,1,836,卖盘,2017-06-26,2017-06-26 13:15:36
13:15:57,13:15:57,8.36,--,4,3344,卖盘,2017-06-26,2017-06-26 13:15:57
13:16:12,13:16:12,8.36,--,26,21736,卖盘,2017-06-26,2017-06-26 13:16:12
13:16:27,13:16:27,8.36,--,10,8360,卖盘,2017-06-26,2017-06-26 13:16:27
13:16:54,13:16:54,8.36,--,10,8360,卖盘,2017-06-26,2017-06-26 13:16:54
13:17:21,13:17:21,8.36,--,50,41800,卖盘,2017-06-26,2017-06-26 13:17:21
13:18:36,13:18:36,8.36,--,500,418000,卖盘,2017-06-26,2017-06-26 13:18:36
13:18:57,13:18:57,8.36,--,38,31767,卖盘,2017-06-26,2017-06-26 13:18:57
13:19:12,13:19:12,8.36,--,15,12540,卖盘,2017-06-26,2017-06-26 13:19:12
13:19:45,13:19:45,8.36,--,24,20064,卖盘,2017-06-26,2017-06-26 13:19:45
13:20:03,13:20:03,8.36,--,2,1672,卖盘,2017-06-26,2017-06-26 13:20:03
13:21:15,13:21:15,8.36,--,60,50160,卖盘,2017-06-26,2017-06-26 13:21:15
13:21:18,13:21:18,8.36,--,1,836,卖盘,2017-06-26,2017-06-26 13:21:18
13:22:18,13:22:18,8.36,--,44,36784,卖盘,2017-06-26,2017-06-26 13:22:18
13:22:21,13:22:21,8.36,--,6,5016,卖盘,2017-06-26,2017-06-26 13:22:21
13:22:36,13:22:36,8.36,--,8,6688,卖盘,2017-06-26,2017-06-26 13:22:36
13:22:48,13:22:48,8.36,--,2,1672,卖盘,2017-06-26,2017-06-26 13:22:48
13:23:33,13:23:33,8.36,--,6,5016,卖盘,2017-06-26,2017-06-26 13:23:33
13:24:00,13:24:00,8.36,--,30,25080,卖盘,2017-06-26,2017-06-26 13:24:00
13:24:24,13:24:24,8.36,--,2,1672,卖盘,2017-06-26,2017-06-26 13:24:24
13:25:36,13:25:36,8.36,--,2,1672,卖盘,2017-06-26,2017-06-26 13:25:36
13:25:57,13:25:57,8.36,--,2,1672,卖盘,2017-06-26,2017-06-26 13:25:57
13:26:21,13:26:21,8.36,--,24,20064,卖盘,2017-06-26,2017-06-26 13:26:21
13:26:24,13:26:24,8.36,--,26,21736,卖盘,2017-06-26,2017-06-26 13:26:24
13:26:48,13:26:48,8.36,--,60,50160,卖盘,2017-06-26,2017-06-26 13:26:48
13:27:00,13:27:00,8.36,--,40,33440,卖盘,2017-06-26,2017-06-26 13:27:00
13:27:42,13:27:42,8.36,--,2,2474,卖盘,2017-06-26,2017-06-26 13:27:42
13:28:15,13:28:15,8.36,--,40,33440,卖盘,2017-06-26,2017-06-26 13:28:15
13:28:27,13:28:27,8.36,--,30,25080,卖盘,2017-06-26,2017-06-26 13:28:27
13:29:18,13:29:18,8.36,--,20,16720,卖盘,2017-06-26,2017-06-26 13:29:18
13:29:30,13:29:30,8.36,--,44,36784,卖盘,2017-06-26,2017-06-26 13:29:30
13:29:45,13:29:45,8.36,--,12,10032,卖盘,2017-06-26,2017-06-26 13:29:45
13:30:21,13:30:21,8.36,--,19,15883,卖盘,2017-06-26,2017-06-26 13:30:21
13:30:27,13:30:27,8.36,--,1,836,卖盘,2017-06-26,2017-06-26 13:30:27
13:30:39,13:30:39,8.36,--,30,25080,卖盘,2017-06-26,2017-06-26 13:30:39
13:30:51,13:30:51,8.36,--,5,4180,卖盘,2017-06-26,2017-06-26 13:30:51
13:31:18,13:31:18,8.36,--,60,50160,卖盘,2017-06-26,2017-06-26 13:31:18
13:31:21,13:31:21,8.36,--,3,2508,卖盘,2017-06-26,2017-06-26 13:31:21
13:32:09,13:32:09,8.36,--,8,6688,卖盘,2017-06-26,2017-06-26 13:32:09
13:32:33,13:32:33,8.36,--,1,836,卖盘,2017-06-26,2017-06-26 13:32:33
13:32:36,13:32:36,8.36,--,50,41800,卖盘,2017-06-26,2017-06-26 13:32:36
13:32:57,13:32:57,8.36,--,1,836,卖盘,2017-06-26,2017-06-26 13:32:57
13:33:12,13:33:12,8.36,--,5,4180,卖盘,2017-06-26,2017-06-26 13:33:12
13:33:42,13:33:42,8.36,--,70,58519,卖盘,2017-06-26,2017-06-26 13:33:42
13:33:48,13:33:48,8.36,--,1,836,卖盘,2017-06-26,2017-06-26 13:33:48
13:35:03,13:35:03,8.36,--,15,12540,卖盘,2017-06-26,2017-06-26 13:35:03
13:35:06,13:35:06,8.36,--,5,4180,卖盘,2017-06-26,2017-06-26 13:35:06
13:35:12,13:35:12,8.36,--,1,836,卖盘,2017-06-26,2017-06-26 13:35:12
13:35:24,13:35:24,8.36,--,10,8360,卖盘,2017-06-26,2017-06-26 13:35:24
13:35:27,13:35:27,8.36,--,1,836,卖盘,2017-06-26,2017-06-26 13:35:27
13:35:30,13:35:30,8.36,--,8,6688,卖盘,2017-06-26,2017-06-26 13:35:30
13:36:21,13:36:21,8.36,--,5,4180,卖盘,2017-06-26,2017-06-26 13:36:21
13:36:24,13:36:24,8.36,--,50,41800,卖盘,2017-06-26,2017-06-26 13:36:24
13:36:39,13:36:39,8.36,--,5,4180,卖盘,2017-06-26,2017-06-26 13:36:39
13:36:42,13:36:42,8.36,--,1,836,卖盘,2017-06-26,2017-06-26 13:36:42
13:37:09,13:37:09,8.36,--,20,16720,卖盘,2017-06-26,2017-06-26 13:37:09
13:37:15,13:37:15,8.36,--,8,6688,卖盘,2017-06-26,2017-06-26 13:37:15
13:37:21,13:37:21,8.36,--,10,8360,卖盘,2017-06-26,2017-06-26 13:37:21
13:37:30,13:37:30,8.36,--,10,8360,卖盘,2017-06-26,2017-06-26 13:37:30
13:39:06,13:39:06,8.36,--,50,41800,卖盘,2017-06-26,2017-06-26 13:39:06
13:39:12,13:39:12,8.36,--,1,836,卖盘,2017-06-26,2017-06-26 13:39:12
13:39:15,13:39:15,8.36,--,7,5852,卖盘,2017-06-26,2017-06-26 13:39:15
13:39:27,13:39:27,8.36,--,15,12540,卖盘,2017-06-26,2017-06-26 13:39:27
13:39:36,13:39:36,8.36,--,1,836,卖盘,2017-06-26,2017-06-26 13:39:36
13:39:48,13:39:48,8.36,--,7,5852,卖盘,2017-06-26,2017-06-26 13:39:48
13:40:42,13:40:42,8.36,--,56,46816,卖盘,2017-06-26,2017-06-26 13:40:42
13:40:51,13:40:51,8.36,--,1,836,卖盘,2017-06-26,2017-06-26 13:40:51
13:42:48,13:42:48,8.36,--,20,16720,卖盘,2017-06-26,2017-06-26 13:42:48
13:45:00,13:45:00,8.36,--,4,3344,卖盘,2017-06-26,2017-06-26 13:45:00
13:45:18,13:45:18,8.36,--,10,8360,卖盘,2017-06-26,2017-06-26 13:45:18
13:45:27,13:45:27,8.36,--,1,836,卖盘,2017-06-26,2017-06-26 13:45:27
13:46:03,13:46:03,8.36,--,35,29259,卖盘,2017-06-26,2017-06-26 13:46:03
13:46:09,13:46:09,8.36,--,5,4180,卖盘,2017-06-26,2017-06-26 13:46:09
13:46:45,13:46:45,8.36,--,54,45144,卖盘,2017-06-26,2017-06-26 13:46:45
13:46:57,13:46:57,8.36,--,120,100320,卖盘,2017-06-26,2017-06-26 13:46:57
13:47:00,13:47:00,8.36,--,37,30931,卖盘,2017-06-26,2017-06-26 13:47:00
13:47:06,13:47:06,8.36,--,5,4180,卖盘,2017-06-26,2017-06-26 13:47:06
13:47:39,13:47:39,8.36,--,10,8360,卖盘,2017-06-26,2017-06-26 13:47:39
13:48:24,13:48:24,8.36,--,4,3344,卖盘,2017-06-26,2017-06-26 13:48:24
13:48:54,13:48:54,8.36,--,21,17556,卖盘,2017-06-26,2017-06-26 13:48:54
13:49:00,13:49:00,8.36,--,100,83600,卖盘,2017-06-26,2017-06-26 13:49:00
13:49:12,13:49:12,8.36,--,2,1672,卖盘,2017-06-26,2017-06-26 13:49:12
13:49:18,13:49:18,8.36,--,1,836,卖盘,2017-06-26,2017-06-26 13:49:18
13:50:24,13:50:24,8.36,--,50,41800,卖盘,2017-06-26,2017-06-26 13:50:24
13:50:36,13:50:36,8.36,--,20,16720,卖盘,2017-06-26,2017-06-26 13:50:36
13:50:48,13:50:48,8.36,--,10,8360,卖盘,2017-06-26,2017-06-26 13:50:48
13:50:54,13:50:54,8.36,--,1,836,卖盘,2017-06-26,2017-06-26 13:50:54
13:50:57,13:50:57,8.36,--,31,25916,卖盘,2017-06-26,2017-06-26 13:50:57
13:51:18,13:51:18,8.36,--,1,836,卖盘,2017-06-26,2017-06-26 13:51:18
13:51:21,13:51:21,8.36,--,10,8360,卖盘,2017-06-26,2017-06-26 13:51:21
13:51:36,13:51:36,8.36,--,5,4180,卖盘,2017-06-26,2017-06-26 13:51:36
13:51:42,13:51:42,8.36,--,1,836,卖盘,2017-06-26,2017-06-26 13:51:42
13:52:27,13:52:27,8.36,--,4,3344,卖盘,2017-06-26,2017-06-26 13:52:27
13:53:57,13:53:57,8.36,--,10,8360,卖盘,2017-06-26,2017-06-26 13:53:57
13:54:21,13:54:21,8.36,--,326,272536,卖盘,2017-06-26,2017-06-26 13:54:21
13:54:39,13:54:39,8.36,--,13,10868,卖盘,2017-06-26,2017-06-26 13:54:39
13:55:21,13:55:21,8.36,--,10,8360,卖盘,2017-06-26,2017-06-26 13:55:21
13:56:03,13:56:03,8.36,--,120,100320,卖盘,2017-06-26,2017-06-26 13:56:03
13:56:06,13:56:06,8.36,--,10,8360,卖盘,2017-06-26,2017-06-26 13:56:06
13:56:24,13:56:24,8.36,--,3,2508,卖盘,2017-06-26,2017-06-26 13:56:24
13:57:21,13:57:21,8.36,--,40,33440,卖盘,2017-06-26,2017-06-26 13:57:21
13:57:45,13:57:45,8.36,--,30,25080,卖盘,2017-06-26,2017-06-26 13:57:45
13:58:09,13:58:09,8.36,--,8,6688,卖盘,2017-06-26,2017-06-26 13:58:09
13:58:54,13:58:54,8.36,--,50,41800,卖盘,2017-06-26,2017-06-26 13:58:54
13:59:12,13:59:12,8.36,--,20,16720,卖盘,2017-06-26,2017-06-26 13:59:12
13:59:15,13:59:15,8.36,--,80,66880,卖盘,2017-06-26,2017-06-26 13:59:15
13:59:39,13:59:39,8.36,--,2,1672,卖盘,2017-06-26,2017-06-26 13:59:39
14:00:15,14:00:15,8.36,--,20,16720,卖盘,2017-06-26,2017-06-26 14:00:15
14:00:51,14:00:51,8.36,--,1,836,卖盘,2017-06-26,2017-06-26 14:00:51
14:01:06,14:01:06,8.36,--,10,8360,卖盘,2017-06-26,2017-06-26 14:01:06
14:01:45,14:01:45,8.36,--,1,836,卖盘,2017-06-26,2017-06-26 14:01:45
14:03:03,14:03:03,8.36,--,23,19228,卖盘,2017-06-26,2017-06-26 14:03:03
14:03:24,14:03:24,8.36,--,1,836,卖盘,2017-06-26,2017-06-26 14:03:24
14:03:27,14:03:27,8.36,--,19,15883,卖盘,2017-06-26,2017-06-26 14:03:27
14:04:06,14:04:06,8.36,--,1,836,卖盘,2017-06-26,2017-06-26 14:04:06
14:04:15,14:04:15,8.36,--,20,16720,卖盘,2017-06-26,2017-06-26 14:04:15
14:04:27,14:04:27,8.36,--,10,8360,卖盘,2017-06-26,2017-06-26 14:04:27
14:04:39,14:04:39,8.36,--,11,9196,卖盘,2017-06-26,2017-06-26 14:04:39
14:05:15,14:05:15,8.36,--,9,7523,卖盘,2017-06-26,2017-06-26 14:05:15
14:05:24,14:05:24,8.36,--,15,12540,卖盘,2017-06-26,2017-06-26 14:05:24
14:05:39,14:05:39,8.36,--,10,8360,卖盘,2017-06-26,2017-06-26 14:05:39
14:05:51,14:05:51,8.36,--,1,836,卖盘,2017-06-26,2017-06-26 14:05:51
14:05:54,14:05:54,8.36,--,1,836,卖盘,2017-06-26,2017-06-26 14:05:54
14:06:03,14:06:03,8.36,--,5,4180,卖盘,2017-06-26,2017-06-26 14:06:03
14:06:18,14:06:18,8.36,--,10,8360,卖盘,2017-06-26,2017-06-26 14:06:18
14:06:21,14:06:21,8.36,--,20,16720,卖盘,2017-06-26,2017-06-26 14:06:21
14:06:36,14:06:36,8.36,--,40,33440,卖盘,2017-06-26,2017-06-26 14:06:36
14:06:42,14:06:42,8.36,--,1,836,卖盘,2017-06-26,2017-06-26 14:06:42
14:06:48,14:06:48,8.36,--,1,1086,卖盘,2017-06-26,2017-06-26 14:06:48
14:07:00,14:07:00,8.36,--,20,16720,卖盘,2017-06-26,2017-06-26 14:07:00
14:07:09,14:07:09,8.36,--,1,836,卖盘,2017-06-26,2017-06-26 14:07:09
14:07:15,14:07:15,8.36,--,10,8360,卖盘,2017-06-26,2017-06-26 14:07:15
14:07:24,14:07:24,8.36,--,6,5016,卖盘,2017-06-26,2017-06-26 14:07:24
14:07:39,14:07:39,8.36,--,10,8360,卖盘,2017-06-26,2017-06-26 14:07:39
14:07:42,14:07:42,8.36,--,1,836,卖盘,2017-06-26,2017-06-26 14:07:42
14:08:24,14:08:24,8.36,--,30,25080,卖盘,2017-06-26,2017-06-26 14:08:24
14:08:27,14:08:27,8.36,--,5,4180,卖盘,2017-06-26,2017-06-26 14:08:27
14:08:30,14:08:30,8.36,--,5,4180,卖盘,2017-06-26,2017-06-26 14:08:30
14:08:48,14:08:48,8.36,--,1,836,卖盘,2017-06-26,2017-06-26 14:08:48
14:08:54,14:08:54,8.36,--,1,836,卖盘,2017-06-26,2017-06-26 14:08:54
14:09:30,14:09:30,8.36,--,1,836,卖盘,2017-06-26,2017-06-26 14:09:30
14:09:39,14:09:39,8.36,--,5,4180,卖盘,2017-06-26,2017-06-26 14:09:39
14:09:48,14:09:48,8.36,--,11,9196,卖盘,2017-06-26,2017-06-26 14:09:48
14:09:51,14:09:51,8.36,--,20,16720,卖盘,2017-06-26,2017-06-26 14:09:51
14:10:03,14:10:03,8.36,--,1,836,卖盘,2017-06-26,2017-06-26 14:10:03
14:12:21,14:12:21,8.36,--,140,117039,卖盘,2017-06-26,2017-06-26 14:12:21
14:12:33,14:12:33,8.36,--,3,2508,卖盘,2017-06-26,2017-06-26 14:12:33
14:12:39,14:12:39,8.36,--,12,10032,卖盘,2017-06-26,2017-06-26 14:12:39
14:12:48,14:12:48,8.36,--,20,16720,卖盘,2017-06-26,2017-06-26 14:12:48
14:13:42,14:13:42,8.36,--,3,2508,卖盘,2017-06-26,2017-06-26 14:13:42
14:14:03,14:14:03,8.36,--,16,13376,卖盘,2017-06-26,2017-06-26 14:14:03
14:14:15,14:14:15,8.36,--,1,836,卖盘,2017-06-26,2017-06-26 14:14:15
