idx_time,time,price,change,volume,amount,type,date,date_time
09:25:03,09:25:03,8.68,8.68,8198,7115864,买盘,2017-06-29,2017-06-29 09:25:03
09:30:03,09:30:03,8.65,-0.03,1860,1608900,卖盘,2017-06-29,2017-06-29 09:30:03
09:30:06,09:30:06,8.63,-0.02,7838,6764194,卖盘,2017-06-29,2017-06-29 09:30:06
09:30:09,09:30:09,8.7,0.07,540,469799,买盘,2017-06-29,2017-06-29 09:30:09
09:30:12,09:30:12,8.7,--,309,268830,买盘,2017-06-29,2017-06-29 09:30:12
09:30:15,09:30:15,8.7,--,355,308850,买盘,2017-06-29,2017-06-29 09:30:15
09:30:18,09:30:18,8.68,-0.02,248,215264,卖盘,2017-06-29,2017-06-29 09:30:18
09:30:21,09:30:21,8.69,0.01,559,485771,买盘,2017-06-29,2017-06-29 09:30:21
09:30:24,09:30:24,8.69,--,594,516185,买盘,2017-06-29,2017-06-29 09:30:24
09:30:27,09:30:27,8.66,-0.03,614,531724,卖盘,2017-06-29,2017-06-29 09:30:27
09:30:30,09:30:30,8.67,0.01,1072,929424,中性盘,2017-06-29,2017-06-29 09:30:30
09:30:33,09:30:33,8.68,0.01,446,387128,买盘,2017-06-29,2017-06-29 09:30:33
09:30:36,09:30:36,8.68,--,279,242172,买盘,2017-06-29,2017-06-29 09:30:36
09:30:39,09:30:39,8.66,-0.02,339,293574,中性盘,2017-06-29,2017-06-29 09:30:39
09:30:42,09:30:42,8.63,-0.03,304,262352,卖盘,2017-06-29,2017-06-29 09:30:42
09:30:45,09:30:45,8.64,0.01,284,245376,中性盘,2017-06-29,2017-06-29 09:30:45
09:30:48,09:30:48,8.66,0.02,266,230356,买盘,2017-06-29,2017-06-29 09:30:48
09:30:51,09:30:51,8.63,-0.03,108,93204,卖盘,2017-06-29,2017-06-29 09:30:51
09:30:54,09:30:54,8.67,0.04,1081,937227,买盘,2017-06-29,2017-06-29 09:30:54
09:30:57,09:30:57,8.65,-0.02,477,412605,中性盘,2017-06-29,2017-06-29 09:30:57
09:31:00,09:31:00,8.61,-0.04,536,461495,卖盘,2017-06-29,2017-06-29 09:31:00
09:31:03,09:31:03,8.61,--,686,590646,卖盘,2017-06-29,2017-06-29 09:31:03
09:31:06,09:31:06,8.65,0.04,238,205870,买盘,2017-06-29,2017-06-29 09:31:06
09:31:09,09:31:09,8.62,-0.03,83,71546,中性盘,2017-06-29,2017-06-29 09:31:09
09:31:12,09:31:12,8.68,0.06,941,816788,买盘,2017-06-29,2017-06-29 09:31:12
09:31:15,09:31:15,8.64,-0.04,188,162432,中性盘,2017-06-29,2017-06-29 09:31:15
09:31:18,09:31:18,8.63,-0.01,101,87163,卖盘,2017-06-29,2017-06-29 09:31:18
09:31:21,09:31:21,8.64,0.01,127,109728,买盘,2017-06-29,2017-06-29 09:31:21
09:31:24,09:31:24,8.66,0.02,166,143756,买盘,2017-06-29,2017-06-29 09:31:24
09:31:27,09:31:27,8.65,-0.01,398,344270,卖盘,2017-06-29,2017-06-29 09:31:27
09:31:30,09:31:30,8.65,--,254,219710,卖盘,2017-06-29,2017-06-29 09:31:30
09:31:33,09:31:33,8.67,0.02,269,233223,买盘,2017-06-29,2017-06-29 09:31:33
09:31:36,09:31:36,8.66,-0.01,93,80538,中性盘,2017-06-29,2017-06-29 09:31:36
09:31:39,09:31:39,8.65,-0.01,281,243065,卖盘,2017-06-29,2017-06-29 09:31:39
09:31:42,09:31:42,8.64,-0.01,85,73440,卖盘,2017-06-29,2017-06-29 09:31:42
09:31:45,09:31:45,8.65,0.01,136,117640,买盘,2017-06-29,2017-06-29 09:31:45
09:31:48,09:31:48,8.61,-0.04,487,419307,卖盘,2017-06-29,2017-06-29 09:31:48
09:31:51,09:31:51,8.63,0.02,299,258037,买盘,2017-06-29,2017-06-29 09:31:51
09:31:54,09:31:54,8.63,--,284,245092,买盘,2017-06-29,2017-06-29 09:31:54
09:31:57,09:31:57,8.61,-0.02,114,98154,卖盘,2017-06-29,2017-06-29 09:31:57
09:32:00,09:32:00,8.61,--,360,309960,卖盘,2017-06-29,2017-06-29 09:32:00
09:32:03,09:32:03,8.6,-0.01,846,727560,卖盘,2017-06-29,2017-06-29 09:32:03
09:32:06,09:32:06,8.6,--,70,60200,买盘,2017-06-29,2017-06-29 09:32:06
09:32:09,09:32:09,8.59,-0.01,49,42091,卖盘,2017-06-29,2017-06-29 09:32:09
09:32:12,09:32:12,8.59,--,357,306663,卖盘,2017-06-29,2017-06-29 09:32:12
09:32:15,09:32:15,8.59,--,748,642532,买盘,2017-06-29,2017-06-29 09:32:15
09:32:18,09:32:18,8.56,-0.03,122,104432,卖盘,2017-06-29,2017-06-29 09:32:18
09:32:21,09:32:21,8.55,-0.01,9,7695,卖盘,2017-06-29,2017-06-29 09:32:21
09:32:24,09:32:24,8.55,--,39,33345,卖盘,2017-06-29,2017-06-29 09:32:24
09:32:27,09:32:27,8.55,--,233,199215,卖盘,2017-06-29,2017-06-29 09:32:27
09:32:30,09:32:30,8.55,--,246,210330,买盘,2017-06-29,2017-06-29 09:32:30
09:32:33,09:32:33,8.54,-0.01,453,386861,卖盘,2017-06-29,2017-06-29 09:32:33
09:32:36,09:32:36,8.55,0.01,380,324900,买盘,2017-06-29,2017-06-29 09:32:36
09:32:39,09:32:39,8.53,-0.02,696,593688,卖盘,2017-06-29,2017-06-29 09:32:39
09:32:42,09:32:42,8.55,0.02,697,595935,买盘,2017-06-29,2017-06-29 09:32:42
09:32:45,09:32:45,8.55,--,650,555750,卖盘,2017-06-29,2017-06-29 09:32:45
09:32:48,09:32:48,8.55,--,926,791730,卖盘,2017-06-29,2017-06-29 09:32:48
09:32:51,09:32:51,8.55,--,585,500175,卖盘,2017-06-29,2017-06-29 09:32:51
09:32:54,09:32:54,8.55,--,449,383895,买盘,2017-06-29,2017-06-29 09:32:54
09:32:57,09:32:57,8.55,--,582,497610,买盘,2017-06-29,2017-06-29 09:32:57
09:33:00,09:33:00,8.54,-0.01,721,615733,卖盘,2017-06-29,2017-06-29 09:33:00
09:33:03,09:33:03,8.54,--,894,763475,卖盘,2017-06-29,2017-06-29 09:33:03
09:33:06,09:33:06,8.59,0.05,493,423487,买盘,2017-06-29,2017-06-29 09:33:06
09:33:09,09:33:09,8.57,-0.02,219,187683,卖盘,2017-06-29,2017-06-29 09:33:09
09:33:12,09:33:12,8.56,-0.01,373,320024,卖盘,2017-06-29,2017-06-29 09:33:12
09:33:15,09:33:15,8.58,0.02,123,105534,中性盘,2017-06-29,2017-06-29 09:33:15
09:33:18,09:33:18,8.58,--,594,509652,卖盘,2017-06-29,2017-06-29 09:33:18
09:33:21,09:33:21,8.57,-0.01,79,67703,买盘,2017-06-29,2017-06-29 09:33:21
09:33:24,09:33:24,8.59,0.02,1590,1365810,买盘,2017-06-29,2017-06-29 09:33:24
09:33:27,09:33:27,8.6,0.01,145,124700,买盘,2017-06-29,2017-06-29 09:33:27
09:33:30,09:33:30,8.59,-0.01,90,77310,卖盘,2017-06-29,2017-06-29 09:33:30
09:33:33,09:33:33,8.58,-0.01,92,78936,卖盘,2017-06-29,2017-06-29 09:33:33
09:33:36,09:33:36,8.62,0.04,77,66374,买盘,2017-06-29,2017-06-29 09:33:36
09:33:39,09:33:39,8.61,-0.01,111,95571,卖盘,2017-06-29,2017-06-29 09:33:39
09:33:42,09:33:42,8.61,--,169,145509,卖盘,2017-06-29,2017-06-29 09:33:42
09:33:45,09:33:45,8.62,0.01,359,309458,买盘,2017-06-29,2017-06-29 09:33:45
09:33:48,09:33:48,8.61,-0.01,428,368508,卖盘,2017-06-29,2017-06-29 09:33:48
09:33:51,09:33:51,8.63,0.02,227,195901,买盘,2017-06-29,2017-06-29 09:33:51
09:33:54,09:33:54,8.59,-0.04,715,614185,卖盘,2017-06-29,2017-06-29 09:33:54
09:33:57,09:33:57,8.61,0.02,76,65435,买盘,2017-06-29,2017-06-29 09:33:57
09:34:00,09:34:00,8.62,0.01,107,92233,买盘,2017-06-29,2017-06-29 09:34:00
09:34:03,09:34:03,8.62,--,526,453411,买盘,2017-06-29,2017-06-29 09:34:03
09:34:06,09:34:06,8.61,-0.01,188,161868,中性盘,2017-06-29,2017-06-29 09:34:06
09:34:09,09:34:09,8.61,--,171,147231,买盘,2017-06-29,2017-06-29 09:34:09
09:34:12,09:34:12,8.6,-0.01,88,75680,卖盘,2017-06-29,2017-06-29 09:34:12
09:34:15,09:34:15,8.61,0.01,47,40467,买盘,2017-06-29,2017-06-29 09:34:15
09:34:18,09:34:18,8.6,-0.01,266,228760,卖盘,2017-06-29,2017-06-29 09:34:18
09:34:21,09:34:21,8.6,--,181,155660,卖盘,2017-06-29,2017-06-29 09:34:21
09:34:24,09:34:24,8.61,0.01,63,54243,买盘,2017-06-29,2017-06-29 09:34:24
09:34:27,09:34:27,8.6,-0.01,150,129000,卖盘,2017-06-29,2017-06-29 09:34:27
09:34:30,09:34:30,8.6,--,143,122980,卖盘,2017-06-29,2017-06-29 09:34:30
09:34:33,09:34:33,8.6,--,94,80840,买盘,2017-06-29,2017-06-29 09:34:33
09:34:36,09:34:36,8.58,-0.02,134,114972,卖盘,2017-06-29,2017-06-29 09:34:36
09:34:39,09:34:39,8.6,0.02,647,556420,买盘,2017-06-29,2017-06-29 09:34:39
09:34:42,09:34:42,8.58,-0.02,559,479622,卖盘,2017-06-29,2017-06-29 09:34:42
09:34:45,09:34:45,8.59,0.01,49,42091,买盘,2017-06-29,2017-06-29 09:34:45
09:34:48,09:34:48,8.58,-0.01,551,472758,卖盘,2017-06-29,2017-06-29 09:34:48
09:34:51,09:34:51,8.57,-0.01,2208,1892256,卖盘,2017-06-29,2017-06-29 09:34:51
09:34:54,09:34:54,8.58,0.01,17,14586,中性盘,2017-06-29,2017-06-29 09:34:54
09:34:57,09:34:57,8.58,--,145,124410,买盘,2017-06-29,2017-06-29 09:34:57
09:35:00,09:35:00,8.57,-0.01,320,274240,卖盘,2017-06-29,2017-06-29 09:35:00
09:35:03,09:35:03,8.58,0.01,744,638352,买盘,2017-06-29,2017-06-29 09:35:03
09:35:06,09:35:06,8.58,--,251,215358,卖盘,2017-06-29,2017-06-29 09:35:06
09:35:09,09:35:09,8.59,0.01,64,54976,中性盘,2017-06-29,2017-06-29 09:35:09
09:35:12,09:35:12,8.59,--,326,280034,卖盘,2017-06-29,2017-06-29 09:35:12
09:35:15,09:35:15,8.6,0.01,40,34400,买盘,2017-06-29,2017-06-29 09:35:15
09:35:18,09:35:18,8.61,0.01,198,170478,买盘,2017-06-29,2017-06-29 09:35:18
09:35:21,09:35:21,8.6,-0.01,92,79120,卖盘,2017-06-29,2017-06-29 09:35:21
09:35:24,09:35:24,8.61,0.01,186,160146,买盘,2017-06-29,2017-06-29 09:35:24
09:35:27,09:35:27,8.61,--,184,158424,买盘,2017-06-29,2017-06-29 09:35:27
09:35:30,09:35:30,8.61,--,100,86100,卖盘,2017-06-29,2017-06-29 09:35:30
09:35:33,09:35:33,8.61,--,118,101598,卖盘,2017-06-29,2017-06-29 09:35:33
09:35:36,09:35:36,8.62,0.01,169,145678,中性盘,2017-06-29,2017-06-29 09:35:36
09:35:39,09:35:39,8.66,0.04,192,166272,买盘,2017-06-29,2017-06-29 09:35:39
09:35:42,09:35:42,8.64,-0.02,387,334368,卖盘,2017-06-29,2017-06-29 09:35:42
09:35:45,09:35:45,8.65,0.01,90,77850,买盘,2017-06-29,2017-06-29 09:35:45
09:35:48,09:35:48,8.67,0.02,303,262701,买盘,2017-06-29,2017-06-29 09:35:48
09:35:51,09:35:51,8.66,-0.01,257,222562,中性盘,2017-06-29,2017-06-29 09:35:51
09:35:54,09:35:54,8.66,--,106,91796,卖盘,2017-06-29,2017-06-29 09:35:54
09:35:57,09:35:57,8.67,0.01,152,131784,买盘,2017-06-29,2017-06-29 09:35:57
09:36:00,09:36:00,8.65,-0.02,637,551005,卖盘,2017-06-29,2017-06-29 09:36:00
09:36:03,09:36:03,8.67,0.02,115,99705,买盘,2017-06-29,2017-06-29 09:36:03
09:36:06,09:36:06,8.68,0.01,220,190960,买盘,2017-06-29,2017-06-29 09:36:06
09:36:09,09:36:09,8.67,-0.01,882,764694,卖盘,2017-06-29,2017-06-29 09:36:09
09:36:12,09:36:12,8.65,-0.02,852,736980,卖盘,2017-06-29,2017-06-29 09:36:12
09:36:15,09:36:15,8.67,0.02,47,40749,中性盘,2017-06-29,2017-06-29 09:36:15
09:36:18,09:36:18,8.67,--,149,129183,买盘,2017-06-29,2017-06-29 09:36:18
09:36:21,09:36:21,8.67,--,397,344199,买盘,2017-06-29,2017-06-29 09:36:21
09:36:24,09:36:24,8.68,0.01,102,88536,买盘,2017-06-29,2017-06-29 09:36:24
09:36:27,09:36:27,8.66,-0.02,95,82270,卖盘,2017-06-29,2017-06-29 09:36:27
09:36:30,09:36:30,8.65,-0.01,57,49305,卖盘,2017-06-29,2017-06-29 09:36:30
09:36:33,09:36:33,8.67,0.02,192,166464,买盘,2017-06-29,2017-06-29 09:36:33
09:36:36,09:36:36,8.67,--,437,378879,卖盘,2017-06-29,2017-06-29 09:36:36
09:36:39,09:36:39,8.66,-0.01,53,45898,中性盘,2017-06-29,2017-06-29 09:36:39
09:36:42,09:36:42,8.67,0.01,158,136986,买盘,2017-06-29,2017-06-29 09:36:42
09:36:45,09:36:45,8.67,--,78,67626,买盘,2017-06-29,2017-06-29 09:36:45
09:36:48,09:36:48,8.65,-0.02,161,139265,卖盘,2017-06-29,2017-06-29 09:36:48
09:36:51,09:36:51,8.64,-0.01,184,158976,卖盘,2017-06-29,2017-06-29 09:36:51
09:36:54,09:36:54,8.65,0.01,937,810505,买盘,2017-06-29,2017-06-29 09:36:54
09:36:57,09:36:57,8.65,--,725,627125,买盘,2017-06-29,2017-06-29 09:36:57
09:37:00,09:37:00,8.63,-0.02,31,26753,中性盘,2017-06-29,2017-06-29 09:37:00
09:37:03,09:37:03,8.61,-0.02,196,168756,中性盘,2017-06-29,2017-06-29 09:37:03
09:37:06,09:37:06,8.62,0.01,191,164641,买盘,2017-06-29,2017-06-29 09:37:06
09:37:09,09:37:09,8.6,-0.02,106,91160,卖盘,2017-06-29,2017-06-29 09:37:09
09:37:12,09:37:12,8.61,0.01,164,141204,中性盘,2017-06-29,2017-06-29 09:37:12
09:37:15,09:37:15,8.64,0.03,80,69120,买盘,2017-06-29,2017-06-29 09:37:15
09:37:18,09:37:18,8.62,-0.02,49,42237,卖盘,2017-06-29,2017-06-29 09:37:18
09:37:21,09:37:21,8.62,--,124,106887,卖盘,2017-06-29,2017-06-29 09:37:21
09:37:24,09:37:24,8.63,0.01,5,4315,买盘,2017-06-29,2017-06-29 09:37:24
09:37:27,09:37:27,8.62,-0.01,409,352557,卖盘,2017-06-29,2017-06-29 09:37:27
09:37:30,09:37:30,8.62,--,32,27583,卖盘,2017-06-29,2017-06-29 09:37:30
09:37:33,09:37:33,8.63,0.01,359,309817,买盘,2017-06-29,2017-06-29 09:37:33
09:37:36,09:37:36,8.62,-0.01,189,162917,卖盘,2017-06-29,2017-06-29 09:37:36
09:37:39,09:37:39,8.62,--,781,673221,卖盘,2017-06-29,2017-06-29 09:37:39
09:37:42,09:37:42,8.62,--,163,140506,买盘,2017-06-29,2017-06-29 09:37:42
09:37:45,09:37:45,8.61,-0.01,214,184254,卖盘,2017-06-29,2017-06-29 09:37:45
09:37:48,09:37:48,8.62,0.01,91,78442,买盘,2017-06-29,2017-06-29 09:37:48
09:37:51,09:37:51,8.62,--,72,62063,买盘,2017-06-29,2017-06-29 09:37:51
09:37:54,09:37:54,8.6,-0.02,433,372380,卖盘,2017-06-29,2017-06-29 09:37:54
09:37:57,09:37:57,8.62,0.02,208,179295,买盘,2017-06-29,2017-06-29 09:37:57
09:38:00,09:38:00,8.62,--,598,515475,买盘,2017-06-29,2017-06-29 09:38:00
09:38:03,09:38:03,8.61,-0.01,124,106764,买盘,2017-06-29,2017-06-29 09:38:03
09:38:06,09:38:06,8.6,-0.01,515,442900,卖盘,2017-06-29,2017-06-29 09:38:06
09:38:09,09:38:09,8.61,0.01,11,9471,买盘,2017-06-29,2017-06-29 09:38:09
09:38:12,09:38:12,8.6,-0.01,624,536640,卖盘,2017-06-29,2017-06-29 09:38:12
09:38:15,09:38:15,8.6,--,97,83420,买盘,2017-06-29,2017-06-29 09:38:15
09:38:18,09:38:18,8.6,--,72,61920,买盘,2017-06-29,2017-06-29 09:38:18
09:38:21,09:38:21,8.59,-0.01,479,411461,卖盘,2017-06-29,2017-06-29 09:38:21
09:38:24,09:38:24,8.6,0.01,803,690580,买盘,2017-06-29,2017-06-29 09:38:24
09:38:27,09:38:27,8.58,-0.02,158,135564,卖盘,2017-06-29,2017-06-29 09:38:27
09:38:30,09:38:30,8.57,-0.01,156,133692,卖盘,2017-06-29,2017-06-29 09:38:30
09:38:33,09:38:33,8.58,0.01,98,84084,买盘,2017-06-29,2017-06-29 09:38:33
09:38:36,09:38:36,8.58,--,97,83226,买盘,2017-06-29,2017-06-29 09:38:36
09:38:39,09:38:39,8.57,-0.01,59,50563,卖盘,2017-06-29,2017-06-29 09:38:39
09:38:42,09:38:42,8.56,-0.01,237,202872,卖盘,2017-06-29,2017-06-29 09:38:42
09:38:45,09:38:45,8.56,--,127,108712,卖盘,2017-06-29,2017-06-29 09:38:45
09:38:48,09:38:48,8.56,--,188,160928,卖盘,2017-06-29,2017-06-29 09:38:48
09:38:51,09:38:51,8.61,0.05,634,545874,买盘,2017-06-29,2017-06-29 09:38:51
09:38:54,09:38:54,8.58,-0.03,190,163020,卖盘,2017-06-29,2017-06-29 09:38:54
09:38:57,09:38:57,8.57,-0.01,163,139691,卖盘,2017-06-29,2017-06-29 09:38:57
09:39:00,09:39:00,8.57,--,110,94270,卖盘,2017-06-29,2017-06-29 09:39:00
09:39:03,09:39:03,8.57,--,115,98555,卖盘,2017-06-29,2017-06-29 09:39:03
09:39:06,09:39:06,8.57,--,44,37708,卖盘,2017-06-29,2017-06-29 09:39:06
09:39:09,09:39:09,8.6,0.03,100,86000,买盘,2017-06-29,2017-06-29 09:39:09
09:39:12,09:39:12,8.58,-0.02,44,37752,中性盘,2017-06-29,2017-06-29 09:39:12
09:39:15,09:39:15,8.58,--,55,47190,卖盘,2017-06-29,2017-06-29 09:39:15
09:39:18,09:39:18,8.6,0.02,72,61920,买盘,2017-06-29,2017-06-29 09:39:18
09:39:21,09:39:21,8.6,--,46,39560,买盘,2017-06-29,2017-06-29 09:39:21
09:39:24,09:39:24,8.59,-0.01,25,21475,中性盘,2017-06-29,2017-06-29 09:39:24
09:39:27,09:39:27,8.6,0.01,180,154800,买盘,2017-06-29,2017-06-29 09:39:27
09:39:30,09:39:30,8.58,-0.02,66,56628,卖盘,2017-06-29,2017-06-29 09:39:30
09:39:33,09:39:33,8.59,0.01,55,47245,中性盘,2017-06-29,2017-06-29 09:39:33
09:39:36,09:39:36,8.59,--,38,32642,卖盘,2017-06-29,2017-06-29 09:39:36
09:39:39,09:39:39,8.61,0.02,120,103320,买盘,2017-06-29,2017-06-29 09:39:39
09:39:42,09:39:42,8.6,-0.01,126,108360,卖盘,2017-06-29,2017-06-29 09:39:42
09:39:45,09:39:45,8.6,--,415,356900,卖盘,2017-06-29,2017-06-29 09:39:45
09:39:48,09:39:48,8.6,--,34,29240,卖盘,2017-06-29,2017-06-29 09:39:48
09:39:51,09:39:51,8.6,--,267,229620,卖盘,2017-06-29,2017-06-29 09:39:51
09:39:54,09:39:54,8.59,-0.01,312,268008,卖盘,2017-06-29,2017-06-29 09:39:54
09:39:57,09:39:57,8.59,--,43,36937,买盘,2017-06-29,2017-06-29 09:39:57
09:40:00,09:40:00,8.6,0.01,642,552120,买盘,2017-06-29,2017-06-29 09:40:00
09:40:03,09:40:03,8.6,--,104,89440,买盘,2017-06-29,2017-06-29 09:40:03
09:40:06,09:40:06,8.58,-0.02,61,52338,卖盘,2017-06-29,2017-06-29 09:40:06
09:40:09,09:40:09,8.59,0.01,43,36937,中性盘,2017-06-29,2017-06-29 09:40:09
09:40:12,09:40:12,8.59,--,19,16321,卖盘,2017-06-29,2017-06-29 09:40:12
09:40:15,09:40:15,8.58,-0.01,35,30030,卖盘,2017-06-29,2017-06-29 09:40:15
09:40:18,09:40:18,8.59,0.01,129,110811,买盘,2017-06-29,2017-06-29 09:40:18
09:40:21,09:40:21,8.59,--,13,11167,买盘,2017-06-29,2017-06-29 09:40:21
09:40:24,09:40:24,8.58,-0.01,268,229944,卖盘,2017-06-29,2017-06-29 09:40:24
09:40:27,09:40:27,8.58,--,113,96954,买盘,2017-06-29,2017-06-29 09:40:27
09:40:30,09:40:30,8.58,--,24,20592,买盘,2017-06-29,2017-06-29 09:40:30
09:40:33,09:40:33,8.57,-0.01,120,102840,卖盘,2017-06-29,2017-06-29 09:40:33
09:40:36,09:40:36,8.58,0.01,198,169884,买盘,2017-06-29,2017-06-29 09:40:36
09:40:39,09:40:39,8.57,-0.01,1153,988121,卖盘,2017-06-29,2017-06-29 09:40:39
09:40:42,09:40:42,8.56,-0.01,419,358664,卖盘,2017-06-29,2017-06-29 09:40:42
09:40:45,09:40:45,8.56,--,385,329560,卖盘,2017-06-29,2017-06-29 09:40:45
09:40:48,09:40:48,8.58,0.02,517,443586,买盘,2017-06-29,2017-06-29 09:40:48
09:40:51,09:40:51,8.55,-0.03,675,577125,卖盘,2017-06-29,2017-06-29 09:40:51
09:40:54,09:40:54,8.58,0.03,357,306306,买盘,2017-06-29,2017-06-29 09:40:54
09:40:57,09:40:57,8.56,-0.02,297,254232,卖盘,2017-06-29,2017-06-29 09:40:57
09:41:00,09:41:00,8.56,--,181,154936,卖盘,2017-06-29,2017-06-29 09:41:00
09:41:03,09:41:03,8.55,-0.01,53,45315,卖盘,2017-06-29,2017-06-29 09:41:03
09:41:06,09:41:06,8.57,0.02,51,43707,买盘,2017-06-29,2017-06-29 09:41:06
09:41:09,09:41:09,8.56,-0.01,129,110424,中性盘,2017-06-29,2017-06-29 09:41:09
09:41:12,09:41:12,8.56,--,72,61632,中性盘,2017-06-29,2017-06-29 09:41:12
09:41:18,09:41:18,8.55,-0.01,136,116280,卖盘,2017-06-29,2017-06-29 09:41:18
09:41:21,09:41:21,8.55,--,149,127395,卖盘,2017-06-29,2017-06-29 09:41:21
09:41:24,09:41:24,8.57,0.02,23,19711,买盘,2017-06-29,2017-06-29 09:41:24
09:41:27,09:41:27,8.57,--,5,4285,卖盘,2017-06-29,2017-06-29 09:41:27
09:41:30,09:41:30,8.56,-0.01,79,67624,卖盘,2017-06-29,2017-06-29 09:41:30
09:41:33,09:41:33,8.56,--,107,91592,卖盘,2017-06-29,2017-06-29 09:41:33
09:41:36,09:41:36,8.56,--,51,43656,卖盘,2017-06-29,2017-06-29 09:41:36
09:41:39,09:41:39,8.56,--,156,133536,卖盘,2017-06-29,2017-06-29 09:41:39
09:41:42,09:41:42,8.56,--,190,162640,卖盘,2017-06-29,2017-06-29 09:41:42
09:41:45,09:41:45,8.55,-0.01,22,18810,卖盘,2017-06-29,2017-06-29 09:41:45
09:41:48,09:41:48,8.56,0.01,51,43656,买盘,2017-06-29,2017-06-29 09:41:48
09:41:51,09:41:51,8.55,-0.01,73,62415,卖盘,2017-06-29,2017-06-29 09:41:51
09:41:54,09:41:54,8.55,--,1071,915705,卖盘,2017-06-29,2017-06-29 09:41:54
09:41:57,09:41:57,8.55,--,228,195059,卖盘,2017-06-29,2017-06-29 09:41:57
09:42:00,09:42:00,8.55,--,232,198360,买盘,2017-06-29,2017-06-29 09:42:00
09:42:03,09:42:03,8.55,--,199,170145,买盘,2017-06-29,2017-06-29 09:42:03
09:42:06,09:42:06,8.54,-0.01,358,305731,卖盘,2017-06-29,2017-06-29 09:42:06
09:42:09,09:42:09,8.55,0.01,179,153045,买盘,2017-06-29,2017-06-29 09:42:09
09:42:12,09:42:12,8.55,--,90,76950,卖盘,2017-06-29,2017-06-29 09:42:12
09:42:15,09:42:15,8.55,--,152,129960,卖盘,2017-06-29,2017-06-29 09:42:15
09:42:18,09:42:18,8.56,0.01,134,114704,买盘,2017-06-29,2017-06-29 09:42:18
09:42:21,09:42:21,8.55,-0.01,465,397575,卖盘,2017-06-29,2017-06-29 09:42:21
09:42:24,09:42:24,8.55,--,61,52155,卖盘,2017-06-29,2017-06-29 09:42:24
09:42:27,09:42:27,8.56,0.01,111,95016,买盘,2017-06-29,2017-06-29 09:42:27
09:42:30,09:42:30,8.56,--,29,24824,买盘,2017-06-29,2017-06-29 09:42:30
09:42:33,09:42:33,8.56,--,351,301192,买盘,2017-06-29,2017-06-29 09:42:33
09:42:36,09:42:36,8.56,--,9,7704,卖盘,2017-06-29,2017-06-29 09:42:36
09:42:39,09:42:39,8.56,--,49,41944,卖盘,2017-06-29,2017-06-29 09:42:39
09:42:42,09:42:42,8.56,--,21,17976,卖盘,2017-06-29,2017-06-29 09:42:42
09:42:45,09:42:45,8.56,--,169,144664,卖盘,2017-06-29,2017-06-29 09:42:45
09:42:48,09:42:48,8.57,0.01,75,64275,买盘,2017-06-29,2017-06-29 09:42:48
09:42:51,09:42:51,8.56,-0.01,1191,1019615,卖盘,2017-06-29,2017-06-29 09:42:51
09:42:54,09:42:54,8.56,--,113,96728,买盘,2017-06-29,2017-06-29 09:42:54
09:42:57,09:42:57,8.55,-0.01,104,88920,卖盘,2017-06-29,2017-06-29 09:42:57
09:43:00,09:43:00,8.56,0.01,126,107856,买盘,2017-06-29,2017-06-29 09:43:00
09:43:03,09:43:03,8.56,--,142,121552,买盘,2017-06-29,2017-06-29 09:43:03
09:43:06,09:43:06,8.57,0.01,196,168709,买盘,2017-06-29,2017-06-29 09:43:06
09:43:09,09:43:09,8.57,--,80,68560,卖盘,2017-06-29,2017-06-29 09:43:09
09:43:12,09:43:12,8.57,--,191,163687,卖盘,2017-06-29,2017-06-29 09:43:12
09:43:15,09:43:15,8.57,--,21,17997,卖盘,2017-06-29,2017-06-29 09:43:15
09:43:18,09:43:18,8.58,0.01,15,12870,买盘,2017-06-29,2017-06-29 09:43:18
09:43:21,09:43:21,8.57,-0.01,163,139691,卖盘,2017-06-29,2017-06-29 09:43:21
09:43:24,09:43:24,8.57,--,218,186826,卖盘,2017-06-29,2017-06-29 09:43:24
09:43:27,09:43:27,8.59,0.02,56,48104,买盘,2017-06-29,2017-06-29 09:43:27
09:43:30,09:43:30,8.56,-0.03,288,246528,卖盘,2017-06-29,2017-06-29 09:43:30
09:43:36,09:43:36,8.58,0.02,2,1716,中性盘,2017-06-29,2017-06-29 09:43:36
09:43:39,09:43:39,8.58,--,16,13728,卖盘,2017-06-29,2017-06-29 09:43:39
09:43:42,09:43:42,8.57,-0.01,9,7713,卖盘,2017-06-29,2017-06-29 09:43:42
09:43:45,09:43:45,8.57,--,38,32566,卖盘,2017-06-29,2017-06-29 09:43:45
09:43:48,09:43:48,8.57,--,361,309377,买盘,2017-06-29,2017-06-29 09:43:48
09:43:51,09:43:51,8.57,--,20,17140,买盘,2017-06-29,2017-06-29 09:43:51
09:43:54,09:43:54,8.57,--,213,182660,买盘,2017-06-29,2017-06-29 09:43:54
09:43:57,09:43:57,8.56,-0.01,18,15408,中性盘,2017-06-29,2017-06-29 09:43:57
09:44:00,09:44:00,8.56,--,12,10272,买盘,2017-06-29,2017-06-29 09:44:00
09:44:03,09:44:03,8.55,-0.01,412,352260,卖盘,2017-06-29,2017-06-29 09:44:03
09:44:06,09:44:06,8.54,-0.01,13,11101,卖盘,2017-06-29,2017-06-29 09:44:06
09:44:09,09:44:09,8.55,0.01,48,41040,买盘,2017-06-29,2017-06-29 09:44:09
09:44:12,09:44:12,8.54,-0.01,15,12809,卖盘,2017-06-29,2017-06-29 09:44:12
09:44:15,09:44:15,8.54,--,135,115289,卖盘,2017-06-29,2017-06-29 09:44:15
09:44:18,09:44:18,8.53,-0.01,853,727609,卖盘,2017-06-29,2017-06-29 09:44:18
09:44:21,09:44:21,8.51,-0.02,4143,3525693,卖盘,2017-06-29,2017-06-29 09:44:21
09:44:24,09:44:24,8.51,--,27,22977,卖盘,2017-06-29,2017-06-29 09:44:24
09:44:27,09:44:27,8.53,0.02,90,76770,中性盘,2017-06-29,2017-06-29 09:44:27
09:44:30,09:44:30,8.51,-0.02,870,740370,卖盘,2017-06-29,2017-06-29 09:44:30
09:44:33,09:44:33,8.5,-0.01,2331,1981911,卖盘,2017-06-29,2017-06-29 09:44:33
09:44:36,09:44:36,8.51,0.01,214,182114,中性盘,2017-06-29,2017-06-29 09:44:36
09:44:39,09:44:39,8.5,-0.01,569,483650,卖盘,2017-06-29,2017-06-29 09:44:39
09:44:42,09:44:42,8.49,-0.01,218,185082,卖盘,2017-06-29,2017-06-29 09:44:42
09:44:45,09:44:45,8.5,0.01,385,327250,买盘,2017-06-29,2017-06-29 09:44:45
09:44:48,09:44:48,8.5,--,78,66300,买盘,2017-06-29,2017-06-29 09:44:48
09:44:51,09:44:51,8.49,-0.01,159,134991,卖盘,2017-06-29,2017-06-29 09:44:51
09:44:54,09:44:54,8.49,--,364,309036,卖盘,2017-06-29,2017-06-29 09:44:54
09:44:57,09:44:57,8.49,--,684,580716,卖盘,2017-06-29,2017-06-29 09:44:57
09:45:00,09:45:00,8.5,0.01,830,705500,买盘,2017-06-29,2017-06-29 09:45:00
09:45:03,09:45:03,8.5,--,751,638350,卖盘,2017-06-29,2017-06-29 09:45:03
09:45:06,09:45:06,8.51,0.01,435,370185,买盘,2017-06-29,2017-06-29 09:45:06
09:45:09,09:45:09,8.5,-0.01,242,205700,卖盘,2017-06-29,2017-06-29 09:45:09
09:45:12,09:45:12,8.54,0.04,485,414924,买盘,2017-06-29,2017-06-29 09:45:12
09:45:15,09:45:15,8.54,--,492,420167,买盘,2017-06-29,2017-06-29 09:45:15
09:45:18,09:45:18,8.51,-0.03,68,57868,卖盘,2017-06-29,2017-06-29 09:45:18
09:45:21,09:45:21,8.52,0.01,25,21300,中性盘,2017-06-29,2017-06-29 09:45:21
09:45:24,09:45:24,8.52,--,33,28116,中性盘,2017-06-29,2017-06-29 09:45:24
09:45:27,09:45:27,8.54,0.02,285,243389,买盘,2017-06-29,2017-06-29 09:45:27
09:45:30,09:45:30,8.52,-0.02,363,309276,卖盘,2017-06-29,2017-06-29 09:45:30
09:45:33,09:45:33,8.52,--,96,81792,卖盘,2017-06-29,2017-06-29 09:45:33
09:45:36,09:45:36,8.55,0.03,595,508725,买盘,2017-06-29,2017-06-29 09:45:36
09:45:39,09:45:39,8.52,-0.03,151,128652,卖盘,2017-06-29,2017-06-29 09:45:39
09:45:42,09:45:42,8.53,0.01,43,36679,卖盘,2017-06-29,2017-06-29 09:45:42
09:45:45,09:45:45,8.53,--,154,131362,卖盘,2017-06-29,2017-06-29 09:45:45
09:45:48,09:45:48,8.52,-0.01,1031,878412,卖盘,2017-06-29,2017-06-29 09:45:48
09:45:51,09:45:51,8.53,0.01,17,14500,卖盘,2017-06-29,2017-06-29 09:45:51
09:45:54,09:45:54,8.53,--,5,4265,卖盘,2017-06-29,2017-06-29 09:45:54
09:45:57,09:45:57,8.53,--,184,156952,卖盘,2017-06-29,2017-06-29 09:45:57
09:46:00,09:46:00,8.53,--,29,24736,卖盘,2017-06-29,2017-06-29 09:46:00
09:46:03,09:46:03,8.52,-0.01,36,30672,卖盘,2017-06-29,2017-06-29 09:46:03
09:46:06,09:46:06,8.54,0.02,265,226309,买盘,2017-06-29,2017-06-29 09:46:06
09:46:09,09:46:09,8.53,-0.01,65,55444,中性盘,2017-06-29,2017-06-29 09:46:09
09:46:12,09:46:12,8.53,--,212,180836,买盘,2017-06-29,2017-06-29 09:46:12
09:46:15,09:46:15,8.52,-0.01,69,58788,卖盘,2017-06-29,2017-06-29 09:46:15
09:46:18,09:46:18,8.53,0.01,415,353995,买盘,2017-06-29,2017-06-29 09:46:18
09:46:21,09:46:21,8.51,-0.02,184,156584,卖盘,2017-06-29,2017-06-29 09:46:21
09:46:24,09:46:24,8.52,0.01,81,69012,买盘,2017-06-29,2017-06-29 09:46:24
09:46:27,09:46:27,8.51,-0.01,158,134458,卖盘,2017-06-29,2017-06-29 09:46:27
09:46:30,09:46:30,8.51,--,124,105524,卖盘,2017-06-29,2017-06-29 09:46:30
09:46:33,09:46:33,8.5,-0.01,814,691900,卖盘,2017-06-29,2017-06-29 09:46:33
09:46:36,09:46:36,8.52,0.02,399,339948,买盘,2017-06-29,2017-06-29 09:46:36
09:46:39,09:46:39,8.51,-0.01,542,461242,中性盘,2017-06-29,2017-06-29 09:46:39
09:46:42,09:46:42,8.5,-0.01,188,159800,卖盘,2017-06-29,2017-06-29 09:46:42
09:46:45,09:46:45,8.5,--,241,204850,卖盘,2017-06-29,2017-06-29 09:46:45
09:46:48,09:46:48,8.5,--,703,597550,卖盘,2017-06-29,2017-06-29 09:46:48
09:46:51,09:46:51,8.5,--,48,40800,买盘,2017-06-29,2017-06-29 09:46:51
09:46:54,09:46:54,8.49,-0.01,543,461007,卖盘,2017-06-29,2017-06-29 09:46:54
09:46:57,09:46:57,8.49,--,611,518739,卖盘,2017-06-29,2017-06-29 09:46:57
09:47:00,09:47:00,8.51,0.02,80,68080,买盘,2017-06-29,2017-06-29 09:47:00
09:47:03,09:47:03,8.5,-0.01,1404,1193400,卖盘,2017-06-29,2017-06-29 09:47:03
09:47:06,09:47:06,8.49,-0.01,240,203760,卖盘,2017-06-29,2017-06-29 09:47:06
09:47:09,09:47:09,8.5,0.01,118,100300,买盘,2017-06-29,2017-06-29 09:47:09
09:47:12,09:47:12,8.5,--,1239,1053150,买盘,2017-06-29,2017-06-29 09:47:12
09:47:15,09:47:15,8.49,-0.01,535,454215,卖盘,2017-06-29,2017-06-29 09:47:15
09:47:18,09:47:18,8.49,--,412,349788,卖盘,2017-06-29,2017-06-29 09:47:18
09:47:21,09:47:21,8.51,0.02,1128,959928,买盘,2017-06-29,2017-06-29 09:47:21
09:47:24,09:47:24,8.51,--,169,143819,卖盘,2017-06-29,2017-06-29 09:47:24
09:47:27,09:47:27,8.5,-0.01,356,302600,卖盘,2017-06-29,2017-06-29 09:47:27
09:47:30,09:47:30,8.5,--,255,216750,卖盘,2017-06-29,2017-06-29 09:47:30
09:47:33,09:47:33,8.52,0.02,289,246228,买盘,2017-06-29,2017-06-29 09:47:33
09:47:36,09:47:36,8.51,-0.01,789,671439,卖盘,2017-06-29,2017-06-29 09:47:36
09:47:39,09:47:39,8.51,--,50,42550,卖盘,2017-06-29,2017-06-29 09:47:39
09:47:42,09:47:42,8.53,0.02,145,123684,买盘,2017-06-29,2017-06-29 09:47:42
09:47:45,09:47:45,8.52,-0.01,75,63900,中性盘,2017-06-29,2017-06-29 09:47:45
09:47:48,09:47:48,8.52,--,7,5964,卖盘,2017-06-29,2017-06-29 09:47:48
09:47:51,09:47:51,8.54,0.02,191,163113,买盘,2017-06-29,2017-06-29 09:47:51
09:47:54,09:47:54,8.54,--,155,132370,买盘,2017-06-29,2017-06-29 09:47:54
09:48:00,09:48:00,8.55,0.01,140,119700,买盘,2017-06-29,2017-06-29 09:48:00
09:48:03,09:48:03,8.54,-0.01,4,3415,卖盘,2017-06-29,2017-06-29 09:48:03
09:48:06,09:48:06,8.54,--,26,22203,卖盘,2017-06-29,2017-06-29 09:48:06
09:48:09,09:48:09,8.53,-0.01,160,136480,卖盘,2017-06-29,2017-06-29 09:48:09
09:48:12,09:48:12,8.54,0.01,14,11955,买盘,2017-06-29,2017-06-29 09:48:12
09:48:15,09:48:15,8.54,--,191,163113,买盘,2017-06-29,2017-06-29 09:48:15
09:48:18,09:48:18,8.53,-0.01,117,99800,卖盘,2017-06-29,2017-06-29 09:48:18
09:48:21,09:48:21,8.53,--,39,33267,买盘,2017-06-29,2017-06-29 09:48:21
09:48:24,09:48:24,8.54,0.01,190,162259,买盘,2017-06-29,2017-06-29 09:48:24
09:48:27,09:48:27,8.53,-0.01,35,29854,卖盘,2017-06-29,2017-06-29 09:48:27
09:48:30,09:48:30,8.54,0.01,28,23911,买盘,2017-06-29,2017-06-29 09:48:30
09:48:33,09:48:33,8.54,--,127,108457,买盘,2017-06-29,2017-06-29 09:48:33
09:48:36,09:48:36,8.54,--,199,169945,买盘,2017-06-29,2017-06-29 09:48:36
09:48:39,09:48:39,8.53,-0.01,626,533978,卖盘,2017-06-29,2017-06-29 09:48:39
09:48:45,09:48:45,8.52,-0.01,182,155064,卖盘,2017-06-29,2017-06-29 09:48:45
09:48:48,09:48:48,8.51,-0.01,1444,1228844,卖盘,2017-06-29,2017-06-29 09:48:48
09:48:51,09:48:51,8.51,--,32,27232,买盘,2017-06-29,2017-06-29 09:48:51
09:48:54,09:48:54,8.5,-0.01,48,40800,卖盘,2017-06-29,2017-06-29 09:48:54
09:48:57,09:48:57,8.51,0.01,279,237429,买盘,2017-06-29,2017-06-29 09:48:57
09:49:00,09:49:00,8.5,-0.01,223,189550,卖盘,2017-06-29,2017-06-29 09:49:00
09:49:03,09:49:03,8.5,--,69,58650,卖盘,2017-06-29,2017-06-29 09:49:03
09:49:06,09:49:06,8.5,--,164,139400,卖盘,2017-06-29,2017-06-29 09:49:06
09:49:09,09:49:09,8.5,--,123,104550,卖盘,2017-06-29,2017-06-29 09:49:09
09:49:12,09:49:12,8.51,0.01,219,186369,买盘,2017-06-29,2017-06-29 09:49:12
09:49:15,09:49:15,8.5,-0.01,68,57800,卖盘,2017-06-29,2017-06-29 09:49:15
09:49:18,09:49:18,8.51,0.01,34,28934,买盘,2017-06-29,2017-06-29 09:49:18
09:49:21,09:49:21,8.51,--,482,410420,买盘,2017-06-29,2017-06-29 09:49:21
09:49:24,09:49:24,8.51,--,19,16169,卖盘,2017-06-29,2017-06-29 09:49:24
09:49:27,09:49:27,8.51,--,120,102120,卖盘,2017-06-29,2017-06-29 09:49:27
09:49:30,09:49:30,8.51,--,47,39997,卖盘,2017-06-29,2017-06-29 09:49:30
09:49:33,09:49:33,8.52,0.01,15,12780,卖盘,2017-06-29,2017-06-29 09:49:33
09:49:36,09:49:36,8.52,--,67,57084,卖盘,2017-06-29,2017-06-29 09:49:36
09:49:39,09:49:39,8.52,--,26,22152,卖盘,2017-06-29,2017-06-29 09:49:39
09:49:42,09:49:42,8.52,--,239,203628,卖盘,2017-06-29,2017-06-29 09:49:42
09:49:45,09:49:45,8.52,--,46,39192,卖盘,2017-06-29,2017-06-29 09:49:45
09:49:48,09:49:48,8.52,--,627,534204,卖盘,2017-06-29,2017-06-29 09:49:48
09:49:51,09:49:51,8.52,--,197,167844,买盘,2017-06-29,2017-06-29 09:49:51
09:49:54,09:49:54,8.53,0.01,322,274666,买盘,2017-06-29,2017-06-29 09:49:54
09:49:57,09:49:57,8.54,0.01,41,35014,买盘,2017-06-29,2017-06-29 09:49:57
09:50:00,09:50:00,8.54,--,10,8540,买盘,2017-06-29,2017-06-29 09:50:00
09:50:03,09:50:03,8.53,-0.01,9,7676,卖盘,2017-06-29,2017-06-29 09:50:03
09:50:06,09:50:06,8.53,--,49,41797,卖盘,2017-06-29,2017-06-29 09:50:06
09:50:09,09:50:09,8.54,0.01,126,107603,买盘,2017-06-29,2017-06-29 09:50:09
09:50:12,09:50:12,8.54,--,27,23057,买盘,2017-06-29,2017-06-29 09:50:12
09:50:15,09:50:15,8.55,0.01,273,233415,买盘,2017-06-29,2017-06-29 09:50:15
09:50:18,09:50:18,8.54,-0.01,139,118705,卖盘,2017-06-29,2017-06-29 09:50:18
09:50:21,09:50:21,8.54,--,11,9393,买盘,2017-06-29,2017-06-29 09:50:21
09:50:24,09:50:24,8.56,0.02,181,154936,买盘,2017-06-29,2017-06-29 09:50:24
09:50:27,09:50:27,8.55,-0.01,71,60705,买盘,2017-06-29,2017-06-29 09:50:27
09:50:30,09:50:30,8.54,-0.01,84,71736,卖盘,2017-06-29,2017-06-29 09:50:30
09:50:33,09:50:33,8.55,0.01,172,147060,买盘,2017-06-29,2017-06-29 09:50:33
09:50:36,09:50:36,8.57,0.02,213,182541,买盘,2017-06-29,2017-06-29 09:50:36
09:50:39,09:50:39,8.55,-0.02,9,7695,中性盘,2017-06-29,2017-06-29 09:50:39
09:50:42,09:50:42,8.55,--,167,142785,买盘,2017-06-29,2017-06-29 09:50:42
09:50:45,09:50:45,8.55,--,302,258210,买盘,2017-06-29,2017-06-29 09:50:45
09:50:48,09:50:48,8.54,-0.01,16,13663,卖盘,2017-06-29,2017-06-29 09:50:48
09:50:51,09:50:51,8.56,0.02,101,86456,买盘,2017-06-29,2017-06-29 09:50:51
09:50:54,09:50:54,8.54,-0.02,162,138348,卖盘,2017-06-29,2017-06-29 09:50:54
09:50:57,09:50:57,8.55,0.01,40,34200,买盘,2017-06-29,2017-06-29 09:50:57
09:51:00,09:51:00,8.54,-0.01,17,14517,卖盘,2017-06-29,2017-06-29 09:51:00
09:51:03,09:51:03,8.55,0.01,14,11970,买盘,2017-06-29,2017-06-29 09:51:03
09:51:06,09:51:06,8.54,-0.01,504,430415,卖盘,2017-06-29,2017-06-29 09:51:06
09:51:09,09:51:09,8.53,-0.01,165,140745,卖盘,2017-06-29,2017-06-29 09:51:09
09:51:12,09:51:12,8.54,0.01,576,491903,买盘,2017-06-29,2017-06-29 09:51:12
09:51:15,09:51:15,8.54,--,5,4270,买盘,2017-06-29,2017-06-29 09:51:15
09:51:18,09:51:18,8.53,-0.01,415,353995,卖盘,2017-06-29,2017-06-29 09:51:18
09:51:21,09:51:21,8.53,--,222,189366,买盘,2017-06-29,2017-06-29 09:51:21
09:51:24,09:51:24,8.53,--,153,130508,买盘,2017-06-29,2017-06-29 09:51:24
09:51:27,09:51:27,8.53,--,21,17913,买盘,2017-06-29,2017-06-29 09:51:27
09:51:30,09:51:30,8.52,-0.01,124,105648,卖盘,2017-06-29,2017-06-29 09:51:30
09:51:33,09:51:33,8.51,-0.01,900,765900,卖盘,2017-06-29,2017-06-29 09:51:33
09:51:36,09:51:36,8.51,--,94,79994,买盘,2017-06-29,2017-06-29 09:51:36
09:51:39,09:51:39,8.51,--,84,71484,买盘,2017-06-29,2017-06-29 09:51:39
09:51:42,09:51:42,8.51,--,1090,927590,买盘,2017-06-29,2017-06-29 09:51:42
09:51:45,09:51:45,8.51,--,266,226366,卖盘,2017-06-29,2017-06-29 09:51:45
09:51:48,09:51:48,8.51,--,572,486772,卖盘,2017-06-29,2017-06-29 09:51:48
09:51:51,09:51:51,8.53,0.02,278,237133,买盘,2017-06-29,2017-06-29 09:51:51
09:51:54,09:51:54,8.51,-0.02,107,91057,卖盘,2017-06-29,2017-06-29 09:51:54
09:51:57,09:51:57,8.5,-0.01,132,112200,卖盘,2017-06-29,2017-06-29 09:51:57
09:52:00,09:52:00,8.51,0.01,11,9361,买盘,2017-06-29,2017-06-29 09:52:00
09:52:03,09:52:03,8.51,--,341,290191,买盘,2017-06-29,2017-06-29 09:52:03
09:52:06,09:52:06,8.5,-0.01,727,617950,卖盘,2017-06-29,2017-06-29 09:52:06
09:52:09,09:52:09,8.51,0.01,764,650164,买盘,2017-06-29,2017-06-29 09:52:09
09:52:12,09:52:12,8.5,-0.01,158,134300,中性盘,2017-06-29,2017-06-29 09:52:12
09:52:15,09:52:15,8.5,--,262,222700,买盘,2017-06-29,2017-06-29 09:52:15
09:52:18,09:52:18,8.5,--,238,202300,卖盘,2017-06-29,2017-06-29 09:52:18
09:52:21,09:52:21,8.51,0.01,703,598253,买盘,2017-06-29,2017-06-29 09:52:21
09:52:24,09:52:24,8.5,-0.01,173,147050,卖盘,2017-06-29,2017-06-29 09:52:24
09:52:27,09:52:27,8.5,--,885,752250,卖盘,2017-06-29,2017-06-29 09:52:27
09:52:30,09:52:30,8.53,0.03,114,97241,买盘,2017-06-29,2017-06-29 09:52:30
09:52:33,09:52:33,8.51,-0.02,168,142968,卖盘,2017-06-29,2017-06-29 09:52:33
09:52:36,09:52:36,8.51,--,40,34040,卖盘,2017-06-29,2017-06-29 09:52:36
09:52:39,09:52:39,8.51,--,250,212750,卖盘,2017-06-29,2017-06-29 09:52:39
09:52:42,09:52:42,8.52,0.01,170,144840,买盘,2017-06-29,2017-06-29 09:52:42
09:52:45,09:52:45,8.51,-0.01,219,186369,卖盘,2017-06-29,2017-06-29 09:52:45
09:52:48,09:52:48,8.5,-0.01,399,339150,卖盘,2017-06-29,2017-06-29 09:52:48
09:52:51,09:52:51,8.5,--,426,362100,卖盘,2017-06-29,2017-06-29 09:52:51
09:52:54,09:52:54,8.5,--,95,80750,卖盘,2017-06-29,2017-06-29 09:52:54
09:52:57,09:52:57,8.5,--,48,40800,卖盘,2017-06-29,2017-06-29 09:52:57
09:53:00,09:53:00,8.5,--,205,174250,卖盘,2017-06-29,2017-06-29 09:53:00
09:53:03,09:53:03,8.5,--,209,177650,卖盘,2017-06-29,2017-06-29 09:53:03
09:53:06,09:53:06,8.51,0.01,374,318274,买盘,2017-06-29,2017-06-29 09:53:06
09:53:09,09:53:09,8.51,--,64,54464,买盘,2017-06-29,2017-06-29 09:53:09
09:53:12,09:53:12,8.5,-0.01,208,176800,卖盘,2017-06-29,2017-06-29 09:53:12
09:53:15,09:53:15,8.51,0.01,260,221260,买盘,2017-06-29,2017-06-29 09:53:15
09:53:18,09:53:18,8.5,-0.01,1394,1184900,卖盘,2017-06-29,2017-06-29 09:53:18
09:53:21,09:53:21,8.5,--,303,257550,买盘,2017-06-29,2017-06-29 09:53:21
09:53:24,09:53:24,8.5,--,88,74800,买盘,2017-06-29,2017-06-29 09:53:24
09:53:27,09:53:27,8.49,-0.01,11,9339,卖盘,2017-06-29,2017-06-29 09:53:27
09:53:30,09:53:30,8.5,0.01,102,86700,买盘,2017-06-29,2017-06-29 09:53:30
09:53:33,09:53:33,8.49,-0.01,89,75561,卖盘,2017-06-29,2017-06-29 09:53:33
09:53:36,09:53:36,8.49,--,200,169800,卖盘,2017-06-29,2017-06-29 09:53:36
09:53:39,09:53:39,8.5,0.01,476,404600,买盘,2017-06-29,2017-06-29 09:53:39
09:53:42,09:53:42,8.49,-0.01,275,233475,卖盘,2017-06-29,2017-06-29 09:53:42
09:53:45,09:53:45,8.49,--,226,191874,买盘,2017-06-29,2017-06-29 09:53:45
09:53:48,09:53:48,8.49,--,81,68769,买盘,2017-06-29,2017-06-29 09:53:48
09:53:51,09:53:51,8.48,-0.01,171,145008,卖盘,2017-06-29,2017-06-29 09:53:51
09:53:54,09:53:54,8.48,--,227,192496,卖盘,2017-06-29,2017-06-29 09:53:54
09:53:57,09:53:57,8.48,--,326,276448,卖盘,2017-06-29,2017-06-29 09:53:57
09:54:00,09:54:00,8.48,--,436,370016,卖盘,2017-06-29,2017-06-29 09:54:00
09:54:03,09:54:03,8.48,--,16,13568,买盘,2017-06-29,2017-06-29 09:54:03
09:54:06,09:54:06,8.48,--,115,97520,买盘,2017-06-29,2017-06-29 09:54:06
09:54:09,09:54:09,8.47,-0.01,109,92323,卖盘,2017-06-29,2017-06-29 09:54:09
09:54:12,09:54:12,8.47,--,163,138061,卖盘,2017-06-29,2017-06-29 09:54:12
09:54:15,09:54:15,8.48,0.01,384,325632,买盘,2017-06-29,2017-06-29 09:54:15
09:54:18,09:54:18,8.48,--,202,171296,买盘,2017-06-29,2017-06-29 09:54:18
09:54:21,09:54:21,8.48,--,382,323936,买盘,2017-06-29,2017-06-29 09:54:21
09:54:24,09:54:24,8.48,--,129,109951,买盘,2017-06-29,2017-06-29 09:54:24
09:54:27,09:54:27,8.48,--,1155,979440,卖盘,2017-06-29,2017-06-29 09:54:27
09:54:30,09:54:30,8.48,--,446,378208,卖盘,2017-06-29,2017-06-29 09:54:30
09:54:33,09:54:33,8.49,0.01,926,786683,买盘,2017-06-29,2017-06-29 09:54:33
09:54:36,09:54:36,8.5,0.01,41,34850,买盘,2017-06-29,2017-06-29 09:54:36
09:54:39,09:54:39,8.49,-0.01,558,473742,卖盘,2017-06-29,2017-06-29 09:54:39
09:54:42,09:54:42,8.5,0.01,443,376550,买盘,2017-06-29,2017-06-29 09:54:42
09:54:45,09:54:45,8.5,--,78,66300,卖盘,2017-06-29,2017-06-29 09:54:45
09:54:48,09:54:48,8.5,--,292,248200,卖盘,2017-06-29,2017-06-29 09:54:48
09:54:51,09:54:51,8.52,0.02,13,11076,买盘,2017-06-29,2017-06-29 09:54:51
09:54:54,09:54:54,8.53,0.01,302,257605,买盘,2017-06-29,2017-06-29 09:54:54
09:54:57,09:54:57,8.52,-0.01,77,65604,中性盘,2017-06-29,2017-06-29 09:54:57
09:55:00,09:55:00,8.53,0.01,25,21325,买盘,2017-06-29,2017-06-29 09:55:00
09:55:03,09:55:03,8.52,-0.01,62,52824,卖盘,2017-06-29,2017-06-29 09:55:03
09:55:06,09:55:06,8.51,-0.01,222,188922,卖盘,2017-06-29,2017-06-29 09:55:06
09:55:09,09:55:09,8.51,--,11,9361,卖盘,2017-06-29,2017-06-29 09:55:09
09:55:12,09:55:12,8.51,--,22,18722,卖盘,2017-06-29,2017-06-29 09:55:12
09:55:15,09:55:15,8.52,0.01,20,17040,买盘,2017-06-29,2017-06-29 09:55:15
09:55:18,09:55:18,8.52,--,279,237708,买盘,2017-06-29,2017-06-29 09:55:18
09:55:21,09:55:21,8.52,--,77,65604,买盘,2017-06-29,2017-06-29 09:55:21
09:55:24,09:55:24,8.51,-0.01,451,383801,卖盘,2017-06-29,2017-06-29 09:55:24
09:55:27,09:55:27,8.52,0.01,815,694380,买盘,2017-06-29,2017-06-29 09:55:27
09:55:30,09:55:30,8.5,-0.02,93,79050,卖盘,2017-06-29,2017-06-29 09:55:30
09:55:33,09:55:33,8.5,--,39,33150,卖盘,2017-06-29,2017-06-29 09:55:33
09:55:36,09:55:36,8.51,0.01,74,62974,买盘,2017-06-29,2017-06-29 09:55:36
09:55:39,09:55:39,8.51,--,56,47656,买盘,2017-06-29,2017-06-29 09:55:39
09:55:42,09:55:42,8.51,--,77,65527,买盘,2017-06-29,2017-06-29 09:55:42
09:55:45,09:55:45,8.5,-0.01,30,25500,卖盘,2017-06-29,2017-06-29 09:55:45
09:55:48,09:55:48,8.51,0.01,123,104673,买盘,2017-06-29,2017-06-29 09:55:48
09:55:51,09:55:51,8.51,--,82,69782,买盘,2017-06-29,2017-06-29 09:55:51
09:55:54,09:55:54,8.5,-0.01,60,51000,卖盘,2017-06-29,2017-06-29 09:55:54
09:55:57,09:55:57,8.51,0.01,344,292744,买盘,2017-06-29,2017-06-29 09:55:57
09:56:00,09:56:00,8.5,-0.01,33,28050,卖盘,2017-06-29,2017-06-29 09:56:00
09:56:03,09:56:03,8.51,0.01,22,18722,买盘,2017-06-29,2017-06-29 09:56:03
09:56:06,09:56:06,8.51,--,38,32338,买盘,2017-06-29,2017-06-29 09:56:06
09:56:09,09:56:09,8.51,--,216,183816,买盘,2017-06-29,2017-06-29 09:56:09
09:56:12,09:56:12,8.5,-0.01,282,239700,卖盘,2017-06-29,2017-06-29 09:56:12
09:56:15,09:56:15,8.5,--,94,79900,卖盘,2017-06-29,2017-06-29 09:56:15
09:56:18,09:56:18,8.5,--,127,107950,卖盘,2017-06-29,2017-06-29 09:56:18
09:56:21,09:56:21,8.5,--,485,412250,卖盘,2017-06-29,2017-06-29 09:56:21
09:56:24,09:56:24,8.51,0.01,140,119140,买盘,2017-06-29,2017-06-29 09:56:24
09:56:27,09:56:27,8.5,-0.01,140,119000,卖盘,2017-06-29,2017-06-29 09:56:27
09:56:30,09:56:30,8.51,0.01,100,85100,买盘,2017-06-29,2017-06-29 09:56:30
09:56:33,09:56:33,8.5,-0.01,108,91800,中性盘,2017-06-29,2017-06-29 09:56:33
09:56:36,09:56:36,8.5,--,117,99450,卖盘,2017-06-29,2017-06-29 09:56:36
09:56:39,09:56:39,8.5,--,177,150450,买盘,2017-06-29,2017-06-29 09:56:39
09:56:45,09:56:45,8.51,0.01,17,14467,买盘,2017-06-29,2017-06-29 09:56:45
09:56:48,09:56:48,8.5,-0.01,47,39950,卖盘,2017-06-29,2017-06-29 09:56:48
09:56:51,09:56:51,8.5,--,67,56950,卖盘,2017-06-29,2017-06-29 09:56:51
09:56:54,09:56:54,8.51,0.01,426,362526,买盘,2017-06-29,2017-06-29 09:56:54
09:56:57,09:56:57,8.51,--,57,48507,卖盘,2017-06-29,2017-06-29 09:56:57
09:57:00,09:57:00,8.51,--,76,64676,卖盘,2017-06-29,2017-06-29 09:57:00
09:57:03,09:57:03,8.51,--,243,206793,卖盘,2017-06-29,2017-06-29 09:57:03
09:57:06,09:57:06,8.52,0.01,212,180624,买盘,2017-06-29,2017-06-29 09:57:06
09:57:09,09:57:09,8.51,-0.01,20,17020,卖盘,2017-06-29,2017-06-29 09:57:09
09:57:12,09:57:12,8.51,--,20,17020,卖盘,2017-06-29,2017-06-29 09:57:12
09:57:15,09:57:15,8.52,0.01,575,489900,买盘,2017-06-29,2017-06-29 09:57:15
09:57:18,09:57:18,8.51,-0.01,330,280830,卖盘,2017-06-29,2017-06-29 09:57:18
09:57:21,09:57:21,8.51,--,80,68080,卖盘,2017-06-29,2017-06-29 09:57:21
09:57:24,09:57:24,8.52,0.01,20,17040,买盘,2017-06-29,2017-06-29 09:57:24
09:57:27,09:57:27,8.51,-0.01,20,17020,卖盘,2017-06-29,2017-06-29 09:57:27
09:57:30,09:57:30,8.51,--,65,55315,买盘,2017-06-29,2017-06-29 09:57:30
09:57:33,09:57:33,8.51,--,145,123395,买盘,2017-06-29,2017-06-29 09:57:33
09:57:36,09:57:36,8.51,--,305,259555,买盘,2017-06-29,2017-06-29 09:57:36
09:57:39,09:57:39,8.51,--,104,88504,买盘,2017-06-29,2017-06-29 09:57:39
09:57:42,09:57:42,8.5,-0.01,275,233750,卖盘,2017-06-29,2017-06-29 09:57:42
09:57:45,09:57:45,8.5,--,57,48450,卖盘,2017-06-29,2017-06-29 09:57:45
09:57:48,09:57:48,8.51,0.01,5,4255,买盘,2017-06-29,2017-06-29 09:57:48
09:57:51,09:57:51,8.5,-0.01,108,91800,卖盘,2017-06-29,2017-06-29 09:57:51
09:57:54,09:57:54,8.51,0.01,62,52762,买盘,2017-06-29,2017-06-29 09:57:54
09:57:57,09:57:57,8.5,-0.01,45,38250,卖盘,2017-06-29,2017-06-29 09:57:57
09:58:00,09:58:00,8.49,-0.01,80,67920,卖盘,2017-06-29,2017-06-29 09:58:00
09:58:03,09:58:03,8.51,0.02,106,90206,买盘,2017-06-29,2017-06-29 09:58:03
09:58:06,09:58:06,8.5,-0.01,76,64600,卖盘,2017-06-29,2017-06-29 09:58:06
09:58:09,09:58:09,8.5,--,67,56950,卖盘,2017-06-29,2017-06-29 09:58:09
09:58:12,09:58:12,8.5,--,193,164050,卖盘,2017-06-29,2017-06-29 09:58:12
09:58:15,09:58:15,8.5,--,99,84150,卖盘,2017-06-29,2017-06-29 09:58:15
09:58:21,09:58:21,8.5,--,17,14450,卖盘,2017-06-29,2017-06-29 09:58:21
09:58:24,09:58:24,8.5,--,30,25500,卖盘,2017-06-29,2017-06-29 09:58:24
09:58:27,09:58:27,8.51,0.01,698,593998,买盘,2017-06-29,2017-06-29 09:58:27
09:58:30,09:58:30,8.51,--,437,371887,买盘,2017-06-29,2017-06-29 09:58:30
09:58:33,09:58:33,8.5,-0.01,131,111350,卖盘,2017-06-29,2017-06-29 09:58:33
09:58:36,09:58:36,8.52,0.02,4,3408,买盘,2017-06-29,2017-06-29 09:58:36
09:58:39,09:58:39,8.51,-0.01,83,70633,卖盘,2017-06-29,2017-06-29 09:58:39
09:58:42,09:58:42,8.51,--,55,46805,卖盘,2017-06-29,2017-06-29 09:58:42
09:58:45,09:58:45,8.52,0.01,32,27264,买盘,2017-06-29,2017-06-29 09:58:45
09:58:48,09:58:48,8.52,--,115,97980,买盘,2017-06-29,2017-06-29 09:58:48
09:58:51,09:58:51,8.51,-0.01,45,38295,卖盘,2017-06-29,2017-06-29 09:58:51
09:58:54,09:58:54,8.52,0.01,71,60492,买盘,2017-06-29,2017-06-29 09:58:54
09:58:57,09:58:57,8.5,-0.02,510,433500,卖盘,2017-06-29,2017-06-29 09:58:57
09:59:00,09:59:00,8.51,0.01,27,22977,卖盘,2017-06-29,2017-06-29 09:59:00
09:59:03,09:59:03,8.52,0.01,5,4260,买盘,2017-06-29,2017-06-29 09:59:03
09:59:06,09:59:06,8.52,--,189,161028,买盘,2017-06-29,2017-06-29 09:59:06
09:59:09,09:59:09,8.53,0.01,35,29854,买盘,2017-06-29,2017-06-29 09:59:09
09:59:12,09:59:12,8.52,-0.01,102,86904,卖盘,2017-06-29,2017-06-29 09:59:12
09:59:15,09:59:15,8.52,--,20,17040,卖盘,2017-06-29,2017-06-29 09:59:15
09:59:18,09:59:18,8.53,0.01,40,34120,买盘,2017-06-29,2017-06-29 09:59:18
09:59:21,09:59:21,8.53,--,140,119419,买盘,2017-06-29,2017-06-29 09:59:21
09:59:24,09:59:24,8.52,-0.01,109,92868,卖盘,2017-06-29,2017-06-29 09:59:24
09:59:27,09:59:27,8.53,0.01,260,221779,买盘,2017-06-29,2017-06-29 09:59:27
09:59:30,09:59:30,8.53,--,5,4265,卖盘,2017-06-29,2017-06-29 09:59:30
09:59:36,09:59:36,8.53,--,27,23031,卖盘,2017-06-29,2017-06-29 09:59:36
09:59:39,09:59:39,8.54,0.01,25,21349,买盘,2017-06-29,2017-06-29 09:59:39
09:59:42,09:59:42,8.52,-0.02,420,357840,卖盘,2017-06-29,2017-06-29 09:59:42
09:59:45,09:59:45,8.52,--,60,51120,买盘,2017-06-29,2017-06-29 09:59:45
09:59:48,09:59:48,8.52,--,52,44304,买盘,2017-06-29,2017-06-29 09:59:48
09:59:51,09:59:51,8.52,--,36,30672,买盘,2017-06-29,2017-06-29 09:59:51
09:59:54,09:59:54,8.53,0.01,459,391526,买盘,2017-06-29,2017-06-29 09:59:54
09:59:57,09:59:57,8.52,-0.01,147,125244,卖盘,2017-06-29,2017-06-29 09:59:57
10:00:00,10:00:00,8.52,--,5,4260,卖盘,2017-06-29,2017-06-29 10:00:00
10:00:03,10:00:03,8.53,0.01,20,17060,买盘,2017-06-29,2017-06-29 10:00:03
10:00:06,10:00:06,8.52,-0.01,113,96276,卖盘,2017-06-29,2017-06-29 10:00:06
10:00:09,10:00:09,8.53,0.01,101,86153,买盘,2017-06-29,2017-06-29 10:00:09
10:00:12,10:00:12,8.53,--,158,134774,买盘,2017-06-29,2017-06-29 10:00:12
10:00:15,10:00:15,8.53,--,10,8530,买盘,2017-06-29,2017-06-29 10:00:15
10:00:18,10:00:18,8.53,--,59,50326,买盘,2017-06-29,2017-06-29 10:00:18
10:00:21,10:00:21,8.53,--,101,86153,买盘,2017-06-29,2017-06-29 10:00:21
10:00:24,10:00:24,8.53,--,259,220926,买盘,2017-06-29,2017-06-29 10:00:24
10:00:27,10:00:27,8.53,--,32,27295,买盘,2017-06-29,2017-06-29 10:00:27
10:00:30,10:00:30,8.52,-0.01,618,526536,卖盘,2017-06-29,2017-06-29 10:00:30
10:00:33,10:00:33,8.54,0.02,738,630251,买盘,2017-06-29,2017-06-29 10:00:33
10:00:36,10:00:36,8.53,-0.01,1,852,中性盘,2017-06-29,2017-06-29 10:00:36
10:00:39,10:00:39,8.55,0.02,125,106875,买盘,2017-06-29,2017-06-29 10:00:39
10:00:45,10:00:45,8.52,-0.03,223,189996,卖盘,2017-06-29,2017-06-29 10:00:45
10:00:48,10:00:48,8.54,0.02,393,335621,买盘,2017-06-29,2017-06-29 10:00:48
10:00:54,10:00:54,8.51,-0.03,232,197432,卖盘,2017-06-29,2017-06-29 10:00:54
10:01:00,10:01:00,8.52,0.01,290,247080,卖盘,2017-06-29,2017-06-29 10:01:00
10:01:03,10:01:03,8.53,0.01,26,22178,中性盘,2017-06-29,2017-06-29 10:01:03
10:01:06,10:01:06,8.52,-0.01,2359,2009868,卖盘,2017-06-29,2017-06-29 10:01:06
10:01:09,10:01:09,8.52,--,53,45156,买盘,2017-06-29,2017-06-29 10:01:09
10:01:12,10:01:12,8.52,--,105,89460,买盘,2017-06-29,2017-06-29 10:01:12
10:01:15,10:01:15,8.52,--,103,87756,买盘,2017-06-29,2017-06-29 10:01:15
10:01:21,10:01:21,8.52,--,27,23004,买盘,2017-06-29,2017-06-29 10:01:21
10:01:24,10:01:24,8.52,--,33,28116,买盘,2017-06-29,2017-06-29 10:01:24
10:01:27,10:01:27,8.52,--,65,55380,买盘,2017-06-29,2017-06-29 10:01:27
10:01:30,10:01:30,8.52,--,102,86904,买盘,2017-06-29,2017-06-29 10:01:30
10:01:33,10:01:33,8.52,--,92,78384,卖盘,2017-06-29,2017-06-29 10:01:33
10:01:36,10:01:36,8.52,--,20,17040,卖盘,2017-06-29,2017-06-29 10:01:36
10:01:39,10:01:39,8.53,0.01,6,5118,买盘,2017-06-29,2017-06-29 10:01:39
10:01:42,10:01:42,8.53,--,20,17060,买盘,2017-06-29,2017-06-29 10:01:42
10:01:45,10:01:45,8.53,--,102,87006,买盘,2017-06-29,2017-06-29 10:01:45
10:01:48,10:01:48,8.54,0.01,1,853,买盘,2017-06-29,2017-06-29 10:01:48
10:01:51,10:01:51,8.53,-0.01,3,2559,卖盘,2017-06-29,2017-06-29 10:01:51
10:01:54,10:01:54,8.52,-0.01,151,128652,卖盘,2017-06-29,2017-06-29 10:01:54
10:01:57,10:01:57,8.52,--,2,1704,卖盘,2017-06-29,2017-06-29 10:01:57
10:02:00,10:02:00,8.54,0.02,39,33306,买盘,2017-06-29,2017-06-29 10:02:00
10:02:03,10:02:03,8.53,-0.01,76,64827,卖盘,2017-06-29,2017-06-29 10:02:03
10:02:06,10:02:06,8.53,--,48,40944,卖盘,2017-06-29,2017-06-29 10:02:06
10:02:09,10:02:09,8.54,0.01,253,216061,买盘,2017-06-29,2017-06-29 10:02:09
10:02:12,10:02:12,8.54,--,90,76859,买盘,2017-06-29,2017-06-29 10:02:12
10:02:15,10:02:15,8.53,-0.01,109,92977,卖盘,2017-06-29,2017-06-29 10:02:15
10:02:18,10:02:18,8.54,0.01,84,71736,买盘,2017-06-29,2017-06-29 10:02:18
10:02:21,10:02:21,8.53,-0.01,27,23031,卖盘,2017-06-29,2017-06-29 10:02:21
10:02:24,10:02:24,8.54,0.01,481,410773,买盘,2017-06-29,2017-06-29 10:02:24
10:02:27,10:02:27,8.55,0.01,33,28215,买盘,2017-06-29,2017-06-29 10:02:27
10:02:30,10:02:30,8.54,-0.01,2,1707,卖盘,2017-06-29,2017-06-29 10:02:30
10:02:33,10:02:33,8.55,0.01,90,76950,买盘,2017-06-29,2017-06-29 10:02:33
10:02:36,10:02:36,8.54,-0.01,10,8540,卖盘,2017-06-29,2017-06-29 10:02:36
10:02:39,10:02:39,8.55,0.01,21,17955,买盘,2017-06-29,2017-06-29 10:02:39
10:02:42,10:02:42,8.55,--,74,63270,买盘,2017-06-29,2017-06-29 10:02:42
10:02:48,10:02:48,8.55,--,26,22230,买盘,2017-06-29,2017-06-29 10:02:48
10:02:51,10:02:51,8.55,--,42,35910,买盘,2017-06-29,2017-06-29 10:02:51
10:02:54,10:02:54,8.55,--,19,16245,买盘,2017-06-29,2017-06-29 10:02:54
10:02:57,10:02:57,8.55,--,12,10260,买盘,2017-06-29,2017-06-29 10:02:57
10:03:00,10:03:00,8.55,--,859,734445,买盘,2017-06-29,2017-06-29 10:03:00
10:03:03,10:03:03,8.55,--,53,45315,买盘,2017-06-29,2017-06-29 10:03:03
10:03:06,10:03:06,8.56,0.01,212,181472,买盘,2017-06-29,2017-06-29 10:03:06
10:03:09,10:03:09,8.55,-0.01,6,5130,卖盘,2017-06-29,2017-06-29 10:03:09
10:03:12,10:03:12,8.55,--,103,88065,卖盘,2017-06-29,2017-06-29 10:03:12
10:03:15,10:03:15,8.56,0.01,25,21400,买盘,2017-06-29,2017-06-29 10:03:15
10:03:18,10:03:18,8.56,--,17,14552,买盘,2017-06-29,2017-06-29 10:03:18
10:03:21,10:03:21,8.55,-0.01,577,493335,卖盘,2017-06-29,2017-06-29 10:03:21
10:03:24,10:03:24,8.55,--,609,520695,卖盘,2017-06-29,2017-06-29 10:03:24
10:03:27,10:03:27,8.54,-0.01,50,42699,卖盘,2017-06-29,2017-06-29 10:03:27
10:03:30,10:03:30,8.55,0.01,300,256500,买盘,2017-06-29,2017-06-29 10:03:30
10:03:33,10:03:33,8.54,-0.01,527,450057,卖盘,2017-06-29,2017-06-29 10:03:33
10:03:36,10:03:36,8.55,0.01,1158,990090,买盘,2017-06-29,2017-06-29 10:03:36
10:03:39,10:03:39,8.53,-0.02,364,310492,卖盘,2017-06-29,2017-06-29 10:03:39
10:03:42,10:03:42,8.53,--,92,78476,买盘,2017-06-29,2017-06-29 10:03:42
10:03:45,10:03:45,8.54,0.01,298,254491,买盘,2017-06-29,2017-06-29 10:03:45
10:03:48,10:03:48,8.53,-0.01,135,115154,中性盘,2017-06-29,2017-06-29 10:03:48
10:03:51,10:03:51,8.55,0.02,1033,883215,买盘,2017-06-29,2017-06-29 10:03:51
10:03:54,10:03:54,8.54,-0.01,30,25619,卖盘,2017-06-29,2017-06-29 10:03:54
10:03:57,10:03:57,8.54,--,10,8540,买盘,2017-06-29,2017-06-29 10:03:57
10:04:00,10:04:00,8.54,--,15,12809,买盘,2017-06-29,2017-06-29 10:04:00
10:04:03,10:04:03,8.54,--,61,52093,买盘,2017-06-29,2017-06-29 10:04:03
10:04:06,10:04:06,8.53,-0.01,27,23031,卖盘,2017-06-29,2017-06-29 10:04:06
10:04:09,10:04:09,8.54,0.01,65,55509,买盘,2017-06-29,2017-06-29 10:04:09
10:04:12,10:04:12,8.53,-0.01,122,104065,卖盘,2017-06-29,2017-06-29 10:04:12
10:04:15,10:04:15,8.54,0.01,87,74297,买盘,2017-06-29,2017-06-29 10:04:15
10:04:18,10:04:18,8.53,-0.01,18,15353,卖盘,2017-06-29,2017-06-29 10:04:18
10:04:21,10:04:21,8.54,0.01,520,444079,买盘,2017-06-29,2017-06-29 10:04:21
10:04:24,10:04:24,8.54,--,68,58071,卖盘,2017-06-29,2017-06-29 10:04:24
10:04:27,10:04:27,8.54,--,199,169945,卖盘,2017-06-29,2017-06-29 10:04:27
10:04:30,10:04:30,8.55,0.01,7,5985,买盘,2017-06-29,2017-06-29 10:04:30
10:04:33,10:04:33,8.55,--,100,85500,买盘,2017-06-29,2017-06-29 10:04:33
10:04:36,10:04:36,8.55,--,298,254790,买盘,2017-06-29,2017-06-29 10:04:36
10:04:39,10:04:39,8.55,--,151,129105,卖盘,2017-06-29,2017-06-29 10:04:39
10:04:42,10:04:42,8.55,--,210,179550,卖盘,2017-06-29,2017-06-29 10:04:42
10:04:45,10:04:45,8.55,--,61,52155,卖盘,2017-06-29,2017-06-29 10:04:45
10:04:48,10:04:48,8.56,0.01,4,3424,买盘,2017-06-29,2017-06-29 10:04:48
10:04:51,10:04:51,8.55,-0.01,84,71820,卖盘,2017-06-29,2017-06-29 10:04:51
10:04:54,10:04:54,8.55,--,29,24795,买盘,2017-06-29,2017-06-29 10:04:54
10:04:57,10:04:57,8.55,--,92,78660,买盘,2017-06-29,2017-06-29 10:04:57
10:05:00,10:05:00,8.55,--,127,108585,卖盘,2017-06-29,2017-06-29 10:05:00
10:05:03,10:05:03,8.55,--,65,55575,买盘,2017-06-29,2017-06-29 10:05:03
10:05:06,10:05:06,8.54,-0.01,1503,1284381,卖盘,2017-06-29,2017-06-29 10:05:06
10:05:09,10:05:09,8.55,0.01,246,210330,中性盘,2017-06-29,2017-06-29 10:05:09
10:05:12,10:05:12,8.55,--,7,5985,买盘,2017-06-29,2017-06-29 10:05:12
10:05:15,10:05:15,8.56,0.01,35,29960,买盘,2017-06-29,2017-06-29 10:05:15
10:05:18,10:05:18,8.56,--,121,103576,买盘,2017-06-29,2017-06-29 10:05:18
10:05:21,10:05:21,8.55,-0.01,99,84645,中性盘,2017-06-29,2017-06-29 10:05:21
10:05:24,10:05:24,8.55,--,3,2565,买盘,2017-06-29,2017-06-29 10:05:24
10:05:27,10:05:27,8.54,-0.01,84,71736,卖盘,2017-06-29,2017-06-29 10:05:27
10:05:30,10:05:30,8.54,--,134,114435,卖盘,2017-06-29,2017-06-29 10:05:30
10:05:33,10:05:33,8.54,--,183,156316,卖盘,2017-06-29,2017-06-29 10:05:33
10:05:36,10:05:36,8.54,--,73,62341,买盘,2017-06-29,2017-06-29 10:05:36
10:05:39,10:05:39,8.54,--,39,33306,买盘,2017-06-29,2017-06-29 10:05:39
10:05:42,10:05:42,8.54,--,68,58071,买盘,2017-06-29,2017-06-29 10:05:42
10:05:45,10:05:45,8.53,-0.01,234,199601,卖盘,2017-06-29,2017-06-29 10:05:45
10:05:48,10:05:48,8.53,--,36,30707,卖盘,2017-06-29,2017-06-29 10:05:48
10:05:51,10:05:51,8.54,0.01,31,26473,买盘,2017-06-29,2017-06-29 10:05:51
10:05:54,10:05:54,8.53,-0.01,53,45209,卖盘,2017-06-29,2017-06-29 10:05:54
10:05:57,10:05:57,8.53,--,100,85300,卖盘,2017-06-29,2017-06-29 10:05:57
10:06:00,10:06:00,8.54,0.01,79,67466,买盘,2017-06-29,2017-06-29 10:06:00
10:06:03,10:06:03,8.53,-0.01,202,172306,卖盘,2017-06-29,2017-06-29 10:06:03
10:06:06,10:06:06,8.53,--,209,178277,卖盘,2017-06-29,2017-06-29 10:06:06
10:06:12,10:06:12,8.53,--,19,16206,买盘,2017-06-29,2017-06-29 10:06:12
10:06:15,10:06:15,8.53,--,516,440147,买盘,2017-06-29,2017-06-29 10:06:15
10:06:18,10:06:18,8.53,--,3441,2935173,买盘,2017-06-29,2017-06-29 10:06:18
10:06:21,10:06:21,8.52,-0.01,22,18744,卖盘,2017-06-29,2017-06-29 10:06:21
10:06:24,10:06:24,8.53,0.01,131,111742,买盘,2017-06-29,2017-06-29 10:06:24
10:06:27,10:06:27,8.54,0.01,37,31597,买盘,2017-06-29,2017-06-29 10:06:27
10:06:30,10:06:30,8.53,-0.01,78,66534,卖盘,2017-06-29,2017-06-29 10:06:30
10:06:33,10:06:33,8.53,--,567,483650,卖盘,2017-06-29,2017-06-29 10:06:33
10:06:36,10:06:36,8.53,--,62,52885,卖盘,2017-06-29,2017-06-29 10:06:36
10:06:39,10:06:39,8.53,--,62,52885,买盘,2017-06-29,2017-06-29 10:06:39
10:06:45,10:06:45,8.53,--,162,138186,买盘,2017-06-29,2017-06-29 10:06:45
10:06:48,10:06:48,8.52,-0.01,268,228336,卖盘,2017-06-29,2017-06-29 10:06:48
10:06:54,10:06:54,8.51,-0.01,190,161911,卖盘,2017-06-29,2017-06-29 10:06:54
10:06:57,10:06:57,8.51,--,9,7659,卖盘,2017-06-29,2017-06-29 10:06:57
10:07:00,10:07:00,8.52,0.01,38,32376,买盘,2017-06-29,2017-06-29 10:07:00
10:07:03,10:07:03,8.51,-0.01,20,17020,卖盘,2017-06-29,2017-06-29 10:07:03
10:07:06,10:07:06,8.51,--,29,24679,卖盘,2017-06-29,2017-06-29 10:07:06
10:07:09,10:07:09,8.51,--,141,120620,卖盘,2017-06-29,2017-06-29 10:07:09
10:07:12,10:07:12,8.51,--,145,123395,买盘,2017-06-29,2017-06-29 10:07:12
10:07:15,10:07:15,8.51,--,6,5106,买盘,2017-06-29,2017-06-29 10:07:15
10:07:18,10:07:18,8.5,-0.01,107,90950,卖盘,2017-06-29,2017-06-29 10:07:18
10:07:21,10:07:21,8.51,0.01,67,57017,买盘,2017-06-29,2017-06-29 10:07:21
10:07:24,10:07:24,8.51,--,45,38295,买盘,2017-06-29,2017-06-29 10:07:24
10:07:27,10:07:27,8.51,--,111,94461,买盘,2017-06-29,2017-06-29 10:07:27
10:07:30,10:07:30,8.5,-0.01,149,126650,卖盘,2017-06-29,2017-06-29 10:07:30
10:07:33,10:07:33,8.5,--,47,39950,卖盘,2017-06-29,2017-06-29 10:07:33
10:07:36,10:07:36,8.5,--,9,7650,卖盘,2017-06-29,2017-06-29 10:07:36
10:07:39,10:07:39,8.5,--,19,16150,卖盘,2017-06-29,2017-06-29 10:07:39
10:07:42,10:07:42,8.5,--,843,716550,卖盘,2017-06-29,2017-06-29 10:07:42
10:07:45,10:07:45,8.5,--,26,22100,卖盘,2017-06-29,2017-06-29 10:07:45
10:07:48,10:07:48,8.5,--,88,74800,卖盘,2017-06-29,2017-06-29 10:07:48
10:07:51,10:07:51,8.51,0.01,201,171051,买盘,2017-06-29,2017-06-29 10:07:51
10:07:54,10:07:54,8.5,-0.01,115,97750,卖盘,2017-06-29,2017-06-29 10:07:54
10:07:57,10:07:57,8.49,-0.01,1077,914373,卖盘,2017-06-29,2017-06-29 10:07:57
10:08:00,10:08:00,8.5,0.01,25,21250,买盘,2017-06-29,2017-06-29 10:08:00
10:08:03,10:08:03,8.49,-0.01,97,82353,卖盘,2017-06-29,2017-06-29 10:08:03
10:08:06,10:08:06,8.5,0.01,34,28900,买盘,2017-06-29,2017-06-29 10:08:06
10:08:09,10:08:09,8.5,--,51,43350,买盘,2017-06-29,2017-06-29 10:08:09
10:08:12,10:08:12,8.49,-0.01,228,193572,卖盘,2017-06-29,2017-06-29 10:08:12
10:08:18,10:08:18,8.49,--,245,208005,卖盘,2017-06-29,2017-06-29 10:08:18
10:08:21,10:08:21,8.49,--,17,14433,卖盘,2017-06-29,2017-06-29 10:08:21
10:08:24,10:08:24,8.5,0.01,120,102000,买盘,2017-06-29,2017-06-29 10:08:24
10:08:27,10:08:27,8.49,-0.01,16,13584,卖盘,2017-06-29,2017-06-29 10:08:27
10:08:30,10:08:30,8.5,0.01,7,5950,中性盘,2017-06-29,2017-06-29 10:08:30
10:08:33,10:08:33,8.5,--,33,28050,买盘,2017-06-29,2017-06-29 10:08:33
10:08:36,10:08:36,8.5,--,142,120700,买盘,2017-06-29,2017-06-29 10:08:36
10:08:39,10:08:39,8.51,0.01,1399,1190770,买盘,2017-06-29,2017-06-29 10:08:39
10:08:42,10:08:42,8.51,--,1,851,卖盘,2017-06-29,2017-06-29 10:08:42
10:08:45,10:08:45,8.51,--,57,48507,卖盘,2017-06-29,2017-06-29 10:08:45
10:08:48,10:08:48,8.51,--,226,192326,卖盘,2017-06-29,2017-06-29 10:08:48
10:08:51,10:08:51,8.52,0.01,35,29820,买盘,2017-06-29,2017-06-29 10:08:51
10:08:54,10:08:54,8.53,0.01,770,656810,买盘,2017-06-29,2017-06-29 10:08:54
10:08:57,10:08:57,8.51,-0.02,68,57868,卖盘,2017-06-29,2017-06-29 10:08:57
10:09:00,10:09:00,8.51,--,7,5957,卖盘,2017-06-29,2017-06-29 10:09:00
10:09:03,10:09:03,8.52,0.01,20,17040,卖盘,2017-06-29,2017-06-29 10:09:03
10:09:06,10:09:06,8.52,--,15,12780,卖盘,2017-06-29,2017-06-29 10:09:06
10:09:09,10:09:09,8.52,--,20,17040,卖盘,2017-06-29,2017-06-29 10:09:09
10:09:12,10:09:12,8.53,0.01,11,9383,买盘,2017-06-29,2017-06-29 10:09:12
10:09:15,10:09:15,8.53,--,99,84447,买盘,2017-06-29,2017-06-29 10:09:15
10:09:18,10:09:18,8.53,--,24,20472,买盘,2017-06-29,2017-06-29 10:09:18
10:09:21,10:09:21,8.53,--,42,35826,买盘,2017-06-29,2017-06-29 10:09:21
10:09:24,10:09:24,8.53,--,46,39238,买盘,2017-06-29,2017-06-29 10:09:24
10:09:27,10:09:27,8.52,-0.01,27,23004,卖盘,2017-06-29,2017-06-29 10:09:27
10:09:30,10:09:30,8.53,0.01,7,5971,买盘,2017-06-29,2017-06-29 10:09:30
10:09:33,10:09:33,8.53,--,116,98947,买盘,2017-06-29,2017-06-29 10:09:33
10:09:36,10:09:36,8.52,-0.01,67,57084,卖盘,2017-06-29,2017-06-29 10:09:36
10:09:39,10:09:39,8.53,0.01,22,18766,买盘,2017-06-29,2017-06-29 10:09:39
10:09:42,10:09:42,8.52,-0.01,47,40044,卖盘,2017-06-29,2017-06-29 10:09:42
10:09:45,10:09:45,8.53,0.01,221,188513,买盘,2017-06-29,2017-06-29 10:09:45
10:09:48,10:09:48,8.53,--,88,75064,买盘,2017-06-29,2017-06-29 10:09:48
10:09:51,10:09:51,8.52,-0.01,96,81792,卖盘,2017-06-29,2017-06-29 10:09:51
10:09:54,10:09:54,8.53,0.01,63,53738,买盘,2017-06-29,2017-06-29 10:09:54
10:09:57,10:09:57,8.53,--,87,74211,买盘,2017-06-29,2017-06-29 10:09:57
10:10:00,10:10:00,8.52,-0.01,220,187440,卖盘,2017-06-29,2017-06-29 10:10:00
10:10:03,10:10:03,8.53,0.01,409,348877,买盘,2017-06-29,2017-06-29 10:10:03
10:10:06,10:10:06,8.53,--,9,7676,买盘,2017-06-29,2017-06-29 10:10:06
10:10:09,10:10:09,8.52,-0.01,7,5964,中性盘,2017-06-29,2017-06-29 10:10:09
10:10:12,10:10:12,8.52,--,41,34932,卖盘,2017-06-29,2017-06-29 10:10:12
10:10:15,10:10:15,8.52,--,53,45156,买盘,2017-06-29,2017-06-29 10:10:15
10:10:21,10:10:21,8.53,0.01,71,60562,买盘,2017-06-29,2017-06-29 10:10:21
10:10:24,10:10:24,8.52,-0.01,66,56232,卖盘,2017-06-29,2017-06-29 10:10:24
10:10:27,10:10:27,8.52,--,10,8520,买盘,2017-06-29,2017-06-29 10:10:27
10:10:30,10:10:30,8.51,-0.01,22,18722,卖盘,2017-06-29,2017-06-29 10:10:30
10:10:33,10:10:33,8.51,--,5,4255,卖盘,2017-06-29,2017-06-29 10:10:33
10:10:36,10:10:36,8.51,--,32,27232,卖盘,2017-06-29,2017-06-29 10:10:36
10:10:39,10:10:39,8.52,0.01,200,170400,买盘,2017-06-29,2017-06-29 10:10:39
10:10:42,10:10:42,8.51,-0.01,17,14467,卖盘,2017-06-29,2017-06-29 10:10:42
10:10:45,10:10:45,8.52,0.01,78,66456,买盘,2017-06-29,2017-06-29 10:10:45
10:10:48,10:10:48,8.51,-0.01,36,30636,卖盘,2017-06-29,2017-06-29 10:10:48
10:10:51,10:10:51,8.51,--,70,59570,卖盘,2017-06-29,2017-06-29 10:10:51
10:10:54,10:10:54,8.51,--,15,12765,卖盘,2017-06-29,2017-06-29 10:10:54
10:10:57,10:10:57,8.52,0.01,24,20448,买盘,2017-06-29,2017-06-29 10:10:57
10:11:00,10:11:00,8.51,-0.01,15,12765,卖盘,2017-06-29,2017-06-29 10:11:00
10:11:03,10:11:03,8.52,0.01,429,365508,买盘,2017-06-29,2017-06-29 10:11:03
10:11:06,10:11:06,8.52,--,150,127800,卖盘,2017-06-29,2017-06-29 10:11:06
10:11:09,10:11:09,8.52,--,7,5964,卖盘,2017-06-29,2017-06-29 10:11:09
10:11:12,10:11:12,8.51,-0.01,398,338698,卖盘,2017-06-29,2017-06-29 10:11:12
10:11:15,10:11:15,8.53,0.02,298,254193,买盘,2017-06-29,2017-06-29 10:11:15
10:11:18,10:11:18,8.53,--,8,6823,卖盘,2017-06-29,2017-06-29 10:11:18
10:11:24,10:11:24,8.53,--,35,29854,卖盘,2017-06-29,2017-06-29 10:11:24
10:11:27,10:11:27,8.53,--,22,18766,卖盘,2017-06-29,2017-06-29 10:11:27
10:11:30,10:11:30,8.53,--,64,54591,卖盘,2017-06-29,2017-06-29 10:11:30
10:11:33,10:11:33,8.54,0.01,318,271572,买盘,2017-06-29,2017-06-29 10:11:33
10:11:36,10:11:36,8.53,-0.01,102,87006,买盘,2017-06-29,2017-06-29 10:11:36
10:11:39,10:11:39,8.53,--,5,4265,买盘,2017-06-29,2017-06-29 10:11:39
10:11:42,10:11:42,8.52,-0.01,16,13632,中性盘,2017-06-29,2017-06-29 10:11:42
10:11:45,10:11:45,8.52,--,37,31524,买盘,2017-06-29,2017-06-29 10:11:45
10:11:51,10:11:51,8.53,0.01,25,21325,买盘,2017-06-29,2017-06-29 10:11:51
10:11:54,10:11:54,8.51,-0.02,438,372738,卖盘,2017-06-29,2017-06-29 10:11:54
10:11:57,10:11:57,8.52,0.01,516,439632,中性盘,2017-06-29,2017-06-29 10:11:57
10:12:00,10:12:00,8.52,--,13,11076,卖盘,2017-06-29,2017-06-29 10:12:00
10:12:09,10:12:09,8.5,-0.02,810,688500,卖盘,2017-06-29,2017-06-29 10:12:09
10:12:12,10:12:12,8.53,0.03,150,127949,买盘,2017-06-29,2017-06-29 10:12:12
10:12:15,10:12:15,8.5,-0.03,300,255000,卖盘,2017-06-29,2017-06-29 10:12:15
10:12:18,10:12:18,8.5,--,25,21250,卖盘,2017-06-29,2017-06-29 10:12:18
10:12:24,10:12:24,8.52,0.02,13,11076,买盘,2017-06-29,2017-06-29 10:12:24
10:12:27,10:12:27,8.5,-0.02,9,7650,卖盘,2017-06-29,2017-06-29 10:12:27
10:12:30,10:12:30,8.5,--,92,78200,卖盘,2017-06-29,2017-06-29 10:12:30
10:12:33,10:12:33,8.48,-0.02,958,813011,卖盘,2017-06-29,2017-06-29 10:12:33
10:12:36,10:12:36,8.5,0.02,130,110721,买盘,2017-06-29,2017-06-29 10:12:36
10:12:39,10:12:39,8.5,--,13,11679,卖盘,2017-06-29,2017-06-29 10:12:39
10:12:42,10:12:42,8.49,-0.01,56,47544,卖盘,2017-06-29,2017-06-29 10:12:42
10:12:45,10:12:45,8.5,0.01,19,16150,买盘,2017-06-29,2017-06-29 10:12:45
10:12:48,10:12:48,8.49,-0.01,101,85749,卖盘,2017-06-29,2017-06-29 10:12:48
10:12:51,10:12:51,8.49,--,244,207156,买盘,2017-06-29,2017-06-29 10:12:51
10:12:54,10:12:54,8.49,--,39,33111,卖盘,2017-06-29,2017-06-29 10:12:54
10:12:57,10:12:57,8.49,--,140,118860,买盘,2017-06-29,2017-06-29 10:12:57
10:13:00,10:13:00,8.48,-0.01,354,300192,卖盘,2017-06-29,2017-06-29 10:13:00
10:13:03,10:13:03,8.48,--,38,32224,卖盘,2017-06-29,2017-06-29 10:13:03
10:13:06,10:13:06,8.49,0.01,131,111219,买盘,2017-06-29,2017-06-29 10:13:06
10:13:09,10:13:09,8.49,--,170,144330,买盘,2017-06-29,2017-06-29 10:13:09
10:13:12,10:13:12,8.48,-0.01,725,614800,卖盘,2017-06-29,2017-06-29 10:13:12
10:13:15,10:13:15,8.49,0.01,908,770892,买盘,2017-06-29,2017-06-29 10:13:15
10:13:18,10:13:18,8.49,--,36,30564,卖盘,2017-06-29,2017-06-29 10:13:18
10:13:21,10:13:21,8.49,--,96,81504,卖盘,2017-06-29,2017-06-29 10:13:21
10:13:24,10:13:24,8.48,-0.01,174,147552,卖盘,2017-06-29,2017-06-29 10:13:24
10:13:27,10:13:27,8.48,--,33,27984,卖盘,2017-06-29,2017-06-29 10:13:27
10:13:30,10:13:30,8.49,0.01,45,38205,买盘,2017-06-29,2017-06-29 10:13:30
10:13:33,10:13:33,8.48,-0.01,186,157728,卖盘,2017-06-29,2017-06-29 10:13:33
10:13:36,10:13:36,8.48,--,28,23744,卖盘,2017-06-29,2017-06-29 10:13:36
10:13:39,10:13:39,8.49,0.01,254,215646,买盘,2017-06-29,2017-06-29 10:13:39
10:13:42,10:13:42,8.48,-0.01,107,90956,卖盘,2017-06-29,2017-06-29 10:13:42
10:13:45,10:13:45,8.49,0.01,506,429594,买盘,2017-06-29,2017-06-29 10:13:45
10:13:48,10:13:48,8.49,--,25,21225,卖盘,2017-06-29,2017-06-29 10:13:48
10:13:51,10:13:51,8.49,--,48,40752,卖盘,2017-06-29,2017-06-29 10:13:51
10:13:54,10:13:54,8.49,--,32,27168,卖盘,2017-06-29,2017-06-29 10:13:54
10:13:57,10:13:57,8.5,0.01,108,91800,买盘,2017-06-29,2017-06-29 10:13:57
10:14:00,10:14:00,8.49,-0.01,45,38205,卖盘,2017-06-29,2017-06-29 10:14:00
10:14:03,10:14:03,8.49,--,231,196119,卖盘,2017-06-29,2017-06-29 10:14:03
10:14:06,10:14:06,8.49,--,44,37356,买盘,2017-06-29,2017-06-29 10:14:06
10:14:09,10:14:09,8.5,0.01,369,313650,买盘,2017-06-29,2017-06-29 10:14:09
10:14:12,10:14:12,8.49,-0.01,28,23772,买盘,2017-06-29,2017-06-29 10:14:12
10:14:15,10:14:15,8.48,-0.01,222,188256,卖盘,2017-06-29,2017-06-29 10:14:15
10:14:18,10:14:18,8.49,0.01,41,34809,中性盘,2017-06-29,2017-06-29 10:14:18
10:14:21,10:14:21,8.49,--,37,31413,买盘,2017-06-29,2017-06-29 10:14:21
10:14:24,10:14:24,8.48,-0.01,168,142464,卖盘,2017-06-29,2017-06-29 10:14:24
10:14:30,10:14:30,8.49,0.01,10,8490,中性盘,2017-06-29,2017-06-29 10:14:30
10:14:33,10:14:33,8.49,--,3,2547,卖盘,2017-06-29,2017-06-29 10:14:33
10:14:36,10:14:36,8.49,--,22,18678,卖盘,2017-06-29,2017-06-29 10:14:36
10:14:39,10:14:39,8.49,--,216,183384,卖盘,2017-06-29,2017-06-29 10:14:39
10:14:42,10:14:42,8.49,--,67,56883,卖盘,2017-06-29,2017-06-29 10:14:42
10:14:45,10:14:45,8.5,0.01,114,96900,买盘,2017-06-29,2017-06-29 10:14:45
10:14:48,10:14:48,8.5,--,30,25500,卖盘,2017-06-29,2017-06-29 10:14:48
10:14:51,10:14:51,8.5,--,17,14450,卖盘,2017-06-29,2017-06-29 10:14:51
10:14:54,10:14:54,8.49,-0.01,93,78957,卖盘,2017-06-29,2017-06-29 10:14:54
10:14:57,10:14:57,8.5,0.01,23,19550,中性盘,2017-06-29,2017-06-29 10:14:57
10:15:00,10:15:00,8.5,--,10,8500,买盘,2017-06-29,2017-06-29 10:15:00
10:15:06,10:15:06,8.49,-0.01,69,58581,卖盘,2017-06-29,2017-06-29 10:15:06
10:15:09,10:15:09,8.5,0.01,93,79050,买盘,2017-06-29,2017-06-29 10:15:09
10:15:12,10:15:12,8.49,-0.01,42,35658,卖盘,2017-06-29,2017-06-29 10:15:12
10:15:15,10:15:15,8.49,--,161,136689,卖盘,2017-06-29,2017-06-29 10:15:15
10:15:18,10:15:18,8.5,0.01,9,7650,买盘,2017-06-29,2017-06-29 10:15:18
10:15:21,10:15:21,8.49,-0.01,10,8490,卖盘,2017-06-29,2017-06-29 10:15:21
10:15:24,10:15:24,8.5,0.01,30,25500,买盘,2017-06-29,2017-06-29 10:15:24
10:15:27,10:15:27,8.5,--,305,259250,买盘,2017-06-29,2017-06-29 10:15:27
10:15:30,10:15:30,8.5,--,51,43350,买盘,2017-06-29,2017-06-29 10:15:30
10:15:33,10:15:33,8.5,--,307,260950,买盘,2017-06-29,2017-06-29 10:15:33
10:15:36,10:15:36,8.49,-0.01,50,42450,卖盘,2017-06-29,2017-06-29 10:15:36
10:15:39,10:15:39,8.49,--,58,49242,买盘,2017-06-29,2017-06-29 10:15:39
10:15:42,10:15:42,8.49,--,93,78957,买盘,2017-06-29,2017-06-29 10:15:42
10:15:45,10:15:45,8.49,--,102,86598,买盘,2017-06-29,2017-06-29 10:15:45
10:15:48,10:15:48,8.48,-0.01,89,75472,卖盘,2017-06-29,2017-06-29 10:15:48
10:15:51,10:15:51,8.48,--,22,18656,卖盘,2017-06-29,2017-06-29 10:15:51
10:15:54,10:15:54,8.49,0.01,130,110370,买盘,2017-06-29,2017-06-29 10:15:54
10:15:57,10:15:57,8.48,-0.01,185,156880,卖盘,2017-06-29,2017-06-29 10:15:57
10:16:00,10:16:00,8.48,--,117,99216,卖盘,2017-06-29,2017-06-29 10:16:00
10:16:03,10:16:03,8.49,0.01,14,11886,中性盘,2017-06-29,2017-06-29 10:16:03
10:16:06,10:16:06,8.49,--,81,68769,卖盘,2017-06-29,2017-06-29 10:16:06
10:16:15,10:16:15,8.49,--,10,8490,卖盘,2017-06-29,2017-06-29 10:16:15
10:16:18,10:16:18,8.48,-0.01,1636,1387328,卖盘,2017-06-29,2017-06-29 10:16:18
10:16:21,10:16:21,8.49,0.01,180,152820,买盘,2017-06-29,2017-06-29 10:16:21
10:16:24,10:16:24,8.49,--,6,5094,买盘,2017-06-29,2017-06-29 10:16:24
10:16:27,10:16:27,8.49,--,59,50091,买盘,2017-06-29,2017-06-29 10:16:27
10:16:30,10:16:30,8.48,-0.01,167,141616,卖盘,2017-06-29,2017-06-29 10:16:30
10:16:33,10:16:33,8.49,0.01,148,125652,买盘,2017-06-29,2017-06-29 10:16:33
10:16:36,10:16:36,8.48,-0.01,276,234048,卖盘,2017-06-29,2017-06-29 10:16:36
10:16:39,10:16:39,8.49,0.01,126,106974,买盘,2017-06-29,2017-06-29 10:16:39
10:16:42,10:16:42,8.48,-0.01,99,83952,卖盘,2017-06-29,2017-06-29 10:16:42
10:16:45,10:16:45,8.48,--,47,39856,卖盘,2017-06-29,2017-06-29 10:16:45
10:16:48,10:16:48,8.49,0.01,112,95088,买盘,2017-06-29,2017-06-29 10:16:48
10:16:51,10:16:51,8.49,--,125,106125,买盘,2017-06-29,2017-06-29 10:16:51
10:16:54,10:16:54,8.48,-0.01,45,38160,卖盘,2017-06-29,2017-06-29 10:16:54
10:16:57,10:16:57,8.48,--,105,89040,卖盘,2017-06-29,2017-06-29 10:16:57
10:17:00,10:17:00,8.48,--,17,14416,卖盘,2017-06-29,2017-06-29 10:17:00
10:17:03,10:17:03,8.49,0.01,265,224985,买盘,2017-06-29,2017-06-29 10:17:03
10:17:06,10:17:06,8.48,-0.01,121,102608,卖盘,2017-06-29,2017-06-29 10:17:06
10:17:12,10:17:12,8.49,0.01,3,2547,中性盘,2017-06-29,2017-06-29 10:17:12
10:17:15,10:17:15,8.48,-0.01,135,114480,卖盘,2017-06-29,2017-06-29 10:17:15
10:17:18,10:17:18,8.49,0.01,74,62826,中性盘,2017-06-29,2017-06-29 10:17:18
10:17:21,10:17:21,8.49,--,164,139236,买盘,2017-06-29,2017-06-29 10:17:21
10:17:24,10:17:24,8.49,--,85,72165,买盘,2017-06-29,2017-06-29 10:17:24
10:17:27,10:17:27,8.49,--,62,52638,卖盘,2017-06-29,2017-06-29 10:17:27
10:17:30,10:17:30,8.48,-0.01,504,427392,卖盘,2017-06-29,2017-06-29 10:17:30
10:17:33,10:17:33,8.49,0.01,57,48393,买盘,2017-06-29,2017-06-29 10:17:33
10:17:36,10:17:36,8.49,--,21,17829,卖盘,2017-06-29,2017-06-29 10:17:36
10:17:39,10:17:39,8.49,--,32,27168,买盘,2017-06-29,2017-06-29 10:17:39
10:17:42,10:17:42,8.49,--,265,224985,买盘,2017-06-29,2017-06-29 10:17:42
10:17:45,10:17:45,8.5,0.01,46,39100,买盘,2017-06-29,2017-06-29 10:17:45
10:17:48,10:17:48,8.49,-0.01,26,22074,卖盘,2017-06-29,2017-06-29 10:17:48
10:17:51,10:17:51,8.49,--,20,16980,卖盘,2017-06-29,2017-06-29 10:17:51
10:17:54,10:17:54,8.49,--,15,12735,卖盘,2017-06-29,2017-06-29 10:17:54
10:17:57,10:17:57,8.49,--,176,149424,卖盘,2017-06-29,2017-06-29 10:17:57
10:18:00,10:18:00,8.49,--,33,28017,卖盘,2017-06-29,2017-06-29 10:18:00
10:18:03,10:18:03,8.5,0.01,97,82450,买盘,2017-06-29,2017-06-29 10:18:03
10:18:06,10:18:06,8.49,-0.01,33,28017,卖盘,2017-06-29,2017-06-29 10:18:06
10:18:09,10:18:09,8.5,0.01,188,159800,买盘,2017-06-29,2017-06-29 10:18:09
10:18:15,10:18:15,8.5,--,141,119850,买盘,2017-06-29,2017-06-29 10:18:15
10:18:18,10:18:18,8.49,-0.01,84,71316,卖盘,2017-06-29,2017-06-29 10:18:18
10:18:21,10:18:21,8.5,0.01,222,188700,买盘,2017-06-29,2017-06-29 10:18:21
10:18:24,10:18:24,8.5,--,107,90950,买盘,2017-06-29,2017-06-29 10:18:24
10:18:27,10:18:27,8.5,--,87,73950,买盘,2017-06-29,2017-06-29 10:18:27
10:18:30,10:18:30,8.5,--,54,45900,买盘,2017-06-29,2017-06-29 10:18:30
10:18:33,10:18:33,8.5,--,50,42500,买盘,2017-06-29,2017-06-29 10:18:33
10:18:36,10:18:36,8.49,-0.01,22,18678,卖盘,2017-06-29,2017-06-29 10:18:36
10:18:39,10:18:39,8.5,0.01,171,145350,买盘,2017-06-29,2017-06-29 10:18:39
10:18:42,10:18:42,8.5,--,30,25500,卖盘,2017-06-29,2017-06-29 10:18:42
10:18:45,10:18:45,8.49,-0.01,86,73014,卖盘,2017-06-29,2017-06-29 10:18:45
10:18:51,10:18:51,8.5,0.01,143,121550,买盘,2017-06-29,2017-06-29 10:18:51
10:18:57,10:18:57,8.5,--,34,28900,卖盘,2017-06-29,2017-06-29 10:18:57
10:19:00,10:19:00,8.5,--,100,85000,卖盘,2017-06-29,2017-06-29 10:19:00
10:19:03,10:19:03,8.51,0.01,34,28934,买盘,2017-06-29,2017-06-29 10:19:03
10:19:06,10:19:06,8.51,--,35,29785,买盘,2017-06-29,2017-06-29 10:19:06
10:19:12,10:19:12,8.51,--,200,170200,买盘,2017-06-29,2017-06-29 10:19:12
10:19:15,10:19:15,8.5,-0.01,55,46750,卖盘,2017-06-29,2017-06-29 10:19:15
10:19:18,10:19:18,8.5,--,92,78200,卖盘,2017-06-29,2017-06-29 10:19:18
10:19:21,10:19:21,8.51,0.01,52,44252,买盘,2017-06-29,2017-06-29 10:19:21
10:19:24,10:19:24,8.5,-0.01,34,28900,卖盘,2017-06-29,2017-06-29 10:19:24
10:19:27,10:19:27,8.5,--,119,101150,卖盘,2017-06-29,2017-06-29 10:19:27
10:19:30,10:19:30,8.51,0.01,2,1702,买盘,2017-06-29,2017-06-29 10:19:30
10:19:33,10:19:33,8.51,--,23,19573,买盘,2017-06-29,2017-06-29 10:19:33
10:19:36,10:19:36,8.5,-0.01,40,34000,卖盘,2017-06-29,2017-06-29 10:19:36
10:19:39,10:19:39,8.5,--,62,52700,卖盘,2017-06-29,2017-06-29 10:19:39
10:19:42,10:19:42,8.51,0.01,516,439116,买盘,2017-06-29,2017-06-29 10:19:42
10:19:45,10:19:45,8.5,-0.01,50,42500,卖盘,2017-06-29,2017-06-29 10:19:45
10:19:48,10:19:48,8.51,0.01,134,114034,买盘,2017-06-29,2017-06-29 10:19:48
10:19:54,10:19:54,8.5,-0.01,25,21250,买盘,2017-06-29,2017-06-29 10:19:54
10:19:57,10:19:57,8.5,--,54,45900,买盘,2017-06-29,2017-06-29 10:19:57
10:20:00,10:20:00,8.5,--,33,28050,买盘,2017-06-29,2017-06-29 10:20:00
10:20:03,10:20:03,8.49,-0.01,252,213948,卖盘,2017-06-29,2017-06-29 10:20:03
10:20:06,10:20:06,8.5,0.01,283,240550,买盘,2017-06-29,2017-06-29 10:20:06
10:20:09,10:20:09,8.49,-0.01,60,50940,卖盘,2017-06-29,2017-06-29 10:20:09
10:20:12,10:20:12,8.49,--,12,10188,卖盘,2017-06-29,2017-06-29 10:20:12
10:20:15,10:20:15,8.49,--,27,22923,买盘,2017-06-29,2017-06-29 10:20:15
10:20:18,10:20:18,8.49,--,7,5943,买盘,2017-06-29,2017-06-29 10:20:18
10:20:21,10:20:21,8.49,--,79,67071,买盘,2017-06-29,2017-06-29 10:20:21
10:20:24,10:20:24,8.49,--,257,218193,买盘,2017-06-29,2017-06-29 10:20:24
10:20:27,10:20:27,8.49,--,1,849,卖盘,2017-06-29,2017-06-29 10:20:27
10:20:30,10:20:30,8.49,--,5,4245,卖盘,2017-06-29,2017-06-29 10:20:30
10:20:33,10:20:33,8.5,0.01,22,18700,买盘,2017-06-29,2017-06-29 10:20:33
10:20:36,10:20:36,8.49,-0.01,315,267435,卖盘,2017-06-29,2017-06-29 10:20:36
10:20:39,10:20:39,8.5,0.01,7,5950,买盘,2017-06-29,2017-06-29 10:20:39
10:20:42,10:20:42,8.5,--,19,16150,买盘,2017-06-29,2017-06-29 10:20:42
10:20:45,10:20:45,8.49,-0.01,5,4245,卖盘,2017-06-29,2017-06-29 10:20:45
10:20:48,10:20:48,8.5,0.01,10,8500,买盘,2017-06-29,2017-06-29 10:20:48
10:20:51,10:20:51,8.5,--,171,145350,买盘,2017-06-29,2017-06-29 10:20:51
10:20:57,10:20:57,8.49,-0.01,439,372711,卖盘,2017-06-29,2017-06-29 10:20:57
10:21:00,10:21:00,8.5,0.01,12,10200,中性盘,2017-06-29,2017-06-29 10:21:00
10:21:03,10:21:03,8.5,--,6,5100,卖盘,2017-06-29,2017-06-29 10:21:03
10:21:06,10:21:06,8.5,--,90,76500,卖盘,2017-06-29,2017-06-29 10:21:06
10:21:09,10:21:09,8.5,--,47,39950,买盘,2017-06-29,2017-06-29 10:21:09
10:21:12,10:21:12,8.49,-0.01,121,102729,卖盘,2017-06-29,2017-06-29 10:21:12
10:21:15,10:21:15,8.5,0.01,7,5950,买盘,2017-06-29,2017-06-29 10:21:15
10:21:18,10:21:18,8.49,-0.01,1,849,卖盘,2017-06-29,2017-06-29 10:21:18
10:21:21,10:21:21,8.5,0.01,4,3400,买盘,2017-06-29,2017-06-29 10:21:21
10:21:24,10:21:24,8.5,--,30,25500,买盘,2017-06-29,2017-06-29 10:21:24
10:21:27,10:21:27,8.49,-0.01,580,492420,卖盘,2017-06-29,2017-06-29 10:21:27
10:21:30,10:21:30,8.49,--,22,18678,卖盘,2017-06-29,2017-06-29 10:21:30
10:21:33,10:21:33,8.49,--,56,47544,卖盘,2017-06-29,2017-06-29 10:21:33
10:21:36,10:21:36,8.5,0.01,23,19550,买盘,2017-06-29,2017-06-29 10:21:36
10:21:39,10:21:39,8.5,--,64,54400,买盘,2017-06-29,2017-06-29 10:21:39
10:21:42,10:21:42,8.5,--,19,16150,买盘,2017-06-29,2017-06-29 10:21:42
10:21:45,10:21:45,8.49,-0.01,12,10188,卖盘,2017-06-29,2017-06-29 10:21:45
10:21:51,10:21:51,8.5,0.01,16,13600,中性盘,2017-06-29,2017-06-29 10:21:51
10:21:54,10:21:54,8.5,--,98,83300,卖盘,2017-06-29,2017-06-29 10:21:54
10:21:57,10:21:57,8.49,-0.01,62,52638,卖盘,2017-06-29,2017-06-29 10:21:57
10:22:00,10:22:00,8.49,--,13,11037,卖盘,2017-06-29,2017-06-29 10:22:00
10:22:03,10:22:03,8.5,0.01,41,34850,买盘,2017-06-29,2017-06-29 10:22:03
10:22:06,10:22:06,8.5,--,3,2550,买盘,2017-06-29,2017-06-29 10:22:06
10:22:09,10:22:09,8.49,-0.01,26,22074,卖盘,2017-06-29,2017-06-29 10:22:09
10:22:12,10:22:12,8.5,0.01,20,17000,买盘,2017-06-29,2017-06-29 10:22:12
10:22:15,10:22:15,8.5,--,78,66300,买盘,2017-06-29,2017-06-29 10:22:15
10:22:18,10:22:18,8.5,--,35,29750,买盘,2017-06-29,2017-06-29 10:22:18
10:22:21,10:22:21,8.49,-0.01,236,200364,卖盘,2017-06-29,2017-06-29 10:22:21
10:22:24,10:22:24,8.5,0.01,106,90100,买盘,2017-06-29,2017-06-29 10:22:24
10:22:27,10:22:27,8.5,--,14,11900,买盘,2017-06-29,2017-06-29 10:22:27
10:22:30,10:22:30,8.5,--,69,58650,卖盘,2017-06-29,2017-06-29 10:22:30
10:22:33,10:22:33,8.5,--,60,51000,买盘,2017-06-29,2017-06-29 10:22:33
10:22:36,10:22:36,8.5,--,298,253300,买盘,2017-06-29,2017-06-29 10:22:36
10:22:42,10:22:42,8.49,-0.01,6,5094,卖盘,2017-06-29,2017-06-29 10:22:42
10:22:48,10:22:48,8.5,0.01,17,14450,买盘,2017-06-29,2017-06-29 10:22:48
10:22:51,10:22:51,8.5,--,10,8500,买盘,2017-06-29,2017-06-29 10:22:51
10:22:54,10:22:54,8.5,--,4,3400,买盘,2017-06-29,2017-06-29 10:22:54
10:22:57,10:22:57,8.49,-0.01,20,16980,卖盘,2017-06-29,2017-06-29 10:22:57
10:23:00,10:23:00,8.49,--,414,351486,卖盘,2017-06-29,2017-06-29 10:23:00
10:23:03,10:23:03,8.49,--,14,11886,买盘,2017-06-29,2017-06-29 10:23:03
10:23:09,10:23:09,8.49,--,28,23772,买盘,2017-06-29,2017-06-29 10:23:09
10:23:12,10:23:12,8.48,-0.01,6,5088,卖盘,2017-06-29,2017-06-29 10:23:12
10:23:15,10:23:15,8.48,--,63,53424,卖盘,2017-06-29,2017-06-29 10:23:15
10:23:18,10:23:18,8.49,0.01,44,37356,买盘,2017-06-29,2017-06-29 10:23:18
10:23:21,10:23:21,8.49,--,1037,880413,买盘,2017-06-29,2017-06-29 10:23:21
10:23:24,10:23:24,8.48,-0.01,27,22896,卖盘,2017-06-29,2017-06-29 10:23:24
10:23:27,10:23:27,8.49,0.01,42,35658,买盘,2017-06-29,2017-06-29 10:23:27
10:23:30,10:23:30,8.48,-0.01,20,16960,卖盘,2017-06-29,2017-06-29 10:23:30
10:23:33,10:23:33,8.49,0.01,85,72165,买盘,2017-06-29,2017-06-29 10:23:33
10:23:36,10:23:36,8.49,--,359,304791,买盘,2017-06-29,2017-06-29 10:23:36
10:23:39,10:23:39,8.48,-0.01,23,19504,卖盘,2017-06-29,2017-06-29 10:23:39
10:23:42,10:23:42,8.49,0.01,226,191874,买盘,2017-06-29,2017-06-29 10:23:42
10:23:45,10:23:45,8.49,--,110,93390,买盘,2017-06-29,2017-06-29 10:23:45
10:23:48,10:23:48,8.49,--,86,73014,买盘,2017-06-29,2017-06-29 10:23:48
10:23:51,10:23:51,8.49,--,67,56883,卖盘,2017-06-29,2017-06-29 10:23:51
10:23:54,10:23:54,8.49,--,62,52638,卖盘,2017-06-29,2017-06-29 10:23:54
10:23:57,10:23:57,8.49,--,97,82353,卖盘,2017-06-29,2017-06-29 10:23:57
10:24:00,10:24:00,8.49,--,59,50091,卖盘,2017-06-29,2017-06-29 10:24:00
10:24:03,10:24:03,8.5,0.01,15,12750,买盘,2017-06-29,2017-06-29 10:24:03
10:24:06,10:24:06,8.49,-0.01,13,11037,卖盘,2017-06-29,2017-06-29 10:24:06
10:24:09,10:24:09,8.5,0.01,61,51850,买盘,2017-06-29,2017-06-29 10:24:09
10:24:12,10:24:12,8.5,--,13,11050,买盘,2017-06-29,2017-06-29 10:24:12
10:24:18,10:24:18,8.5,--,35,29750,买盘,2017-06-29,2017-06-29 10:24:18
10:24:21,10:24:21,8.5,--,41,34850,买盘,2017-06-29,2017-06-29 10:24:21
10:24:24,10:24:24,8.5,--,39,33150,买盘,2017-06-29,2017-06-29 10:24:24
10:24:27,10:24:27,8.5,--,69,58650,买盘,2017-06-29,2017-06-29 10:24:27
10:24:30,10:24:30,8.49,-0.01,14,11886,卖盘,2017-06-29,2017-06-29 10:24:30
10:24:33,10:24:33,8.5,0.01,34,28900,买盘,2017-06-29,2017-06-29 10:24:33
10:24:36,10:24:36,8.51,0.01,20,17020,买盘,2017-06-29,2017-06-29 10:24:36
10:24:39,10:24:39,8.5,-0.01,4,3400,卖盘,2017-06-29,2017-06-29 10:24:39
10:24:42,10:24:42,8.5,--,95,80750,卖盘,2017-06-29,2017-06-29 10:24:42
10:24:45,10:24:45,8.5,--,37,31450,卖盘,2017-06-29,2017-06-29 10:24:45
10:24:51,10:24:51,8.51,0.01,46,39146,买盘,2017-06-29,2017-06-29 10:24:51
10:24:54,10:24:54,8.51,--,20,17020,买盘,2017-06-29,2017-06-29 10:24:54
10:25:00,10:25:00,8.5,-0.01,24,20400,卖盘,2017-06-29,2017-06-29 10:25:00
10:25:03,10:25:03,8.5,--,33,28050,卖盘,2017-06-29,2017-06-29 10:25:03
10:25:06,10:25:06,8.51,0.01,21,17871,买盘,2017-06-29,2017-06-29 10:25:06
10:25:09,10:25:09,8.51,--,216,183816,买盘,2017-06-29,2017-06-29 10:25:09
10:25:12,10:25:12,8.51,--,7,5957,买盘,2017-06-29,2017-06-29 10:25:12
10:25:15,10:25:15,8.51,--,20,17020,买盘,2017-06-29,2017-06-29 10:25:15
10:25:18,10:25:18,8.5,-0.01,97,82450,卖盘,2017-06-29,2017-06-29 10:25:18
10:25:21,10:25:21,8.51,0.01,50,42550,买盘,2017-06-29,2017-06-29 10:25:21
10:25:24,10:25:24,8.51,--,21,17871,买盘,2017-06-29,2017-06-29 10:25:24
10:25:30,10:25:30,8.51,--,4,3404,买盘,2017-06-29,2017-06-29 10:25:30
10:25:33,10:25:33,8.5,-0.01,40,34000,卖盘,2017-06-29,2017-06-29 10:25:33
10:25:36,10:25:36,8.5,--,100,85000,卖盘,2017-06-29,2017-06-29 10:25:36
10:25:39,10:25:39,8.5,--,1,850,卖盘,2017-06-29,2017-06-29 10:25:39
10:25:42,10:25:42,8.5,--,5,4250,卖盘,2017-06-29,2017-06-29 10:25:42
10:25:45,10:25:45,8.5,--,67,56950,卖盘,2017-06-29,2017-06-29 10:25:45
10:25:51,10:25:51,8.5,--,24,20400,卖盘,2017-06-29,2017-06-29 10:25:51
10:25:54,10:25:54,8.51,0.01,2,1702,买盘,2017-06-29,2017-06-29 10:25:54
10:26:00,10:26:00,8.49,-0.02,31,26319,卖盘,2017-06-29,2017-06-29 10:26:00
10:26:03,10:26:03,8.5,0.01,47,39950,买盘,2017-06-29,2017-06-29 10:26:03
10:26:06,10:26:06,8.5,--,71,60350,买盘,2017-06-29,2017-06-29 10:26:06
10:26:09,10:26:09,8.5,--,21,17850,买盘,2017-06-29,2017-06-29 10:26:09
10:26:18,10:26:18,8.5,--,17,14450,卖盘,2017-06-29,2017-06-29 10:26:18
10:26:27,10:26:27,8.49,-0.01,70,59430,卖盘,2017-06-29,2017-06-29 10:26:27
10:26:30,10:26:30,8.5,0.01,77,65450,买盘,2017-06-29,2017-06-29 10:26:30
10:26:33,10:26:33,8.5,--,50,42500,买盘,2017-06-29,2017-06-29 10:26:33
10:26:36,10:26:36,8.49,-0.01,45,38205,卖盘,2017-06-29,2017-06-29 10:26:36
10:26:39,10:26:39,8.5,0.01,50,42500,买盘,2017-06-29,2017-06-29 10:26:39
10:26:48,10:26:48,8.5,--,30,25500,买盘,2017-06-29,2017-06-29 10:26:48
10:26:54,10:26:54,8.5,--,213,181050,买盘,2017-06-29,2017-06-29 10:26:54
10:27:00,10:27:00,8.5,--,1,850,卖盘,2017-06-29,2017-06-29 10:27:00
10:27:06,10:27:06,8.5,--,4,3400,卖盘,2017-06-29,2017-06-29 10:27:06
10:27:09,10:27:09,8.5,--,5,4250,卖盘,2017-06-29,2017-06-29 10:27:09
10:27:12,10:27:12,8.5,--,2,1700,卖盘,2017-06-29,2017-06-29 10:27:12
10:27:15,10:27:15,8.5,--,31,26350,卖盘,2017-06-29,2017-06-29 10:27:15
10:27:18,10:27:18,8.49,-0.01,50,42450,卖盘,2017-06-29,2017-06-29 10:27:18
10:27:21,10:27:21,8.5,0.01,33,28050,买盘,2017-06-29,2017-06-29 10:27:21
10:27:24,10:27:24,8.5,--,2,1700,买盘,2017-06-29,2017-06-29 10:27:24
10:27:27,10:27:27,8.5,--,100,85000,买盘,2017-06-29,2017-06-29 10:27:27
10:27:30,10:27:30,8.49,-0.01,8,6792,卖盘,2017-06-29,2017-06-29 10:27:30
10:27:33,10:27:33,8.5,0.01,289,245650,买盘,2017-06-29,2017-06-29 10:27:33
10:27:36,10:27:36,8.5,--,17,14450,买盘,2017-06-29,2017-06-29 10:27:36
10:27:39,10:27:39,8.5,--,29,24650,买盘,2017-06-29,2017-06-29 10:27:39
10:27:42,10:27:42,8.5,--,29,24650,买盘,2017-06-29,2017-06-29 10:27:42
10:27:45,10:27:45,8.5,--,3,2550,卖盘,2017-06-29,2017-06-29 10:27:45
10:27:51,10:27:51,8.5,--,3,2550,卖盘,2017-06-29,2017-06-29 10:27:51
10:27:54,10:27:54,8.5,--,6,5100,卖盘,2017-06-29,2017-06-29 10:27:54
10:27:57,10:27:57,8.5,--,22,18700,卖盘,2017-06-29,2017-06-29 10:27:57
10:28:00,10:28:00,8.5,--,52,44200,卖盘,2017-06-29,2017-06-29 10:28:00
10:28:03,10:28:03,8.5,--,1,850,卖盘,2017-06-29,2017-06-29 10:28:03
10:28:12,10:28:12,8.51,0.01,63,53613,买盘,2017-06-29,2017-06-29 10:28:12
10:28:21,10:28:21,8.51,--,63,54429,买盘,2017-06-29,2017-06-29 10:28:21
10:28:27,10:28:27,8.51,--,13,11063,卖盘,2017-06-29,2017-06-29 10:28:27
10:28:30,10:28:30,8.51,--,28,23828,卖盘,2017-06-29,2017-06-29 10:28:30
10:28:33,10:28:33,8.52,0.01,12,10224,买盘,2017-06-29,2017-06-29 10:28:33
10:28:36,10:28:36,8.52,--,83,70716,买盘,2017-06-29,2017-06-29 10:28:36
10:28:39,10:28:39,8.51,-0.01,2,1702,卖盘,2017-06-29,2017-06-29 10:28:39
10:28:42,10:28:42,8.51,--,63,53613,卖盘,2017-06-29,2017-06-29 10:28:42
10:28:45,10:28:45,8.51,--,41,34891,卖盘,2017-06-29,2017-06-29 10:28:45
10:28:48,10:28:48,8.52,0.01,45,38340,买盘,2017-06-29,2017-06-29 10:28:48
10:28:57,10:28:57,8.52,--,153,130356,卖盘,2017-06-29,2017-06-29 10:28:57
10:29:00,10:29:00,8.53,0.01,2,1705,买盘,2017-06-29,2017-06-29 10:29:00
10:29:03,10:29:03,8.53,--,10,8530,买盘,2017-06-29,2017-06-29 10:29:03
10:29:06,10:29:06,8.53,--,113,96389,买盘,2017-06-29,2017-06-29 10:29:06
10:29:09,10:29:09,8.55,0.02,553,472815,买盘,2017-06-29,2017-06-29 10:29:09
10:29:12,10:29:12,8.53,-0.02,23,19619,卖盘,2017-06-29,2017-06-29 10:29:12
10:29:18,10:29:18,8.55,0.02,572,489060,买盘,2017-06-29,2017-06-29 10:29:18
10:29:21,10:29:21,8.55,--,215,183825,买盘,2017-06-29,2017-06-29 10:29:21
10:29:24,10:29:24,8.56,0.01,119,101864,买盘,2017-06-29,2017-06-29 10:29:24
10:29:27,10:29:27,8.56,--,10,8560,买盘,2017-06-29,2017-06-29 10:29:27
10:29:30,10:29:30,8.55,-0.01,1014,866970,卖盘,2017-06-29,2017-06-29 10:29:30
10:29:33,10:29:33,8.58,0.03,1628,1396824,买盘,2017-06-29,2017-06-29 10:29:33
10:29:36,10:29:36,8.58,--,493,422994,卖盘,2017-06-29,2017-06-29 10:29:36
10:29:39,10:29:39,8.6,0.02,15,12900,买盘,2017-06-29,2017-06-29 10:29:39
10:29:42,10:29:42,8.59,-0.01,457,392563,中性盘,2017-06-29,2017-06-29 10:29:42
10:29:45,10:29:45,8.58,-0.01,605,519090,卖盘,2017-06-29,2017-06-29 10:29:45
10:29:48,10:29:48,8.59,0.01,215,184685,买盘,2017-06-29,2017-06-29 10:29:48
10:29:51,10:29:51,8.59,--,310,266290,买盘,2017-06-29,2017-06-29 10:29:51
10:29:54,10:29:54,8.58,-0.01,338,290004,卖盘,2017-06-29,2017-06-29 10:29:54
10:29:57,10:29:57,8.58,--,102,87516,买盘,2017-06-29,2017-06-29 10:29:57
10:30:00,10:30:00,8.6,0.02,168,144480,买盘,2017-06-29,2017-06-29 10:30:00
10:30:03,10:30:03,8.59,-0.01,250,214750,卖盘,2017-06-29,2017-06-29 10:30:03
10:30:06,10:30:06,8.58,-0.01,16,13728,卖盘,2017-06-29,2017-06-29 10:30:06
10:30:09,10:30:09,8.58,--,77,66066,卖盘,2017-06-29,2017-06-29 10:30:09
10:30:12,10:30:12,8.59,0.01,173,148607,买盘,2017-06-29,2017-06-29 10:30:12
10:30:15,10:30:15,8.59,--,84,72156,买盘,2017-06-29,2017-06-29 10:30:15
10:30:18,10:30:18,8.58,-0.01,485,416130,卖盘,2017-06-29,2017-06-29 10:30:18
10:30:21,10:30:21,8.6,0.02,787,676820,买盘,2017-06-29,2017-06-29 10:30:21
10:30:24,10:30:24,8.6,--,78,67080,卖盘,2017-06-29,2017-06-29 10:30:24
10:30:27,10:30:27,8.6,--,83,71380,卖盘,2017-06-29,2017-06-29 10:30:27
10:30:30,10:30:30,8.61,0.01,73,62852,买盘,2017-06-29,2017-06-29 10:30:30
10:30:33,10:30:33,8.61,--,164,141204,买盘,2017-06-29,2017-06-29 10:30:33
10:30:36,10:30:36,8.6,-0.01,153,131580,卖盘,2017-06-29,2017-06-29 10:30:36
10:30:39,10:30:39,8.61,0.01,309,266049,买盘,2017-06-29,2017-06-29 10:30:39
10:30:42,10:30:42,8.63,0.02,1178,1016614,买盘,2017-06-29,2017-06-29 10:30:42
10:30:45,10:30:45,8.6,-0.03,303,260580,卖盘,2017-06-29,2017-06-29 10:30:45
10:30:48,10:30:48,8.59,-0.01,460,395140,卖盘,2017-06-29,2017-06-29 10:30:48
10:30:54,10:30:54,8.63,0.04,66,56958,中性盘,2017-06-29,2017-06-29 10:30:54
10:30:57,10:30:57,8.62,-0.01,14,12067,卖盘,2017-06-29,2017-06-29 10:30:57
10:31:00,10:31:00,8.61,-0.01,124,106764,卖盘,2017-06-29,2017-06-29 10:31:00
10:31:03,10:31:03,8.62,0.01,73,62925,买盘,2017-06-29,2017-06-29 10:31:03
10:31:06,10:31:06,8.61,-0.01,86,74046,卖盘,2017-06-29,2017-06-29 10:31:06
10:31:09,10:31:09,8.61,--,95,81795,卖盘,2017-06-29,2017-06-29 10:31:09
10:31:12,10:31:12,8.62,0.01,141,121541,买盘,2017-06-29,2017-06-29 10:31:12
10:31:15,10:31:15,8.62,--,164,141368,买盘,2017-06-29,2017-06-29 10:31:15
10:31:18,10:31:18,8.62,--,699,602538,买盘,2017-06-29,2017-06-29 10:31:18
10:31:21,10:31:21,8.62,--,352,303424,买盘,2017-06-29,2017-06-29 10:31:21
10:31:24,10:31:24,8.62,--,231,199121,卖盘,2017-06-29,2017-06-29 10:31:24
10:31:27,10:31:27,8.62,--,397,342213,卖盘,2017-06-29,2017-06-29 10:31:27
10:31:30,10:31:30,8.63,0.01,236,203668,买盘,2017-06-29,2017-06-29 10:31:30
10:31:33,10:31:33,8.61,-0.02,391,336651,卖盘,2017-06-29,2017-06-29 10:31:33
10:31:36,10:31:36,8.62,0.01,54,46547,买盘,2017-06-29,2017-06-29 10:31:36
10:31:39,10:31:39,8.62,--,30,25859,买盘,2017-06-29,2017-06-29 10:31:39
10:31:42,10:31:42,8.62,--,145,124989,买盘,2017-06-29,2017-06-29 10:31:42
10:31:45,10:31:45,8.63,0.01,274,236462,买盘,2017-06-29,2017-06-29 10:31:45
10:31:48,10:31:48,8.62,-0.01,84,72408,卖盘,2017-06-29,2017-06-29 10:31:48
10:31:51,10:31:51,8.62,--,125,107749,卖盘,2017-06-29,2017-06-29 10:31:51
10:31:54,10:31:54,8.63,0.01,370,319310,买盘,2017-06-29,2017-06-29 10:31:54
10:31:57,10:31:57,8.62,-0.01,74,63787,卖盘,2017-06-29,2017-06-29 10:31:57
10:32:00,10:32:00,8.63,0.01,437,377131,买盘,2017-06-29,2017-06-29 10:32:00
10:32:03,10:32:03,8.62,-0.01,67,57753,中性盘,2017-06-29,2017-06-29 10:32:03
10:32:06,10:32:06,8.62,--,89,76718,买盘,2017-06-29,2017-06-29 10:32:06
10:32:09,10:32:09,8.62,--,116,99991,买盘,2017-06-29,2017-06-29 10:32:09
10:32:12,10:32:12,8.62,--,42,36204,买盘,2017-06-29,2017-06-29 10:32:12
10:32:15,10:32:15,8.62,--,36,31031,买盘,2017-06-29,2017-06-29 10:32:15
10:32:18,10:32:18,8.61,-0.01,301,259160,卖盘,2017-06-29,2017-06-29 10:32:18
10:32:21,10:32:21,8.62,0.01,42,36204,买盘,2017-06-29,2017-06-29 10:32:21
10:32:24,10:32:24,8.61,-0.01,151,130010,卖盘,2017-06-29,2017-06-29 10:32:24
10:32:27,10:32:27,8.61,--,4,3444,买盘,2017-06-29,2017-06-29 10:32:27
10:32:30,10:32:30,8.61,--,4,3444,买盘,2017-06-29,2017-06-29 10:32:30
10:32:33,10:32:33,8.61,--,11,9471,买盘,2017-06-29,2017-06-29 10:32:33
10:32:36,10:32:36,8.6,-0.01,266,228760,卖盘,2017-06-29,2017-06-29 10:32:36
10:32:39,10:32:39,8.61,0.01,56,48216,买盘,2017-06-29,2017-06-29 10:32:39
10:32:42,10:32:42,8.6,-0.01,94,80840,卖盘,2017-06-29,2017-06-29 10:32:42
10:32:45,10:32:45,8.6,--,65,55900,卖盘,2017-06-29,2017-06-29 10:32:45
10:32:48,10:32:48,8.6,--,30,25800,买盘,2017-06-29,2017-06-29 10:32:48
10:32:51,10:32:51,8.6,--,67,57620,买盘,2017-06-29,2017-06-29 10:32:51
10:33:00,10:33:00,8.59,-0.01,30,25770,卖盘,2017-06-29,2017-06-29 10:33:00
10:33:03,10:33:03,8.6,0.01,207,178020,买盘,2017-06-29,2017-06-29 10:33:03
10:33:06,10:33:06,8.59,-0.01,45,38655,卖盘,2017-06-29,2017-06-29 10:33:06
10:33:09,10:33:09,8.6,0.01,12,10320,买盘,2017-06-29,2017-06-29 10:33:09
10:33:12,10:33:12,8.6,--,260,223600,买盘,2017-06-29,2017-06-29 10:33:12
10:33:15,10:33:15,8.6,--,287,246820,买盘,2017-06-29,2017-06-29 10:33:15
10:33:18,10:33:18,8.6,--,1294,1112840,卖盘,2017-06-29,2017-06-29 10:33:18
10:33:21,10:33:21,8.6,--,74,63640,卖盘,2017-06-29,2017-06-29 10:33:21
10:33:24,10:33:24,8.62,0.02,399,343937,买盘,2017-06-29,2017-06-29 10:33:24
10:33:27,10:33:27,8.6,-0.02,23,19780,卖盘,2017-06-29,2017-06-29 10:33:27
10:33:30,10:33:30,8.62,0.02,34,29307,买盘,2017-06-29,2017-06-29 10:33:30
10:33:33,10:33:33,8.63,0.01,100,86300,买盘,2017-06-29,2017-06-29 10:33:33
10:33:36,10:33:36,8.62,-0.01,111,95681,卖盘,2017-06-29,2017-06-29 10:33:36
10:33:39,10:33:39,8.61,-0.01,248,213528,卖盘,2017-06-29,2017-06-29 10:33:39
10:33:42,10:33:42,8.63,0.02,3385,2921289,买盘,2017-06-29,2017-06-29 10:33:42
10:33:45,10:33:45,8.62,-0.01,619,533578,卖盘,2017-06-29,2017-06-29 10:33:45
10:33:48,10:33:48,8.63,0.01,13,11219,买盘,2017-06-29,2017-06-29 10:33:48
10:33:51,10:33:51,8.65,0.02,1303,1127095,买盘,2017-06-29,2017-06-29 10:33:51
10:33:54,10:33:54,8.62,-0.03,404,348247,卖盘,2017-06-29,2017-06-29 10:33:54
10:33:57,10:33:57,8.64,0.02,134,115776,中性盘,2017-06-29,2017-06-29 10:33:57
10:34:00,10:34:00,8.64,--,352,304128,买盘,2017-06-29,2017-06-29 10:34:00
10:34:03,10:34:03,8.64,--,113,97632,买盘,2017-06-29,2017-06-29 10:34:03
10:34:06,10:34:06,8.65,0.01,229,198085,买盘,2017-06-29,2017-06-29 10:34:06
10:34:09,10:34:09,8.64,-0.01,226,195264,卖盘,2017-06-29,2017-06-29 10:34:09
10:34:12,10:34:12,8.63,-0.01,658,567854,卖盘,2017-06-29,2017-06-29 10:34:12
10:34:15,10:34:15,8.63,--,333,287379,买盘,2017-06-29,2017-06-29 10:34:15
10:34:18,10:34:18,8.63,--,362,312406,买盘,2017-06-29,2017-06-29 10:34:18
10:34:21,10:34:21,8.63,--,327,282201,买盘,2017-06-29,2017-06-29 10:34:21
10:34:24,10:34:24,8.62,-0.01,131,112921,卖盘,2017-06-29,2017-06-29 10:34:24
10:34:27,10:34:27,8.62,--,68,58615,买盘,2017-06-29,2017-06-29 10:34:27
10:34:30,10:34:30,8.6,-0.02,245,210700,卖盘,2017-06-29,2017-06-29 10:34:30
10:34:33,10:34:33,8.6,--,48,41280,卖盘,2017-06-29,2017-06-29 10:34:33
10:34:36,10:34:36,8.61,0.01,36,30995,买盘,2017-06-29,2017-06-29 10:34:36
10:34:39,10:34:39,8.6,-0.01,607,522020,卖盘,2017-06-29,2017-06-29 10:34:39
10:34:42,10:34:42,8.6,--,89,76540,卖盘,2017-06-29,2017-06-29 10:34:42
10:34:45,10:34:45,8.61,0.01,46,39606,买盘,2017-06-29,2017-06-29 10:34:45
10:34:48,10:34:48,8.6,-0.01,33,28380,卖盘,2017-06-29,2017-06-29 10:34:48
10:34:54,10:34:54,8.59,-0.01,76,65284,卖盘,2017-06-29,2017-06-29 10:34:54
10:34:57,10:34:57,8.6,0.01,120,103200,买盘,2017-06-29,2017-06-29 10:34:57
10:35:00,10:35:00,8.6,--,253,217580,买盘,2017-06-29,2017-06-29 10:35:00
10:35:03,10:35:03,8.58,-0.02,76,65208,卖盘,2017-06-29,2017-06-29 10:35:03
10:35:06,10:35:06,8.59,0.01,30,25770,买盘,2017-06-29,2017-06-29 10:35:06
10:35:09,10:35:09,8.6,0.01,26,22360,买盘,2017-06-29,2017-06-29 10:35:09
10:35:12,10:35:12,8.6,--,10,8600,卖盘,2017-06-29,2017-06-29 10:35:12
10:35:15,10:35:15,8.59,-0.01,112,96208,卖盘,2017-06-29,2017-06-29 10:35:15
10:35:18,10:35:18,8.6,0.01,73,62780,买盘,2017-06-29,2017-06-29 10:35:18
10:35:21,10:35:21,8.6,--,243,208980,买盘,2017-06-29,2017-06-29 10:35:21
10:35:24,10:35:24,8.58,-0.02,60,51480,卖盘,2017-06-29,2017-06-29 10:35:24
10:35:27,10:35:27,8.59,0.01,19,16321,卖盘,2017-06-29,2017-06-29 10:35:27
10:35:30,10:35:30,8.59,--,40,34360,卖盘,2017-06-29,2017-06-29 10:35:30
10:35:33,10:35:33,8.59,--,19,16321,卖盘,2017-06-29,2017-06-29 10:35:33
10:35:36,10:35:36,8.59,--,104,89336,买盘,2017-06-29,2017-06-29 10:35:36
10:35:39,10:35:39,8.59,--,5,4295,买盘,2017-06-29,2017-06-29 10:35:39
10:35:42,10:35:42,8.58,-0.01,5,4290,卖盘,2017-06-29,2017-06-29 10:35:42
10:35:45,10:35:45,8.59,0.01,5,4295,买盘,2017-06-29,2017-06-29 10:35:45
10:35:48,10:35:48,8.58,-0.01,22,18876,卖盘,2017-06-29,2017-06-29 10:35:48
10:35:51,10:35:51,8.58,--,149,127842,卖盘,2017-06-29,2017-06-29 10:35:51
10:35:54,10:35:54,8.59,0.01,15,12885,买盘,2017-06-29,2017-06-29 10:35:54
10:35:57,10:35:57,8.58,-0.01,190,163020,卖盘,2017-06-29,2017-06-29 10:35:57
10:36:00,10:36:00,8.59,0.01,46,39514,买盘,2017-06-29,2017-06-29 10:36:00
10:36:03,10:36:03,8.58,-0.01,13,11154,卖盘,2017-06-29,2017-06-29 10:36:03
10:36:06,10:36:06,8.59,0.01,14,12026,买盘,2017-06-29,2017-06-29 10:36:06
10:36:09,10:36:09,8.59,--,168,144312,买盘,2017-06-29,2017-06-29 10:36:09
10:36:15,10:36:15,8.59,--,34,29206,卖盘,2017-06-29,2017-06-29 10:36:15
10:36:18,10:36:18,8.59,--,106,91054,卖盘,2017-06-29,2017-06-29 10:36:18
10:36:21,10:36:21,8.59,--,30,25770,卖盘,2017-06-29,2017-06-29 10:36:21
10:36:24,10:36:24,8.6,0.01,11,9460,买盘,2017-06-29,2017-06-29 10:36:24
10:36:30,10:36:30,8.61,0.01,10,8610,买盘,2017-06-29,2017-06-29 10:36:30
10:36:33,10:36:33,8.59,-0.02,641,550619,卖盘,2017-06-29,2017-06-29 10:36:33
10:36:36,10:36:36,8.59,--,144,123696,买盘,2017-06-29,2017-06-29 10:36:36
10:36:39,10:36:39,8.61,0.02,90,77490,买盘,2017-06-29,2017-06-29 10:36:39
10:36:42,10:36:42,8.58,-0.03,152,130416,卖盘,2017-06-29,2017-06-29 10:36:42
10:36:45,10:36:45,8.62,0.04,5,4310,买盘,2017-06-29,2017-06-29 10:36:45
10:36:48,10:36:48,8.61,-0.01,31,26691,买盘,2017-06-29,2017-06-29 10:36:48
10:36:51,10:36:51,8.62,0.01,903,778385,买盘,2017-06-29,2017-06-29 10:36:51
10:36:54,10:36:54,8.6,-0.02,4,3440,中性盘,2017-06-29,2017-06-29 10:36:54
10:36:57,10:36:57,8.61,0.01,20,17220,买盘,2017-06-29,2017-06-29 10:36:57
10:37:00,10:37:00,8.62,0.01,182,156884,买盘,2017-06-29,2017-06-29 10:37:00
10:37:03,10:37:03,8.62,--,117,100853,买盘,2017-06-29,2017-06-29 10:37:03
10:37:06,10:37:06,8.61,-0.01,28,24108,卖盘,2017-06-29,2017-06-29 10:37:06
10:37:09,10:37:09,8.61,--,68,58547,卖盘,2017-06-29,2017-06-29 10:37:09
10:37:12,10:37:12,8.62,0.01,403,347385,买盘,2017-06-29,2017-06-29 10:37:12
10:37:15,10:37:15,8.61,-0.01,217,186837,卖盘,2017-06-29,2017-06-29 10:37:15
10:37:18,10:37:18,8.61,--,479,412419,卖盘,2017-06-29,2017-06-29 10:37:18
10:37:21,10:37:21,8.61,--,10,8610,买盘,2017-06-29,2017-06-29 10:37:21
10:37:24,10:37:24,8.62,0.01,37,31893,买盘,2017-06-29,2017-06-29 10:37:24
10:37:27,10:37:27,8.61,-0.01,6,5166,中性盘,2017-06-29,2017-06-29 10:37:27
10:37:33,10:37:33,8.6,-0.01,30,25800,卖盘,2017-06-29,2017-06-29 10:37:33
10:37:39,10:37:39,8.61,0.01,91,78351,买盘,2017-06-29,2017-06-29 10:37:39
10:37:42,10:37:42,8.6,-0.01,13,11180,卖盘,2017-06-29,2017-06-29 10:37:42
10:37:45,10:37:45,8.61,0.01,66,56825,买盘,2017-06-29,2017-06-29 10:37:45
10:37:48,10:37:48,8.6,-0.01,285,245100,卖盘,2017-06-29,2017-06-29 10:37:48
10:37:51,10:37:51,8.62,0.02,400,344799,买盘,2017-06-29,2017-06-29 10:37:51
10:37:54,10:37:54,8.6,-0.02,534,459240,卖盘,2017-06-29,2017-06-29 10:37:54
10:37:57,10:37:57,8.6,--,66,56760,卖盘,2017-06-29,2017-06-29 10:37:57
10:38:00,10:38:00,8.61,0.01,170,146370,买盘,2017-06-29,2017-06-29 10:38:00
10:38:03,10:38:03,8.61,--,58,49938,卖盘,2017-06-29,2017-06-29 10:38:03
10:38:09,10:38:09,8.62,0.01,6,5171,买盘,2017-06-29,2017-06-29 10:38:09
10:38:12,10:38:12,8.62,--,146,125851,买盘,2017-06-29,2017-06-29 10:38:12
10:38:18,10:38:18,8.61,-0.01,15,12915,卖盘,2017-06-29,2017-06-29 10:38:18
10:38:21,10:38:21,8.62,0.01,49,42237,买盘,2017-06-29,2017-06-29 10:38:21
10:38:24,10:38:24,8.61,-0.01,2,1722,卖盘,2017-06-29,2017-06-29 10:38:24
10:38:27,10:38:27,8.62,0.01,4,3447,买盘,2017-06-29,2017-06-29 10:38:27
10:38:30,10:38:30,8.61,-0.01,44,37884,卖盘,2017-06-29,2017-06-29 10:38:30
10:38:33,10:38:33,8.61,--,267,229886,卖盘,2017-06-29,2017-06-29 10:38:33
10:38:36,10:38:36,8.62,0.01,35,30169,买盘,2017-06-29,2017-06-29 10:38:36
10:38:39,10:38:39,8.62,--,20,17240,买盘,2017-06-29,2017-06-29 10:38:39
10:38:42,10:38:42,8.61,-0.01,142,122261,卖盘,2017-06-29,2017-06-29 10:38:42
10:38:45,10:38:45,8.61,--,17,14636,买盘,2017-06-29,2017-06-29 10:38:45
10:38:48,10:38:48,8.61,--,1,861,买盘,2017-06-29,2017-06-29 10:38:48
10:38:54,10:38:54,8.61,--,3,2583,买盘,2017-06-29,2017-06-29 10:38:54
10:38:57,10:38:57,8.61,--,10,8610,买盘,2017-06-29,2017-06-29 10:38:57
10:39:03,10:39:03,8.6,-0.01,3,2580,卖盘,2017-06-29,2017-06-29 10:39:03
10:39:09,10:39:09,8.61,0.01,103,88683,买盘,2017-06-29,2017-06-29 10:39:09
10:39:12,10:39:12,8.6,-0.01,454,390440,卖盘,2017-06-29,2017-06-29 10:39:12
10:39:18,10:39:18,8.6,--,256,220160,买盘,2017-06-29,2017-06-29 10:39:18
10:39:21,10:39:21,8.6,--,2,1720,买盘,2017-06-29,2017-06-29 10:39:21
10:39:24,10:39:24,8.6,--,1,860,买盘,2017-06-29,2017-06-29 10:39:24
10:39:27,10:39:27,8.59,-0.01,24,20616,卖盘,2017-06-29,2017-06-29 10:39:27
10:39:30,10:39:30,8.59,--,23,19757,卖盘,2017-06-29,2017-06-29 10:39:30
10:39:33,10:39:33,8.6,0.01,51,43860,买盘,2017-06-29,2017-06-29 10:39:33
10:39:36,10:39:36,8.59,-0.01,110,94490,卖盘,2017-06-29,2017-06-29 10:39:36
10:39:39,10:39:39,8.6,0.01,25,21500,买盘,2017-06-29,2017-06-29 10:39:39
10:39:42,10:39:42,8.6,--,34,29240,买盘,2017-06-29,2017-06-29 10:39:42
10:39:45,10:39:45,8.6,--,12,10320,买盘,2017-06-29,2017-06-29 10:39:45
10:39:48,10:39:48,8.59,-0.01,276,237084,卖盘,2017-06-29,2017-06-29 10:39:48
10:39:51,10:39:51,8.6,0.01,20,17200,买盘,2017-06-29,2017-06-29 10:39:51
10:39:54,10:39:54,8.59,-0.01,69,59271,卖盘,2017-06-29,2017-06-29 10:39:54
10:39:57,10:39:57,8.59,--,141,121119,卖盘,2017-06-29,2017-06-29 10:39:57
10:40:00,10:40:00,8.6,0.01,16,13760,中性盘,2017-06-29,2017-06-29 10:40:00
10:40:06,10:40:06,8.6,--,30,25800,卖盘,2017-06-29,2017-06-29 10:40:06
10:40:09,10:40:09,8.6,--,4,3440,卖盘,2017-06-29,2017-06-29 10:40:09
10:40:15,10:40:15,8.59,-0.01,39,33501,卖盘,2017-06-29,2017-06-29 10:40:15
10:40:18,10:40:18,8.6,0.01,10,8600,买盘,2017-06-29,2017-06-29 10:40:18
10:40:21,10:40:21,8.6,--,1,860,买盘,2017-06-29,2017-06-29 10:40:21
10:40:24,10:40:24,8.6,--,1595,1371700,买盘,2017-06-29,2017-06-29 10:40:24
10:40:27,10:40:27,8.59,-0.01,2,1718,中性盘,2017-06-29,2017-06-29 10:40:27
10:40:30,10:40:30,8.6,0.01,10,8600,买盘,2017-06-29,2017-06-29 10:40:30
10:40:33,10:40:33,8.59,-0.01,17,14603,卖盘,2017-06-29,2017-06-29 10:40:33
10:40:36,10:40:36,8.59,--,47,40373,买盘,2017-06-29,2017-06-29 10:40:36
10:40:42,10:40:42,8.59,--,43,36937,买盘,2017-06-29,2017-06-29 10:40:42
10:40:45,10:40:45,8.58,-0.01,104,89232,卖盘,2017-06-29,2017-06-29 10:40:45
10:40:48,10:40:48,8.58,--,33,28314,卖盘,2017-06-29,2017-06-29 10:40:48
10:40:51,10:40:51,8.58,--,10,8580,卖盘,2017-06-29,2017-06-29 10:40:51
10:40:54,10:40:54,8.59,0.01,17,14603,买盘,2017-06-29,2017-06-29 10:40:54
10:40:57,10:40:57,8.58,-0.01,5,4290,卖盘,2017-06-29,2017-06-29 10:40:57
10:41:00,10:41:00,8.58,--,17,14586,卖盘,2017-06-29,2017-06-29 10:41:00
10:41:03,10:41:03,8.58,--,15,12870,卖盘,2017-06-29,2017-06-29 10:41:03
10:41:09,10:41:09,8.58,--,108,92664,卖盘,2017-06-29,2017-06-29 10:41:09
10:41:12,10:41:12,8.58,--,37,31746,卖盘,2017-06-29,2017-06-29 10:41:12
10:41:15,10:41:15,8.59,0.01,20,17180,买盘,2017-06-29,2017-06-29 10:41:15
10:41:18,10:41:18,8.59,--,35,30065,买盘,2017-06-29,2017-06-29 10:41:18
10:41:21,10:41:21,8.58,-0.01,20,17160,卖盘,2017-06-29,2017-06-29 10:41:21
10:41:24,10:41:24,8.58,--,4,3432,卖盘,2017-06-29,2017-06-29 10:41:24
10:41:27,10:41:27,8.59,0.01,32,27488,买盘,2017-06-29,2017-06-29 10:41:27
10:41:30,10:41:30,8.58,-0.01,10,8580,卖盘,2017-06-29,2017-06-29 10:41:30
10:41:33,10:41:33,8.58,--,56,48048,卖盘,2017-06-29,2017-06-29 10:41:33
10:41:39,10:41:39,8.59,0.01,309,265431,买盘,2017-06-29,2017-06-29 10:41:39
10:41:42,10:41:42,8.59,--,41,35219,卖盘,2017-06-29,2017-06-29 10:41:42
10:41:45,10:41:45,8.59,--,57,48963,卖盘,2017-06-29,2017-06-29 10:41:45
10:41:51,10:41:51,8.6,0.01,27,23220,买盘,2017-06-29,2017-06-29 10:41:51
10:41:54,10:41:54,8.6,--,35,30100,买盘,2017-06-29,2017-06-29 10:41:54
10:41:57,10:41:57,8.6,--,10,8600,买盘,2017-06-29,2017-06-29 10:41:57
10:42:00,10:42:00,8.59,-0.01,28,24052,卖盘,2017-06-29,2017-06-29 10:42:00
10:42:03,10:42:03,8.6,0.01,31,26660,买盘,2017-06-29,2017-06-29 10:42:03
10:42:06,10:42:06,8.59,-0.01,50,42950,卖盘,2017-06-29,2017-06-29 10:42:06
10:42:09,10:42:09,8.59,--,3,2577,卖盘,2017-06-29,2017-06-29 10:42:09
10:42:12,10:42:12,8.59,--,2,1718,卖盘,2017-06-29,2017-06-29 10:42:12
10:42:15,10:42:15,8.6,0.01,1,860,买盘,2017-06-29,2017-06-29 10:42:15
10:42:18,10:42:18,8.59,-0.01,1,859,卖盘,2017-06-29,2017-06-29 10:42:18
10:42:21,10:42:21,8.6,0.01,325,279500,买盘,2017-06-29,2017-06-29 10:42:21
10:42:24,10:42:24,8.6,--,5,4300,买盘,2017-06-29,2017-06-29 10:42:24
10:42:27,10:42:27,8.59,-0.01,10,8590,卖盘,2017-06-29,2017-06-29 10:42:27
10:42:30,10:42:30,8.59,--,33,28347,卖盘,2017-06-29,2017-06-29 10:42:30
10:42:33,10:42:33,8.59,--,121,103939,卖盘,2017-06-29,2017-06-29 10:42:33
10:42:36,10:42:36,8.59,--,10,8590,卖盘,2017-06-29,2017-06-29 10:42:36
10:42:39,10:42:39,8.6,0.01,21,18060,买盘,2017-06-29,2017-06-29 10:42:39
10:42:42,10:42:42,8.59,-0.01,16,13744,卖盘,2017-06-29,2017-06-29 10:42:42
10:42:48,10:42:48,8.6,0.01,15,12900,买盘,2017-06-29,2017-06-29 10:42:48
10:42:51,10:42:51,8.59,-0.01,155,133145,卖盘,2017-06-29,2017-06-29 10:42:51
10:42:54,10:42:54,8.59,--,23,19757,卖盘,2017-06-29,2017-06-29 10:42:54
10:42:57,10:42:57,8.6,0.01,34,29240,买盘,2017-06-29,2017-06-29 10:42:57
10:43:00,10:43:00,8.59,-0.01,50,42950,卖盘,2017-06-29,2017-06-29 10:43:00
10:43:03,10:43:03,8.59,--,607,521413,卖盘,2017-06-29,2017-06-29 10:43:03
10:43:06,10:43:06,8.59,--,7,6013,卖盘,2017-06-29,2017-06-29 10:43:06
10:43:09,10:43:09,8.59,--,61,52399,卖盘,2017-06-29,2017-06-29 10:43:09
10:43:12,10:43:12,8.59,--,20,17180,买盘,2017-06-29,2017-06-29 10:43:12
10:43:15,10:43:15,8.59,--,2,1718,买盘,2017-06-29,2017-06-29 10:43:15
10:43:18,10:43:18,8.6,0.01,76,65360,买盘,2017-06-29,2017-06-29 10:43:18
10:43:21,10:43:21,8.59,-0.01,14,12026,卖盘,2017-06-29,2017-06-29 10:43:21
10:43:24,10:43:24,8.59,--,5,4295,卖盘,2017-06-29,2017-06-29 10:43:24
10:43:30,10:43:30,8.61,0.02,298,256577,买盘,2017-06-29,2017-06-29 10:43:30
10:43:36,10:43:36,8.6,-0.01,10,8600,卖盘,2017-06-29,2017-06-29 10:43:36
10:43:39,10:43:39,8.6,--,75,64500,卖盘,2017-06-29,2017-06-29 10:43:39
10:43:42,10:43:42,8.6,--,30,25800,卖盘,2017-06-29,2017-06-29 10:43:42
10:43:45,10:43:45,8.62,0.02,501,431861,买盘,2017-06-29,2017-06-29 10:43:45
10:43:48,10:43:48,8.62,--,120,103439,买盘,2017-06-29,2017-06-29 10:43:48
10:43:51,10:43:51,8.62,--,115,99129,买盘,2017-06-29,2017-06-29 10:43:51
10:43:54,10:43:54,8.62,--,70,60339,买盘,2017-06-29,2017-06-29 10:43:54
10:43:57,10:43:57,8.62,--,56,48271,买盘,2017-06-29,2017-06-29 10:43:57
10:44:00,10:44:00,8.63,0.01,120,103560,买盘,2017-06-29,2017-06-29 10:44:00
10:44:03,10:44:03,8.62,-0.01,137,118093,中性盘,2017-06-29,2017-06-29 10:44:03
10:44:06,10:44:06,8.62,--,39,33618,买盘,2017-06-29,2017-06-29 10:44:06
10:44:09,10:44:09,8.63,0.01,510,440130,买盘,2017-06-29,2017-06-29 10:44:09
10:44:12,10:44:12,8.62,-0.01,165,142230,卖盘,2017-06-29,2017-06-29 10:44:12
10:44:18,10:44:18,8.63,0.01,5,4315,中性盘,2017-06-29,2017-06-29 10:44:18
10:44:21,10:44:21,8.63,--,11,9493,卖盘,2017-06-29,2017-06-29 10:44:21
10:44:24,10:44:24,8.64,0.01,60,51840,买盘,2017-06-29,2017-06-29 10:44:24
10:44:27,10:44:27,8.64,--,58,50112,买盘,2017-06-29,2017-06-29 10:44:27
10:44:30,10:44:30,8.64,--,220,190080,买盘,2017-06-29,2017-06-29 10:44:30
10:44:33,10:44:33,8.63,-0.01,438,377994,卖盘,2017-06-29,2017-06-29 10:44:33
10:44:36,10:44:36,8.64,0.01,163,140832,买盘,2017-06-29,2017-06-29 10:44:36
