idx_time,time,price,change,volume,amount,type,date,date_time
09:25:03,09:25:03,20.21,20.21,8433,17043093,买盘,2017-08-01,2017-08-01 09:25:03
09:30:03,09:30:03,20.29,0.08,2386,4841194,买盘,2017-08-01,2017-08-01 09:30:03
09:30:06,09:30:06,20.38,0.09,2102,4283876,买盘,2017-08-01,2017-08-01 09:30:06
09:30:09,09:30:09,20.38,--,134,273092,中性盘,2017-08-01,2017-08-01 09:30:09
09:30:12,09:30:12,20.5,0.12,185,379250,买盘,2017-08-01,2017-08-01 09:30:12
09:30:15,09:30:15,20.52,0.02,90,184680,买盘,2017-08-01,2017-08-01 09:30:15
09:30:18,09:30:18,20.52,--,117,240084,买盘,2017-08-01,2017-08-01 09:30:18
09:30:21,09:30:21,20.47,-0.05,613,1254811,卖盘,2017-08-01,2017-08-01 09:30:21
09:30:24,09:30:24,20.51,0.04,512,1050112,买盘,2017-08-01,2017-08-01 09:30:24
09:30:27,09:30:27,20.49,-0.02,304,622896,中性盘,2017-08-01,2017-08-01 09:30:27
09:30:30,09:30:30,20.53,0.04,343,704179,买盘,2017-08-01,2017-08-01 09:30:30
09:30:33,09:30:33,20.48,-0.05,584,1196032,卖盘,2017-08-01,2017-08-01 09:30:33
09:30:36,09:30:36,20.5,0.02,405,830250,买盘,2017-08-01,2017-08-01 09:30:36
09:30:39,09:30:39,20.46,-0.04,306,626076,卖盘,2017-08-01,2017-08-01 09:30:39
09:30:42,09:30:42,20.52,0.06,364,746928,买盘,2017-08-01,2017-08-01 09:30:42
09:30:45,09:30:45,20.56,0.04,267,548952,买盘,2017-08-01,2017-08-01 09:30:45
09:30:48,09:30:48,20.48,-0.08,179,366592,卖盘,2017-08-01,2017-08-01 09:30:48
09:30:51,09:30:51,20.48,--,38,77824,卖盘,2017-08-01,2017-08-01 09:30:51
09:30:54,09:30:54,20.5,0.02,498,1020900,买盘,2017-08-01,2017-08-01 09:30:54
09:30:57,09:30:57,20.48,-0.02,198,405504,中性盘,2017-08-01,2017-08-01 09:30:57
09:31:00,09:31:00,20.47,-0.01,372,761484,中性盘,2017-08-01,2017-08-01 09:31:00
09:31:03,09:31:03,20.47,--,129,264063,买盘,2017-08-01,2017-08-01 09:31:03
09:31:06,09:31:06,20.46,-0.01,186,380556,中性盘,2017-08-01,2017-08-01 09:31:06
09:31:09,09:31:09,20.45,-0.01,151,308795,卖盘,2017-08-01,2017-08-01 09:31:09
09:31:12,09:31:12,20.45,--,55,112475,买盘,2017-08-01,2017-08-01 09:31:12
09:31:15,09:31:15,20.45,--,289,591005,买盘,2017-08-01,2017-08-01 09:31:15
09:31:18,09:31:18,20.43,-0.02,87,177741,中性盘,2017-08-01,2017-08-01 09:31:18
09:31:21,09:31:21,20.43,--,48,98064,买盘,2017-08-01,2017-08-01 09:31:21
09:31:24,09:31:24,20.42,-0.01,175,357350,卖盘,2017-08-01,2017-08-01 09:31:24
09:31:27,09:31:27,20.42,--,84,171528,买盘,2017-08-01,2017-08-01 09:31:27
09:31:30,09:31:30,20.43,0.01,111,226773,买盘,2017-08-01,2017-08-01 09:31:30
09:31:33,09:31:33,20.42,-0.01,98,200116,中性盘,2017-08-01,2017-08-01 09:31:33
09:31:36,09:31:36,20.41,-0.01,123,251043,买盘,2017-08-01,2017-08-01 09:31:36
09:31:39,09:31:39,20.4,-0.01,252,514079,卖盘,2017-08-01,2017-08-01 09:31:39
09:31:42,09:31:42,20.4,--,64,130559,卖盘,2017-08-01,2017-08-01 09:31:42
09:31:45,09:31:45,20.42,0.02,527,1076134,买盘,2017-08-01,2017-08-01 09:31:45
09:31:48,09:31:48,20.42,--,21,42882,卖盘,2017-08-01,2017-08-01 09:31:48
09:31:51,09:31:51,20.42,--,310,633020,卖盘,2017-08-01,2017-08-01 09:31:51
09:31:54,09:31:54,20.45,0.03,280,572600,买盘,2017-08-01,2017-08-01 09:31:54
09:31:57,09:31:57,20.44,-0.01,96,196224,中性盘,2017-08-01,2017-08-01 09:31:57
09:32:00,09:32:00,20.44,--,130,265720,卖盘,2017-08-01,2017-08-01 09:32:00
09:32:03,09:32:03,20.43,-0.01,557,1137951,卖盘,2017-08-01,2017-08-01 09:32:03
09:32:06,09:32:06,20.41,-0.02,760,1551160,卖盘,2017-08-01,2017-08-01 09:32:06
09:32:09,09:32:09,20.4,-0.01,283,577320,卖盘,2017-08-01,2017-08-01 09:32:09
09:32:12,09:32:12,20.44,0.04,193,394492,买盘,2017-08-01,2017-08-01 09:32:12
09:32:15,09:32:15,20.44,--,149,304556,卖盘,2017-08-01,2017-08-01 09:32:15
09:32:18,09:32:18,20.41,-0.03,100,204100,卖盘,2017-08-01,2017-08-01 09:32:18
09:32:21,09:32:21,20.44,0.03,146,298424,买盘,2017-08-01,2017-08-01 09:32:21
09:32:24,09:32:24,20.43,-0.01,62,126666,中性盘,2017-08-01,2017-08-01 09:32:24
09:32:27,09:32:27,20.41,-0.02,103,210223,卖盘,2017-08-01,2017-08-01 09:32:27
09:32:30,09:32:30,20.41,--,100,204100,买盘,2017-08-01,2017-08-01 09:32:30
09:32:33,09:32:33,20.44,0.03,60,122640,买盘,2017-08-01,2017-08-01 09:32:33
09:32:36,09:32:36,20.43,-0.01,62,126666,卖盘,2017-08-01,2017-08-01 09:32:36
09:32:39,09:32:39,20.43,--,292,596556,卖盘,2017-08-01,2017-08-01 09:32:39
09:32:42,09:32:42,20.43,--,237,484191,卖盘,2017-08-01,2017-08-01 09:32:42
09:32:45,09:32:45,20.45,0.02,437,893665,买盘,2017-08-01,2017-08-01 09:32:45
09:32:48,09:32:48,20.52,0.07,391,802332,买盘,2017-08-01,2017-08-01 09:32:48
09:32:51,09:32:51,20.55,0.03,61,125355,买盘,2017-08-01,2017-08-01 09:32:51
09:32:54,09:32:54,20.55,--,39,80145,买盘,2017-08-01,2017-08-01 09:32:54
09:32:57,09:32:57,20.53,-0.02,157,322321,卖盘,2017-08-01,2017-08-01 09:32:57
09:33:00,09:33:00,20.57,0.04,184,378488,买盘,2017-08-01,2017-08-01 09:33:00
09:33:03,09:33:03,20.6,0.03,569,1172140,买盘,2017-08-01,2017-08-01 09:33:03
09:33:06,09:33:06,20.6,--,145,298700,买盘,2017-08-01,2017-08-01 09:33:06
09:33:09,09:33:09,20.61,0.01,160,329760,买盘,2017-08-01,2017-08-01 09:33:09
09:33:12,09:33:12,20.64,0.03,60,123840,买盘,2017-08-01,2017-08-01 09:33:12
09:33:15,09:33:15,20.66,0.02,170,351220,买盘,2017-08-01,2017-08-01 09:33:15
09:33:18,09:33:18,20.66,--,209,431794,买盘,2017-08-01,2017-08-01 09:33:18
09:33:21,09:33:21,20.66,--,125,258250,卖盘,2017-08-01,2017-08-01 09:33:21
09:33:24,09:33:24,20.69,0.03,81,167589,中性盘,2017-08-01,2017-08-01 09:33:24
09:33:27,09:33:27,20.7,0.01,308,637560,买盘,2017-08-01,2017-08-01 09:33:27
09:33:30,09:33:30,20.72,0.02,151,312872,买盘,2017-08-01,2017-08-01 09:33:30
09:33:33,09:33:33,20.73,0.01,377,781521,中性盘,2017-08-01,2017-08-01 09:33:33
09:33:36,09:33:36,20.75,0.02,188,390100,买盘,2017-08-01,2017-08-01 09:33:36
09:33:39,09:33:39,20.74,-0.01,659,1366766,中性盘,2017-08-01,2017-08-01 09:33:39
09:33:42,09:33:42,20.72,-0.02,643,1332296,卖盘,2017-08-01,2017-08-01 09:33:42
09:33:45,09:33:45,20.72,--,1766,3659152,买盘,2017-08-01,2017-08-01 09:33:45
09:33:48,09:33:48,20.7,-0.02,742,1535940,中性盘,2017-08-01,2017-08-01 09:33:48
09:33:51,09:33:51,20.68,-0.02,379,783772,中性盘,2017-08-01,2017-08-01 09:33:51
09:33:54,09:33:54,20.68,--,643,1329724,买盘,2017-08-01,2017-08-01 09:33:54
09:33:57,09:33:57,20.65,-0.03,159,328335,中性盘,2017-08-01,2017-08-01 09:33:57
09:34:00,09:34:00,20.65,--,212,437779,中性盘,2017-08-01,2017-08-01 09:34:00
09:34:03,09:34:03,20.65,--,95,196175,买盘,2017-08-01,2017-08-01 09:34:03
09:34:06,09:34:06,20.65,--,531,1096515,买盘,2017-08-01,2017-08-01 09:34:06
09:34:09,09:34:09,20.65,--,179,369635,买盘,2017-08-01,2017-08-01 09:34:09
09:34:12,09:34:12,20.61,-0.04,239,492579,卖盘,2017-08-01,2017-08-01 09:34:12
09:34:15,09:34:15,20.61,--,132,272052,卖盘,2017-08-01,2017-08-01 09:34:15
09:34:18,09:34:18,20.6,-0.01,900,1854000,卖盘,2017-08-01,2017-08-01 09:34:18
09:34:21,09:34:21,20.66,0.06,261,539226,买盘,2017-08-01,2017-08-01 09:34:21
09:34:24,09:34:24,20.63,-0.03,134,276442,卖盘,2017-08-01,2017-08-01 09:34:24
09:34:27,09:34:27,20.62,-0.01,231,476322,卖盘,2017-08-01,2017-08-01 09:34:27
09:34:30,09:34:30,20.65,0.03,309,638085,买盘,2017-08-01,2017-08-01 09:34:30
09:34:33,09:34:33,20.63,-0.02,127,262001,中性盘,2017-08-01,2017-08-01 09:34:33
09:34:36,09:34:36,20.63,--,138,284694,卖盘,2017-08-01,2017-08-01 09:34:36
09:34:39,09:34:39,20.61,-0.02,160,329760,卖盘,2017-08-01,2017-08-01 09:34:39
09:34:42,09:34:42,20.65,0.04,163,336595,买盘,2017-08-01,2017-08-01 09:34:42
09:34:45,09:34:45,20.6,-0.05,150,309000,卖盘,2017-08-01,2017-08-01 09:34:45
09:34:48,09:34:48,20.63,0.03,135,278505,中性盘,2017-08-01,2017-08-01 09:34:48
09:34:51,09:34:51,20.6,-0.03,239,492340,卖盘,2017-08-01,2017-08-01 09:34:51
09:34:54,09:34:54,20.6,--,176,362560,买盘,2017-08-01,2017-08-01 09:34:54
09:34:57,09:34:57,20.6,--,179,368740,买盘,2017-08-01,2017-08-01 09:34:57
09:35:00,09:35:00,20.6,--,117,241020,买盘,2017-08-01,2017-08-01 09:35:00
09:35:03,09:35:03,20.59,-0.01,182,374738,卖盘,2017-08-01,2017-08-01 09:35:03
09:35:06,09:35:06,20.59,--,236,485924,买盘,2017-08-01,2017-08-01 09:35:06
09:35:09,09:35:09,20.59,--,272,560048,卖盘,2017-08-01,2017-08-01 09:35:09
09:35:12,09:35:12,20.59,--,169,347971,买盘,2017-08-01,2017-08-01 09:35:12
09:35:15,09:35:15,20.59,--,66,135894,买盘,2017-08-01,2017-08-01 09:35:15
09:35:18,09:35:18,20.57,-0.02,115,236555,卖盘,2017-08-01,2017-08-01 09:35:18
09:35:21,09:35:21,20.59,0.02,85,175015,买盘,2017-08-01,2017-08-01 09:35:21
09:35:24,09:35:24,20.59,--,87,179133,买盘,2017-08-01,2017-08-01 09:35:24
09:35:27,09:35:27,20.59,--,82,168838,买盘,2017-08-01,2017-08-01 09:35:27
09:35:30,09:35:30,20.58,-0.01,285,586530,卖盘,2017-08-01,2017-08-01 09:35:30
09:35:33,09:35:33,20.59,0.01,345,710355,买盘,2017-08-01,2017-08-01 09:35:33
09:35:36,09:35:36,20.6,0.01,93,191580,中性盘,2017-08-01,2017-08-01 09:35:36
09:35:39,09:35:39,20.6,--,53,109180,卖盘,2017-08-01,2017-08-01 09:35:39
09:35:42,09:35:42,20.6,--,89,183340,卖盘,2017-08-01,2017-08-01 09:35:42
09:35:45,09:35:45,20.61,0.01,83,171063,中性盘,2017-08-01,2017-08-01 09:35:45
09:35:48,09:35:48,20.61,--,69,142209,中性盘,2017-08-01,2017-08-01 09:35:48
09:35:51,09:35:51,20.63,0.02,75,154725,买盘,2017-08-01,2017-08-01 09:35:51
09:35:54,09:35:54,20.63,--,271,559073,卖盘,2017-08-01,2017-08-01 09:35:54
09:35:57,09:35:57,20.64,0.01,22,45408,买盘,2017-08-01,2017-08-01 09:35:57
09:36:00,09:36:00,20.63,-0.01,149,307387,卖盘,2017-08-01,2017-08-01 09:36:00
09:36:03,09:36:03,20.64,0.01,561,1157904,中性盘,2017-08-01,2017-08-01 09:36:03
09:36:06,09:36:06,20.65,0.01,638,1317470,买盘,2017-08-01,2017-08-01 09:36:06
09:36:09,09:36:09,20.66,0.01,16,33056,买盘,2017-08-01,2017-08-01 09:36:09
09:36:12,09:36:12,20.65,-0.01,46,94990,卖盘,2017-08-01,2017-08-01 09:36:12
09:36:15,09:36:15,20.67,0.02,118,243906,买盘,2017-08-01,2017-08-01 09:36:15
09:36:18,09:36:18,20.67,--,209,432003,买盘,2017-08-01,2017-08-01 09:36:18
09:36:21,09:36:21,20.68,0.01,137,283316,买盘,2017-08-01,2017-08-01 09:36:21
09:36:24,09:36:24,20.69,0.01,131,271039,买盘,2017-08-01,2017-08-01 09:36:24
09:36:27,09:36:27,20.7,0.01,190,393300,买盘,2017-08-01,2017-08-01 09:36:27
09:36:30,09:36:30,20.74,0.04,237,491537,买盘,2017-08-01,2017-08-01 09:36:30
09:36:33,09:36:33,20.74,--,15,31109,买盘,2017-08-01,2017-08-01 09:36:33
09:36:36,09:36:36,20.75,0.01,138,286350,买盘,2017-08-01,2017-08-01 09:36:36
09:36:39,09:36:39,20.75,--,47,97525,买盘,2017-08-01,2017-08-01 09:36:39
09:36:42,09:36:42,20.76,0.01,688,1428288,买盘,2017-08-01,2017-08-01 09:36:42
09:36:45,09:36:45,20.77,0.01,186,386322,买盘,2017-08-01,2017-08-01 09:36:45
09:36:48,09:36:48,20.77,--,217,450709,买盘,2017-08-01,2017-08-01 09:36:48
09:36:51,09:36:51,20.78,0.01,99,205722,买盘,2017-08-01,2017-08-01 09:36:51
09:36:54,09:36:54,20.79,0.01,280,582120,买盘,2017-08-01,2017-08-01 09:36:54
09:36:57,09:36:57,20.75,-0.04,770,1597750,卖盘,2017-08-01,2017-08-01 09:36:57
09:37:00,09:37:00,20.8,0.05,1561,3246880,买盘,2017-08-01,2017-08-01 09:37:00
09:37:03,09:37:03,20.8,--,504,1048320,买盘,2017-08-01,2017-08-01 09:37:03
09:37:06,09:37:06,20.78,-0.02,180,374040,卖盘,2017-08-01,2017-08-01 09:37:06
09:37:09,09:37:09,20.78,--,242,502876,卖盘,2017-08-01,2017-08-01 09:37:09
09:37:12,09:37:12,20.75,-0.03,645,1338375,卖盘,2017-08-01,2017-08-01 09:37:12
09:37:15,09:37:15,20.75,--,475,985625,买盘,2017-08-01,2017-08-01 09:37:15
09:37:18,09:37:18,20.75,--,501,1039575,买盘,2017-08-01,2017-08-01 09:37:18
09:37:21,09:37:21,20.73,-0.02,199,412527,中性盘,2017-08-01,2017-08-01 09:37:21
09:37:24,09:37:24,20.74,0.01,396,821303,买盘,2017-08-01,2017-08-01 09:37:24
09:37:27,09:37:27,20.72,-0.02,730,1512560,中性盘,2017-08-01,2017-08-01 09:37:27
09:37:30,09:37:30,20.7,-0.02,245,507150,买盘,2017-08-01,2017-08-01 09:37:30
09:37:33,09:37:33,20.7,--,73,151110,买盘,2017-08-01,2017-08-01 09:37:33
09:37:36,09:37:36,20.72,0.02,476,986272,买盘,2017-08-01,2017-08-01 09:37:36
09:37:39,09:37:39,20.72,--,216,447552,买盘,2017-08-01,2017-08-01 09:37:39
09:37:42,09:37:42,20.67,-0.05,337,696579,卖盘,2017-08-01,2017-08-01 09:37:42
09:37:45,09:37:45,20.67,--,194,400998,买盘,2017-08-01,2017-08-01 09:37:45
09:37:48,09:37:48,20.67,--,244,504348,买盘,2017-08-01,2017-08-01 09:37:48
09:37:51,09:37:51,20.6,-0.07,334,688040,卖盘,2017-08-01,2017-08-01 09:37:51
09:37:54,09:37:54,20.63,0.03,33,68079,买盘,2017-08-01,2017-08-01 09:37:54
09:37:57,09:37:57,20.63,--,149,307387,买盘,2017-08-01,2017-08-01 09:37:57
09:38:00,09:38:00,20.62,-0.01,73,150526,中性盘,2017-08-01,2017-08-01 09:38:00
09:38:03,09:38:03,20.61,-0.01,221,455481,卖盘,2017-08-01,2017-08-01 09:38:03
09:38:06,09:38:06,20.63,0.02,6,12378,买盘,2017-08-01,2017-08-01 09:38:06
09:38:09,09:38:09,20.63,--,304,627152,买盘,2017-08-01,2017-08-01 09:38:09
09:38:12,09:38:12,20.62,-0.01,51,105162,中性盘,2017-08-01,2017-08-01 09:38:12
09:38:15,09:38:15,20.62,--,31,63922,卖盘,2017-08-01,2017-08-01 09:38:15
09:38:18,09:38:18,20.63,0.01,126,259938,买盘,2017-08-01,2017-08-01 09:38:18
09:38:24,09:38:24,20.63,--,13,26819,卖盘,2017-08-01,2017-08-01 09:38:24
09:38:27,09:38:27,20.64,0.01,88,181632,买盘,2017-08-01,2017-08-01 09:38:27
09:38:30,09:38:30,20.66,0.02,435,898710,买盘,2017-08-01,2017-08-01 09:38:30
09:38:33,09:38:33,20.66,--,31,64046,卖盘,2017-08-01,2017-08-01 09:38:33
09:38:36,09:38:36,20.65,-0.01,17,35105,卖盘,2017-08-01,2017-08-01 09:38:36
09:38:39,09:38:39,20.66,0.01,55,113630,买盘,2017-08-01,2017-08-01 09:38:39
09:38:42,09:38:42,20.66,--,182,376012,买盘,2017-08-01,2017-08-01 09:38:42
09:38:45,09:38:45,20.67,0.01,92,190164,买盘,2017-08-01,2017-08-01 09:38:45
09:38:48,09:38:48,20.67,--,177,365859,买盘,2017-08-01,2017-08-01 09:38:48
09:38:51,09:38:51,20.67,--,24,49608,买盘,2017-08-01,2017-08-01 09:38:51
09:38:54,09:38:54,20.67,--,96,198432,买盘,2017-08-01,2017-08-01 09:38:54
09:38:57,09:38:57,20.66,-0.01,642,1326372,卖盘,2017-08-01,2017-08-01 09:38:57
09:39:00,09:39:00,20.66,--,401,828466,卖盘,2017-08-01,2017-08-01 09:39:00
09:39:03,09:39:03,20.66,--,276,570216,买盘,2017-08-01,2017-08-01 09:39:03
09:39:06,09:39:06,20.66,--,715,1477190,买盘,2017-08-01,2017-08-01 09:39:06
09:39:09,09:39:09,20.65,-0.01,234,483209,卖盘,2017-08-01,2017-08-01 09:39:09
09:39:12,09:39:12,20.64,-0.01,195,402480,卖盘,2017-08-01,2017-08-01 09:39:12
09:39:15,09:39:15,20.63,-0.01,82,169166,卖盘,2017-08-01,2017-08-01 09:39:15
09:39:18,09:39:18,20.64,0.01,50,103200,中性盘,2017-08-01,2017-08-01 09:39:18
09:39:21,09:39:21,20.64,--,459,947376,买盘,2017-08-01,2017-08-01 09:39:21
09:39:24,09:39:24,20.61,-0.03,100,206100,卖盘,2017-08-01,2017-08-01 09:39:24
09:39:27,09:39:27,20.61,--,74,152514,卖盘,2017-08-01,2017-08-01 09:39:27
09:39:30,09:39:30,20.62,0.01,390,804180,中性盘,2017-08-01,2017-08-01 09:39:30
09:39:33,09:39:33,20.6,-0.02,678,1396680,卖盘,2017-08-01,2017-08-01 09:39:33
09:39:36,09:39:36,20.61,0.01,199,410139,中性盘,2017-08-01,2017-08-01 09:39:36
09:39:39,09:39:39,20.6,-0.01,926,1907560,卖盘,2017-08-01,2017-08-01 09:39:39
09:39:42,09:39:42,20.59,-0.01,34,70006,卖盘,2017-08-01,2017-08-01 09:39:42
09:39:45,09:39:45,20.6,0.01,21,43260,买盘,2017-08-01,2017-08-01 09:39:45
09:39:48,09:39:48,20.59,-0.01,25,51475,卖盘,2017-08-01,2017-08-01 09:39:48
09:39:51,09:39:51,20.6,0.01,41,84460,买盘,2017-08-01,2017-08-01 09:39:51
09:39:54,09:39:54,20.59,-0.01,145,298555,卖盘,2017-08-01,2017-08-01 09:39:54
09:39:57,09:39:57,20.59,--,15,30885,买盘,2017-08-01,2017-08-01 09:39:57
09:40:00,09:40:00,20.58,-0.01,72,148176,卖盘,2017-08-01,2017-08-01 09:40:00
09:40:03,09:40:03,20.58,--,128,263424,买盘,2017-08-01,2017-08-01 09:40:03
09:40:06,09:40:06,20.57,-0.01,195,401115,卖盘,2017-08-01,2017-08-01 09:40:06
09:40:09,09:40:09,20.57,--,215,442255,卖盘,2017-08-01,2017-08-01 09:40:09
09:40:12,09:40:12,20.58,0.01,25,51449,买盘,2017-08-01,2017-08-01 09:40:12
09:40:15,09:40:15,20.57,-0.01,470,966790,卖盘,2017-08-01,2017-08-01 09:40:15
09:40:18,09:40:18,20.58,0.01,104,214031,中性盘,2017-08-01,2017-08-01 09:40:18
09:40:21,09:40:21,20.57,-0.01,127,261239,卖盘,2017-08-01,2017-08-01 09:40:21
09:40:24,09:40:24,20.58,0.01,279,574182,买盘,2017-08-01,2017-08-01 09:40:24
09:40:27,09:40:27,20.59,0.01,14,28826,买盘,2017-08-01,2017-08-01 09:40:27
09:40:30,09:40:30,20.58,-0.01,60,123479,卖盘,2017-08-01,2017-08-01 09:40:30
09:40:33,09:40:33,20.58,--,286,588588,买盘,2017-08-01,2017-08-01 09:40:33
09:40:36,09:40:36,20.58,--,62,127595,买盘,2017-08-01,2017-08-01 09:40:36
09:40:39,09:40:39,20.58,--,59,121421,买盘,2017-08-01,2017-08-01 09:40:39
09:40:42,09:40:42,20.58,--,435,895229,买盘,2017-08-01,2017-08-01 09:40:42
09:40:45,09:40:45,20.57,-0.01,78,160446,卖盘,2017-08-01,2017-08-01 09:40:45
09:40:48,09:40:48,20.53,-0.04,233,478349,卖盘,2017-08-01,2017-08-01 09:40:48
09:40:51,09:40:51,20.59,0.06,26,53534,买盘,2017-08-01,2017-08-01 09:40:51
09:40:54,09:40:54,20.57,-0.02,25,51425,卖盘,2017-08-01,2017-08-01 09:40:54
09:40:57,09:40:57,20.57,--,51,104907,卖盘,2017-08-01,2017-08-01 09:40:57
09:41:00,09:41:00,20.58,0.01,8,16464,中性盘,2017-08-01,2017-08-01 09:41:00
09:41:03,09:41:03,20.56,-0.02,74,152144,卖盘,2017-08-01,2017-08-01 09:41:03
09:41:06,09:41:06,20.57,0.01,3,6171,买盘,2017-08-01,2017-08-01 09:41:06
09:41:09,09:41:09,20.58,0.01,20,41160,买盘,2017-08-01,2017-08-01 09:41:09
09:41:12,09:41:12,20.56,-0.02,22,45232,卖盘,2017-08-01,2017-08-01 09:41:12
09:41:15,09:41:15,20.58,0.02,17,34986,买盘,2017-08-01,2017-08-01 09:41:15
09:41:18,09:41:18,20.56,-0.02,42,86352,卖盘,2017-08-01,2017-08-01 09:41:18
09:41:21,09:41:21,20.56,--,29,59623,买盘,2017-08-01,2017-08-01 09:41:21
09:41:24,09:41:24,20.56,--,58,119247,买盘,2017-08-01,2017-08-01 09:41:24
09:41:27,09:41:27,20.56,--,66,135696,买盘,2017-08-01,2017-08-01 09:41:27
09:41:30,09:41:30,20.55,-0.01,141,289755,卖盘,2017-08-01,2017-08-01 09:41:30
09:41:33,09:41:33,20.55,--,69,141795,买盘,2017-08-01,2017-08-01 09:41:33
09:41:36,09:41:36,20.58,0.03,60,123479,买盘,2017-08-01,2017-08-01 09:41:36
09:41:39,09:41:39,20.55,-0.03,5,10275,卖盘,2017-08-01,2017-08-01 09:41:39
09:41:42,09:41:42,20.59,0.04,326,671234,买盘,2017-08-01,2017-08-01 09:41:42
09:41:48,09:41:48,20.57,-0.02,23,47311,中性盘,2017-08-01,2017-08-01 09:41:48
09:41:51,09:41:51,20.56,-0.01,57,117191,卖盘,2017-08-01,2017-08-01 09:41:51
09:41:54,09:41:54,20.55,-0.01,451,926805,卖盘,2017-08-01,2017-08-01 09:41:54
09:41:57,09:41:57,20.55,--,45,92475,买盘,2017-08-01,2017-08-01 09:41:57
09:42:00,09:42:00,20.58,0.03,105,216089,买盘,2017-08-01,2017-08-01 09:42:00
09:42:03,09:42:03,20.56,-0.02,20,41120,中性盘,2017-08-01,2017-08-01 09:42:03
09:42:06,09:42:06,20.58,0.02,9,18522,买盘,2017-08-01,2017-08-01 09:42:06
09:42:09,09:42:09,20.55,-0.03,107,219885,卖盘,2017-08-01,2017-08-01 09:42:09
09:42:12,09:42:12,20.58,0.03,45,92609,买盘,2017-08-01,2017-08-01 09:42:12
09:42:15,09:42:15,20.56,-0.02,39,80184,卖盘,2017-08-01,2017-08-01 09:42:15
09:42:18,09:42:18,20.57,0.01,31,63767,买盘,2017-08-01,2017-08-01 09:42:18
09:42:21,09:42:21,20.57,--,2,4114,买盘,2017-08-01,2017-08-01 09:42:21
09:42:24,09:42:24,20.57,--,5,10285,卖盘,2017-08-01,2017-08-01 09:42:24
09:42:27,09:42:27,20.57,--,23,47311,卖盘,2017-08-01,2017-08-01 09:42:27
09:42:30,09:42:30,20.57,--,32,65824,卖盘,2017-08-01,2017-08-01 09:42:30
09:42:33,09:42:33,20.58,0.01,40,82320,买盘,2017-08-01,2017-08-01 09:42:33
09:42:36,09:42:36,20.57,-0.01,34,69938,卖盘,2017-08-01,2017-08-01 09:42:36
09:42:39,09:42:39,20.57,--,49,100793,买盘,2017-08-01,2017-08-01 09:42:39
09:42:42,09:42:42,20.58,0.01,103,211973,买盘,2017-08-01,2017-08-01 09:42:42
09:42:45,09:42:45,20.58,--,23,47333,买盘,2017-08-01,2017-08-01 09:42:45
09:42:48,09:42:48,20.57,-0.01,17,34969,卖盘,2017-08-01,2017-08-01 09:42:48
09:42:51,09:42:51,20.58,0.01,33,67914,买盘,2017-08-01,2017-08-01 09:42:51
09:42:54,09:42:54,20.6,0.02,481,990860,买盘,2017-08-01,2017-08-01 09:42:54
09:42:57,09:42:57,20.6,--,27,55620,买盘,2017-08-01,2017-08-01 09:42:57
09:43:00,09:43:00,20.58,-0.02,33,67914,卖盘,2017-08-01,2017-08-01 09:43:00
09:43:03,09:43:03,20.59,0.01,19,39121,买盘,2017-08-01,2017-08-01 09:43:03
09:43:06,09:43:06,20.64,0.05,1145,2363280,买盘,2017-08-01,2017-08-01 09:43:06
09:43:09,09:43:09,20.6,-0.04,17,35020,卖盘,2017-08-01,2017-08-01 09:43:09
09:43:12,09:43:12,20.6,--,106,218360,卖盘,2017-08-01,2017-08-01 09:43:12
09:43:15,09:43:15,20.6,--,9,18540,卖盘,2017-08-01,2017-08-01 09:43:15
09:43:18,09:43:18,20.64,0.04,68,140352,买盘,2017-08-01,2017-08-01 09:43:18
09:43:21,09:43:21,20.63,-0.01,90,185670,中性盘,2017-08-01,2017-08-01 09:43:21
09:43:24,09:43:24,20.64,0.01,13,26832,买盘,2017-08-01,2017-08-01 09:43:24
09:43:27,09:43:27,20.64,--,40,82560,卖盘,2017-08-01,2017-08-01 09:43:27
09:43:30,09:43:30,20.66,0.02,72,148752,买盘,2017-08-01,2017-08-01 09:43:30
09:43:33,09:43:33,20.65,-0.01,3,6195,买盘,2017-08-01,2017-08-01 09:43:33
09:43:36,09:43:36,20.64,-0.01,209,431376,卖盘,2017-08-01,2017-08-01 09:43:36
09:43:39,09:43:39,20.64,--,196,404544,买盘,2017-08-01,2017-08-01 09:43:39
09:43:42,09:43:42,20.64,--,249,513936,买盘,2017-08-01,2017-08-01 09:43:42
09:43:45,09:43:45,20.66,0.02,43,88838,买盘,2017-08-01,2017-08-01 09:43:45
09:43:48,09:43:48,20.64,-0.02,37,76368,卖盘,2017-08-01,2017-08-01 09:43:48
09:43:51,09:43:51,20.67,0.03,39,80613,买盘,2017-08-01,2017-08-01 09:43:51
09:43:54,09:43:54,20.66,-0.01,76,157016,卖盘,2017-08-01,2017-08-01 09:43:54
09:43:57,09:43:57,20.68,0.02,74,153032,买盘,2017-08-01,2017-08-01 09:43:57
09:44:00,09:44:00,20.67,-0.01,43,88881,中性盘,2017-08-01,2017-08-01 09:44:00
09:44:03,09:44:03,20.66,-0.01,606,1251996,卖盘,2017-08-01,2017-08-01 09:44:03
09:44:06,09:44:06,20.69,0.03,44,91036,买盘,2017-08-01,2017-08-01 09:44:06
09:44:09,09:44:09,20.68,-0.01,328,678304,买盘,2017-08-01,2017-08-01 09:44:09
09:44:12,09:44:12,20.69,0.01,82,169658,买盘,2017-08-01,2017-08-01 09:44:12
09:44:15,09:44:15,20.67,-0.02,61,126087,卖盘,2017-08-01,2017-08-01 09:44:15
09:44:18,09:44:18,20.68,0.01,327,676236,买盘,2017-08-01,2017-08-01 09:44:18
09:44:21,09:44:21,20.68,--,74,153032,买盘,2017-08-01,2017-08-01 09:44:21
09:44:24,09:44:24,20.66,-0.02,189,390474,卖盘,2017-08-01,2017-08-01 09:44:24
09:44:27,09:44:27,20.66,--,41,84706,买盘,2017-08-01,2017-08-01 09:44:27
09:44:30,09:44:30,20.65,-0.01,62,128029,中性盘,2017-08-01,2017-08-01 09:44:30
09:44:33,09:44:33,20.65,--,52,107379,买盘,2017-08-01,2017-08-01 09:44:33
09:44:36,09:44:36,20.64,-0.01,228,470592,卖盘,2017-08-01,2017-08-01 09:44:36
09:44:39,09:44:39,20.62,-0.02,11,22682,卖盘,2017-08-01,2017-08-01 09:44:39
09:44:42,09:44:42,20.62,--,45,92790,买盘,2017-08-01,2017-08-01 09:44:42
09:44:45,09:44:45,20.63,0.01,252,519876,买盘,2017-08-01,2017-08-01 09:44:45
09:44:48,09:44:48,20.63,--,3,6189,买盘,2017-08-01,2017-08-01 09:44:48
09:44:51,09:44:51,20.63,--,152,313576,买盘,2017-08-01,2017-08-01 09:44:51
09:44:54,09:44:54,20.6,-0.03,460,947600,卖盘,2017-08-01,2017-08-01 09:44:54
09:44:57,09:44:57,20.61,0.01,29,59769,中性盘,2017-08-01,2017-08-01 09:44:57
09:45:00,09:45:00,20.6,-0.01,108,222480,卖盘,2017-08-01,2017-08-01 09:45:00
09:45:03,09:45:03,20.6,--,63,129780,卖盘,2017-08-01,2017-08-01 09:45:03
09:45:06,09:45:06,20.61,0.01,17,35037,买盘,2017-08-01,2017-08-01 09:45:06
09:45:09,09:45:09,20.6,-0.01,170,350200,卖盘,2017-08-01,2017-08-01 09:45:09
09:45:12,09:45:12,20.6,--,27,55620,卖盘,2017-08-01,2017-08-01 09:45:12
09:45:15,09:45:15,20.6,--,61,125660,卖盘,2017-08-01,2017-08-01 09:45:15
09:45:18,09:45:18,20.6,--,52,107120,卖盘,2017-08-01,2017-08-01 09:45:18
09:45:21,09:45:21,20.6,--,149,306940,卖盘,2017-08-01,2017-08-01 09:45:21
09:45:24,09:45:24,20.6,--,47,96820,卖盘,2017-08-01,2017-08-01 09:45:24
09:45:27,09:45:27,20.6,--,19,39140,卖盘,2017-08-01,2017-08-01 09:45:27
09:45:30,09:45:30,20.59,-0.01,20,41180,卖盘,2017-08-01,2017-08-01 09:45:30
09:45:33,09:45:33,20.59,--,41,84419,卖盘,2017-08-01,2017-08-01 09:45:33
09:45:36,09:45:36,20.59,--,9,18531,买盘,2017-08-01,2017-08-01 09:45:36
09:45:39,09:45:39,20.6,0.01,46,94760,买盘,2017-08-01,2017-08-01 09:45:39
09:45:42,09:45:42,20.6,--,82,168920,买盘,2017-08-01,2017-08-01 09:45:42
09:45:45,09:45:45,20.58,-0.02,304,625632,卖盘,2017-08-01,2017-08-01 09:45:45
09:45:48,09:45:48,20.6,0.02,33,67980,买盘,2017-08-01,2017-08-01 09:45:48
09:45:51,09:45:51,20.59,-0.01,57,117363,卖盘,2017-08-01,2017-08-01 09:45:51
09:45:54,09:45:54,20.59,--,77,158543,卖盘,2017-08-01,2017-08-01 09:45:54
09:45:57,09:45:57,20.6,0.01,30,61800,买盘,2017-08-01,2017-08-01 09:45:57
09:46:00,09:46:00,20.6,--,18,37080,买盘,2017-08-01,2017-08-01 09:46:00
09:46:03,09:46:03,20.6,--,248,510880,买盘,2017-08-01,2017-08-01 09:46:03
09:46:06,09:46:06,20.6,--,122,251320,卖盘,2017-08-01,2017-08-01 09:46:06
09:46:09,09:46:09,20.6,--,27,55620,卖盘,2017-08-01,2017-08-01 09:46:09
09:46:12,09:46:12,20.6,--,41,84460,卖盘,2017-08-01,2017-08-01 09:46:12
09:46:15,09:46:15,20.61,0.01,222,457542,买盘,2017-08-01,2017-08-01 09:46:15
09:46:18,09:46:18,20.62,0.01,35,72170,买盘,2017-08-01,2017-08-01 09:46:18
09:46:21,09:46:21,20.61,-0.01,572,1178892,卖盘,2017-08-01,2017-08-01 09:46:21
09:46:24,09:46:24,20.61,--,63,129843,买盘,2017-08-01,2017-08-01 09:46:24
09:46:27,09:46:27,20.68,0.07,198,409464,买盘,2017-08-01,2017-08-01 09:46:27
09:46:30,09:46:30,20.63,-0.05,23,47449,卖盘,2017-08-01,2017-08-01 09:46:30
09:46:33,09:46:33,20.68,0.05,148,306064,买盘,2017-08-01,2017-08-01 09:46:33
09:46:36,09:46:36,20.7,0.02,623,1289610,买盘,2017-08-01,2017-08-01 09:46:36
09:46:39,09:46:39,20.7,--,455,941850,买盘,2017-08-01,2017-08-01 09:46:39
09:46:42,09:46:42,20.7,--,970,2007900,卖盘,2017-08-01,2017-08-01 09:46:42
09:46:45,09:46:45,20.8,0.1,337,700960,买盘,2017-08-01,2017-08-01 09:46:45
09:46:48,09:46:48,20.8,--,429,892320,买盘,2017-08-01,2017-08-01 09:46:48
09:46:51,09:46:51,20.79,-0.01,325,675675,卖盘,2017-08-01,2017-08-01 09:46:51
09:46:54,09:46:54,20.8,0.01,21,43680,卖盘,2017-08-01,2017-08-01 09:46:54
09:46:57,09:46:57,20.84,0.04,411,856524,买盘,2017-08-01,2017-08-01 09:46:57
09:47:00,09:47:00,20.85,0.01,416,867360,中性盘,2017-08-01,2017-08-01 09:47:00
09:47:03,09:47:03,20.89,0.04,322,672658,买盘,2017-08-01,2017-08-01 09:47:03
09:47:06,09:47:06,20.89,--,330,689370,买盘,2017-08-01,2017-08-01 09:47:06
09:47:09,09:47:09,20.88,-0.01,67,139896,卖盘,2017-08-01,2017-08-01 09:47:09
09:47:12,09:47:12,20.88,--,133,277704,卖盘,2017-08-01,2017-08-01 09:47:12
09:47:15,09:47:15,20.9,0.02,621,1297890,买盘,2017-08-01,2017-08-01 09:47:15
09:47:18,09:47:18,20.9,--,317,662530,卖盘,2017-08-01,2017-08-01 09:47:18
09:47:21,09:47:21,20.9,--,158,330220,卖盘,2017-08-01,2017-08-01 09:47:21
09:47:24,09:47:24,20.94,0.04,211,441834,买盘,2017-08-01,2017-08-01 09:47:24
09:47:27,09:47:27,20.94,--,67,140298,买盘,2017-08-01,2017-08-01 09:47:27
09:47:30,09:47:30,20.92,-0.02,183,382836,卖盘,2017-08-01,2017-08-01 09:47:30
09:47:33,09:47:33,20.94,0.02,1381,2891814,买盘,2017-08-01,2017-08-01 09:47:33
09:47:36,09:47:36,20.95,0.01,401,840095,买盘,2017-08-01,2017-08-01 09:47:36
09:47:39,09:47:39,20.95,--,150,314250,买盘,2017-08-01,2017-08-01 09:47:39
09:47:42,09:47:42,20.95,--,193,404335,买盘,2017-08-01,2017-08-01 09:47:42
09:47:45,09:47:45,20.95,--,202,423190,买盘,2017-08-01,2017-08-01 09:47:45
09:47:48,09:47:48,20.96,0.01,551,1154896,买盘,2017-08-01,2017-08-01 09:47:48
09:47:51,09:47:51,20.94,-0.02,109,228246,中性盘,2017-08-01,2017-08-01 09:47:51
09:47:54,09:47:54,20.94,--,207,433458,买盘,2017-08-01,2017-08-01 09:47:54
09:47:57,09:47:57,20.92,-0.02,383,801236,卖盘,2017-08-01,2017-08-01 09:47:57
09:48:00,09:48:00,20.93,0.01,150,313950,中性盘,2017-08-01,2017-08-01 09:48:00
09:48:03,09:48:03,20.92,-0.01,331,692452,卖盘,2017-08-01,2017-08-01 09:48:03
09:48:06,09:48:06,20.92,--,217,453964,买盘,2017-08-01,2017-08-01 09:48:06
09:48:09,09:48:09,20.9,-0.02,67,140030,中性盘,2017-08-01,2017-08-01 09:48:09
09:48:12,09:48:12,20.86,-0.04,185,385910,卖盘,2017-08-01,2017-08-01 09:48:12
09:48:15,09:48:15,20.89,0.03,40,83560,买盘,2017-08-01,2017-08-01 09:48:15
09:48:18,09:48:18,20.89,--,1,2089,买盘,2017-08-01,2017-08-01 09:48:18
09:48:21,09:48:21,20.89,--,12,25068,买盘,2017-08-01,2017-08-01 09:48:21
09:48:24,09:48:24,20.85,-0.04,74,154290,卖盘,2017-08-01,2017-08-01 09:48:24
09:48:27,09:48:27,20.82,-0.03,57,118674,卖盘,2017-08-01,2017-08-01 09:48:27
09:48:30,09:48:30,20.82,--,17,35394,买盘,2017-08-01,2017-08-01 09:48:30
09:48:33,09:48:33,20.85,0.03,126,262710,买盘,2017-08-01,2017-08-01 09:48:33
09:48:36,09:48:36,20.81,-0.04,353,734593,卖盘,2017-08-01,2017-08-01 09:48:36
09:48:39,09:48:39,20.81,--,78,162318,卖盘,2017-08-01,2017-08-01 09:48:39
09:48:42,09:48:42,20.81,--,155,322555,买盘,2017-08-01,2017-08-01 09:48:42
09:48:45,09:48:45,20.78,-0.03,89,184942,卖盘,2017-08-01,2017-08-01 09:48:45
09:48:48,09:48:48,20.8,0.02,89,185120,买盘,2017-08-01,2017-08-01 09:48:48
09:48:51,09:48:51,20.81,0.01,250,520249,买盘,2017-08-01,2017-08-01 09:48:51
09:48:54,09:48:54,20.78,-0.03,30,62340,卖盘,2017-08-01,2017-08-01 09:48:54
09:48:57,09:48:57,20.8,0.02,101,210080,买盘,2017-08-01,2017-08-01 09:48:57
09:49:00,09:49:00,20.8,--,132,274560,买盘,2017-08-01,2017-08-01 09:49:00
09:49:03,09:49:03,20.78,-0.02,284,590152,卖盘,2017-08-01,2017-08-01 09:49:03
09:49:06,09:49:06,20.8,0.02,114,237120,中性盘,2017-08-01,2017-08-01 09:49:06
09:49:09,09:49:09,20.81,0.01,60,124859,买盘,2017-08-01,2017-08-01 09:49:09
09:49:12,09:49:12,20.82,0.01,268,557976,买盘,2017-08-01,2017-08-01 09:49:12
09:49:15,09:49:15,20.8,-0.02,99,205920,卖盘,2017-08-01,2017-08-01 09:49:15
09:49:18,09:49:18,20.82,0.02,44,91608,中性盘,2017-08-01,2017-08-01 09:49:18
09:49:21,09:49:21,20.83,0.01,43,89568,买盘,2017-08-01,2017-08-01 09:49:21
09:49:24,09:49:24,20.85,0.02,65,135525,买盘,2017-08-01,2017-08-01 09:49:24
09:49:27,09:49:27,20.84,-0.01,39,81276,卖盘,2017-08-01,2017-08-01 09:49:27
09:49:30,09:49:30,20.85,0.01,35,72975,买盘,2017-08-01,2017-08-01 09:49:30
09:49:33,09:49:33,20.85,--,233,485805,买盘,2017-08-01,2017-08-01 09:49:33
09:49:36,09:49:36,20.86,0.01,62,129332,买盘,2017-08-01,2017-08-01 09:49:36
09:49:39,09:49:39,20.86,--,161,335846,卖盘,2017-08-01,2017-08-01 09:49:39
09:49:42,09:49:42,20.86,--,144,300384,卖盘,2017-08-01,2017-08-01 09:49:42
09:49:45,09:49:45,20.87,0.01,67,139829,买盘,2017-08-01,2017-08-01 09:49:45
09:49:48,09:49:48,20.88,0.01,64,133632,买盘,2017-08-01,2017-08-01 09:49:48
09:49:51,09:49:51,20.88,--,489,1021032,买盘,2017-08-01,2017-08-01 09:49:51
09:49:54,09:49:54,20.89,0.01,183,382287,买盘,2017-08-01,2017-08-01 09:49:54
09:49:57,09:49:57,20.95,0.06,1481,3104077,买盘,2017-08-01,2017-08-01 09:49:57
09:50:00,09:50:00,20.96,0.01,161,337456,买盘,2017-08-01,2017-08-01 09:50:00
09:50:03,09:50:03,20.89,-0.07,864,1804896,卖盘,2017-08-01,2017-08-01 09:50:03
09:50:06,09:50:06,20.95,0.06,37,77515,中性盘,2017-08-01,2017-08-01 09:50:06
09:50:09,09:50:09,20.96,0.01,316,662336,买盘,2017-08-01,2017-08-01 09:50:09
09:50:12,09:50:12,20.94,-0.02,119,249186,中性盘,2017-08-01,2017-08-01 09:50:12
09:50:15,09:50:15,20.93,-0.01,394,824642,中性盘,2017-08-01,2017-08-01 09:50:15
09:50:18,09:50:18,20.93,--,185,387205,买盘,2017-08-01,2017-08-01 09:50:18
09:50:21,09:50:21,20.95,0.02,551,1154345,买盘,2017-08-01,2017-08-01 09:50:21
09:50:24,09:50:24,20.94,-0.01,338,707772,卖盘,2017-08-01,2017-08-01 09:50:24
09:50:27,09:50:27,20.92,-0.02,73,152716,卖盘,2017-08-01,2017-08-01 09:50:27
09:50:30,09:50:30,20.93,0.01,141,295113,买盘,2017-08-01,2017-08-01 09:50:30
09:50:33,09:50:33,20.95,0.02,636,1332420,买盘,2017-08-01,2017-08-01 09:50:33
09:50:36,09:50:36,20.95,--,508,1064260,卖盘,2017-08-01,2017-08-01 09:50:36
09:50:39,09:50:39,20.95,--,1391,2914145,卖盘,2017-08-01,2017-08-01 09:50:39
09:50:42,09:50:42,20.95,--,1231,2578945,卖盘,2017-08-01,2017-08-01 09:50:42
09:50:45,09:50:45,20.96,0.01,701,1469296,买盘,2017-08-01,2017-08-01 09:50:45
09:50:48,09:50:48,20.96,--,1144,2397824,买盘,2017-08-01,2017-08-01 09:50:48
09:50:51,09:50:51,20.96,--,104,217984,卖盘,2017-08-01,2017-08-01 09:50:51
09:50:54,09:50:54,20.97,0.01,101,211797,中性盘,2017-08-01,2017-08-01 09:50:54
09:50:57,09:50:57,20.99,0.02,93,195207,买盘,2017-08-01,2017-08-01 09:50:57
09:51:00,09:51:00,20.99,--,144,302256,买盘,2017-08-01,2017-08-01 09:51:00
09:51:03,09:51:03,20.96,-0.03,550,1152800,卖盘,2017-08-01,2017-08-01 09:51:03
09:51:06,09:51:06,20.99,0.03,122,256077,买盘,2017-08-01,2017-08-01 09:51:06
09:51:09,09:51:09,21.0,0.01,359,753900,买盘,2017-08-01,2017-08-01 09:51:09
09:51:12,09:51:12,20.99,-0.01,307,644393,卖盘,2017-08-01,2017-08-01 09:51:12
09:51:15,09:51:15,20.99,--,370,776630,卖盘,2017-08-01,2017-08-01 09:51:15
09:51:18,09:51:18,20.99,--,403,845896,卖盘,2017-08-01,2017-08-01 09:51:18
09:51:21,09:51:21,21.0,0.01,279,585900,买盘,2017-08-01,2017-08-01 09:51:21
09:51:24,09:51:24,21.0,--,245,514500,买盘,2017-08-01,2017-08-01 09:51:24
09:51:27,09:51:27,21.0,--,222,466200,中性盘,2017-08-01,2017-08-01 09:51:27
09:51:30,09:51:30,21.0,--,141,296100,卖盘,2017-08-01,2017-08-01 09:51:30
09:51:33,09:51:33,21.01,0.01,4,8404,买盘,2017-08-01,2017-08-01 09:51:33
09:51:36,09:51:36,21.01,--,106,222706,买盘,2017-08-01,2017-08-01 09:51:36
09:51:39,09:51:39,21.01,--,217,455917,卖盘,2017-08-01,2017-08-01 09:51:39
09:51:42,09:51:42,21.03,0.02,156,328068,买盘,2017-08-01,2017-08-01 09:51:42
09:51:45,09:51:45,21.05,0.02,392,825160,买盘,2017-08-01,2017-08-01 09:51:45
09:51:48,09:51:48,21.02,-0.03,151,317402,卖盘,2017-08-01,2017-08-01 09:51:48
09:51:51,09:51:51,21.01,-0.01,311,653411,卖盘,2017-08-01,2017-08-01 09:51:51
09:51:54,09:51:54,21.06,0.05,11,23166,买盘,2017-08-01,2017-08-01 09:51:54
09:51:57,09:51:57,21.04,-0.02,188,395552,卖盘,2017-08-01,2017-08-01 09:51:57
09:52:00,09:52:00,21.06,0.02,68,143208,卖盘,2017-08-01,2017-08-01 09:52:00
09:52:03,09:52:03,21.05,-0.01,758,1595590,卖盘,2017-08-01,2017-08-01 09:52:03
09:52:06,09:52:06,21.05,--,449,945145,卖盘,2017-08-01,2017-08-01 09:52:06
09:52:09,09:52:09,21.01,-0.04,421,884521,卖盘,2017-08-01,2017-08-01 09:52:09
09:52:12,09:52:12,21.03,0.02,241,506823,买盘,2017-08-01,2017-08-01 09:52:12
09:52:15,09:52:15,21.05,0.02,557,1172485,买盘,2017-08-01,2017-08-01 09:52:15
09:52:18,09:52:18,21.02,-0.03,890,1870780,卖盘,2017-08-01,2017-08-01 09:52:18
09:52:21,09:52:21,21.01,-0.01,266,558866,中性盘,2017-08-01,2017-08-01 09:52:21
09:52:24,09:52:24,21.0,-0.01,311,653100,卖盘,2017-08-01,2017-08-01 09:52:24
09:52:27,09:52:27,20.98,-0.02,354,742692,卖盘,2017-08-01,2017-08-01 09:52:27
09:52:30,09:52:30,20.94,-0.04,91,190554,卖盘,2017-08-01,2017-08-01 09:52:30
09:52:33,09:52:33,20.96,0.02,177,370992,买盘,2017-08-01,2017-08-01 09:52:33
09:52:36,09:52:36,20.91,-0.05,21,43911,中性盘,2017-08-01,2017-08-01 09:52:36
09:52:39,09:52:39,20.93,0.02,18,37674,买盘,2017-08-01,2017-08-01 09:52:39
09:52:42,09:52:42,20.9,-0.03,34,71060,卖盘,2017-08-01,2017-08-01 09:52:42
09:52:45,09:52:45,20.92,0.02,239,499988,买盘,2017-08-01,2017-08-01 09:52:45
09:52:48,09:52:48,20.88,-0.04,192,400896,卖盘,2017-08-01,2017-08-01 09:52:48
09:52:51,09:52:51,20.88,--,564,1177632,买盘,2017-08-01,2017-08-01 09:52:51
09:52:54,09:52:54,20.9,0.02,77,160930,买盘,2017-08-01,2017-08-01 09:52:54
09:52:57,09:52:57,20.86,-0.04,314,655004,卖盘,2017-08-01,2017-08-01 09:52:57
09:53:00,09:53:00,20.86,--,118,246148,买盘,2017-08-01,2017-08-01 09:53:00
09:53:03,09:53:03,20.86,--,73,152278,买盘,2017-08-01,2017-08-01 09:53:03
09:53:06,09:53:06,20.85,-0.01,59,123015,卖盘,2017-08-01,2017-08-01 09:53:06
09:53:09,09:53:09,20.84,-0.01,43,89612,卖盘,2017-08-01,2017-08-01 09:53:09
09:53:12,09:53:12,20.86,0.02,66,137676,卖盘,2017-08-01,2017-08-01 09:53:12
09:53:15,09:53:15,20.88,0.02,1,2088,中性盘,2017-08-01,2017-08-01 09:53:15
09:53:18,09:53:18,20.89,0.01,129,269481,买盘,2017-08-01,2017-08-01 09:53:18
09:53:21,09:53:21,20.89,--,187,390643,买盘,2017-08-01,2017-08-01 09:53:21
09:53:24,09:53:24,20.89,--,9,18801,买盘,2017-08-01,2017-08-01 09:53:24
09:53:27,09:53:27,20.86,-0.03,398,830228,卖盘,2017-08-01,2017-08-01 09:53:27
09:53:30,09:53:30,20.89,0.03,307,641323,买盘,2017-08-01,2017-08-01 09:53:30
09:53:33,09:53:33,20.86,-0.03,159,331674,卖盘,2017-08-01,2017-08-01 09:53:33
09:53:36,09:53:36,20.86,--,150,312900,买盘,2017-08-01,2017-08-01 09:53:36
09:53:39,09:53:39,20.86,--,117,244062,买盘,2017-08-01,2017-08-01 09:53:39
09:53:42,09:53:42,20.85,-0.01,235,489975,卖盘,2017-08-01,2017-08-01 09:53:42
09:53:45,09:53:45,20.87,0.02,151,315137,买盘,2017-08-01,2017-08-01 09:53:45
09:53:48,09:53:48,20.86,-0.01,94,196084,卖盘,2017-08-01,2017-08-01 09:53:48
09:53:51,09:53:51,20.88,0.02,78,162864,买盘,2017-08-01,2017-08-01 09:53:51
09:53:54,09:53:54,20.85,-0.03,51,106335,中性盘,2017-08-01,2017-08-01 09:53:54
09:53:57,09:53:57,20.86,0.01,21,43806,买盘,2017-08-01,2017-08-01 09:53:57
09:54:00,09:54:00,20.86,--,40,83440,买盘,2017-08-01,2017-08-01 09:54:00
09:54:03,09:54:03,20.86,--,150,312900,买盘,2017-08-01,2017-08-01 09:54:03
09:54:06,09:54:06,20.86,--,111,231546,买盘,2017-08-01,2017-08-01 09:54:06
09:54:09,09:54:09,20.86,--,134,279524,买盘,2017-08-01,2017-08-01 09:54:09
09:54:12,09:54:12,20.84,-0.02,70,145880,卖盘,2017-08-01,2017-08-01 09:54:12
09:54:15,09:54:15,20.84,--,26,54184,买盘,2017-08-01,2017-08-01 09:54:15
09:54:18,09:54:18,20.86,0.02,355,740530,买盘,2017-08-01,2017-08-01 09:54:18
09:54:21,09:54:21,20.84,-0.02,5,10420,卖盘,2017-08-01,2017-08-01 09:54:21
09:54:24,09:54:24,20.84,--,27,56268,卖盘,2017-08-01,2017-08-01 09:54:24
09:54:27,09:54:27,20.83,-0.01,136,283288,卖盘,2017-08-01,2017-08-01 09:54:27
09:54:30,09:54:30,20.82,-0.01,324,674568,卖盘,2017-08-01,2017-08-01 09:54:30
09:54:33,09:54:33,20.77,-0.05,783,1626291,卖盘,2017-08-01,2017-08-01 09:54:33
09:54:36,09:54:36,20.78,0.01,56,116368,买盘,2017-08-01,2017-08-01 09:54:36
09:54:39,09:54:39,20.78,--,76,157928,买盘,2017-08-01,2017-08-01 09:54:39
09:54:42,09:54:42,20.78,--,3,6234,买盘,2017-08-01,2017-08-01 09:54:42
09:54:45,09:54:45,20.77,-0.01,26,54002,卖盘,2017-08-01,2017-08-01 09:54:45
09:54:48,09:54:48,20.77,--,42,87234,买盘,2017-08-01,2017-08-01 09:54:48
09:54:51,09:54:51,20.78,0.01,62,128836,买盘,2017-08-01,2017-08-01 09:54:51
09:54:57,09:54:57,20.76,-0.02,2,4152,卖盘,2017-08-01,2017-08-01 09:54:57
09:55:00,09:55:00,20.76,--,145,301020,卖盘,2017-08-01,2017-08-01 09:55:00
09:55:03,09:55:03,20.74,-0.02,70,145180,卖盘,2017-08-01,2017-08-01 09:55:03
09:55:06,09:55:06,20.76,0.02,36,74736,买盘,2017-08-01,2017-08-01 09:55:06
09:55:09,09:55:09,20.76,--,70,145320,买盘,2017-08-01,2017-08-01 09:55:09
09:55:12,09:55:12,20.76,--,26,53976,卖盘,2017-08-01,2017-08-01 09:55:12
09:55:15,09:55:15,20.74,-0.02,126,261323,卖盘,2017-08-01,2017-08-01 09:55:15
09:55:18,09:55:18,20.76,0.02,24,49824,中性盘,2017-08-01,2017-08-01 09:55:18
09:55:21,09:55:21,20.77,0.01,51,105927,买盘,2017-08-01,2017-08-01 09:55:21
09:55:24,09:55:24,20.76,-0.01,53,110028,卖盘,2017-08-01,2017-08-01 09:55:24
09:55:27,09:55:27,20.76,--,93,193068,卖盘,2017-08-01,2017-08-01 09:55:27
09:55:30,09:55:30,20.77,0.01,99,205623,中性盘,2017-08-01,2017-08-01 09:55:30
09:55:33,09:55:33,20.78,0.01,26,54028,买盘,2017-08-01,2017-08-01 09:55:33
09:55:36,09:55:36,20.77,-0.01,73,151621,卖盘,2017-08-01,2017-08-01 09:55:36
09:55:39,09:55:39,20.78,0.01,40,83120,买盘,2017-08-01,2017-08-01 09:55:39
09:55:42,09:55:42,20.77,-0.01,172,357244,卖盘,2017-08-01,2017-08-01 09:55:42
09:55:45,09:55:45,20.78,0.01,52,108056,买盘,2017-08-01,2017-08-01 09:55:45
09:55:48,09:55:48,20.84,0.06,360,750240,买盘,2017-08-01,2017-08-01 09:55:48
09:55:51,09:55:51,20.78,-0.06,97,201566,卖盘,2017-08-01,2017-08-01 09:55:51
09:55:54,09:55:54,20.84,0.06,33,68772,买盘,2017-08-01,2017-08-01 09:55:54
09:55:57,09:55:57,20.8,-0.04,1,2080,中性盘,2017-08-01,2017-08-01 09:55:57
09:56:00,09:56:00,20.8,--,4,8320,买盘,2017-08-01,2017-08-01 09:56:00
09:56:03,09:56:03,20.79,-0.01,111,230769,卖盘,2017-08-01,2017-08-01 09:56:03
09:56:06,09:56:06,20.84,0.05,25,52100,买盘,2017-08-01,2017-08-01 09:56:06
09:56:09,09:56:09,20.8,-0.04,10,20800,卖盘,2017-08-01,2017-08-01 09:56:09
09:56:12,09:56:12,20.81,0.01,32,66592,中性盘,2017-08-01,2017-08-01 09:56:12
09:56:15,09:56:15,20.83,0.02,9,18747,买盘,2017-08-01,2017-08-01 09:56:15
09:56:18,09:56:18,20.83,--,553,1151899,买盘,2017-08-01,2017-08-01 09:56:18
09:56:21,09:56:21,20.8,-0.03,52,108160,卖盘,2017-08-01,2017-08-01 09:56:21
09:56:24,09:56:24,20.8,--,56,116480,买盘,2017-08-01,2017-08-01 09:56:24
09:56:27,09:56:27,20.8,--,62,128960,买盘,2017-08-01,2017-08-01 09:56:27
09:56:30,09:56:30,20.8,--,56,116480,买盘,2017-08-01,2017-08-01 09:56:30
09:56:33,09:56:33,20.8,--,85,176800,买盘,2017-08-01,2017-08-01 09:56:33
09:56:36,09:56:36,20.78,-0.02,675,1402650,卖盘,2017-08-01,2017-08-01 09:56:36
09:56:39,09:56:39,20.78,--,147,305466,买盘,2017-08-01,2017-08-01 09:56:39
09:56:42,09:56:42,20.78,--,95,197410,买盘,2017-08-01,2017-08-01 09:56:42
09:56:45,09:56:45,20.78,--,50,103900,买盘,2017-08-01,2017-08-01 09:56:45
09:56:48,09:56:48,20.7,-0.08,1044,2161080,卖盘,2017-08-01,2017-08-01 09:56:48
09:56:51,09:56:51,20.76,0.06,43,89268,中性盘,2017-08-01,2017-08-01 09:56:51
09:56:54,09:56:54,20.76,--,31,64356,买盘,2017-08-01,2017-08-01 09:56:54
09:56:57,09:56:57,20.76,--,31,64356,买盘,2017-08-01,2017-08-01 09:56:57
09:57:00,09:57:00,20.75,-0.01,16,33200,卖盘,2017-08-01,2017-08-01 09:57:00
09:57:03,09:57:03,20.75,--,25,51875,买盘,2017-08-01,2017-08-01 09:57:03
09:57:06,09:57:06,20.71,-0.04,38,78698,中性盘,2017-08-01,2017-08-01 09:57:06
09:57:09,09:57:09,20.74,0.03,15,31109,买盘,2017-08-01,2017-08-01 09:57:09
09:57:12,09:57:12,20.75,0.01,11,22825,买盘,2017-08-01,2017-08-01 09:57:12
09:57:15,09:57:15,20.71,-0.04,13,26923,卖盘,2017-08-01,2017-08-01 09:57:15
09:57:18,09:57:18,20.71,--,22,45562,卖盘,2017-08-01,2017-08-01 09:57:18
09:57:21,09:57:21,20.75,0.04,17,35275,买盘,2017-08-01,2017-08-01 09:57:21
09:57:24,09:57:24,20.74,-0.01,8,16592,卖盘,2017-08-01,2017-08-01 09:57:24
09:57:27,09:57:27,20.72,-0.02,17,35224,卖盘,2017-08-01,2017-08-01 09:57:27
09:57:30,09:57:30,20.72,--,52,107744,卖盘,2017-08-01,2017-08-01 09:57:30
09:57:36,09:57:36,20.73,0.01,10,20730,中性盘,2017-08-01,2017-08-01 09:57:36
09:57:39,09:57:39,20.74,0.01,209,433465,买盘,2017-08-01,2017-08-01 09:57:39
09:57:42,09:57:42,20.74,--,10,20740,买盘,2017-08-01,2017-08-01 09:57:42
09:57:45,09:57:45,20.74,--,47,97477,买盘,2017-08-01,2017-08-01 09:57:45
09:57:48,09:57:48,20.73,-0.01,40,82920,卖盘,2017-08-01,2017-08-01 09:57:48
09:57:51,09:57:51,20.73,--,37,76701,卖盘,2017-08-01,2017-08-01 09:57:51
09:57:54,09:57:54,20.74,0.01,26,53923,买盘,2017-08-01,2017-08-01 09:57:54
09:57:57,09:57:57,20.74,--,48,99551,买盘,2017-08-01,2017-08-01 09:57:57
09:58:00,09:58:00,20.75,0.01,50,103750,买盘,2017-08-01,2017-08-01 09:58:00
09:58:03,09:58:03,20.76,0.01,107,222132,买盘,2017-08-01,2017-08-01 09:58:03
09:58:06,09:58:06,20.76,--,5,10380,买盘,2017-08-01,2017-08-01 09:58:06
09:58:09,09:58:09,20.74,-0.02,34,70516,卖盘,2017-08-01,2017-08-01 09:58:09
09:58:12,09:58:12,20.75,0.01,712,1477400,买盘,2017-08-01,2017-08-01 09:58:12
09:58:24,09:58:24,20.79,0.04,16,33264,买盘,2017-08-01,2017-08-01 09:58:24
09:58:27,09:58:27,20.79,--,3,6237,卖盘,2017-08-01,2017-08-01 09:58:27
09:58:30,09:58:30,20.79,--,16,33264,卖盘,2017-08-01,2017-08-01 09:58:30
09:58:36,09:58:36,20.8,0.01,65,135200,买盘,2017-08-01,2017-08-01 09:58:36
09:58:39,09:58:39,20.8,--,235,488800,买盘,2017-08-01,2017-08-01 09:58:39
09:58:42,09:58:42,20.78,-0.02,19,39482,卖盘,2017-08-01,2017-08-01 09:58:42
09:58:45,09:58:45,20.8,0.02,198,411840,买盘,2017-08-01,2017-08-01 09:58:45
09:58:48,09:58:48,20.79,-0.01,51,106029,中性盘,2017-08-01,2017-08-01 09:58:48
09:58:51,09:58:51,20.79,--,138,286902,买盘,2017-08-01,2017-08-01 09:58:51
09:58:54,09:58:54,20.79,--,2,4158,买盘,2017-08-01,2017-08-01 09:58:54
09:58:57,09:58:57,20.78,-0.01,71,147538,卖盘,2017-08-01,2017-08-01 09:58:57
09:59:00,09:59:00,20.79,0.01,58,120582,买盘,2017-08-01,2017-08-01 09:59:00
09:59:03,09:59:03,20.79,--,32,66528,中性盘,2017-08-01,2017-08-01 09:59:03
09:59:06,09:59:06,20.78,-0.01,90,187020,卖盘,2017-08-01,2017-08-01 09:59:06
09:59:09,09:59:09,20.78,--,11,22858,买盘,2017-08-01,2017-08-01 09:59:09
09:59:12,09:59:12,20.78,--,114,236892,买盘,2017-08-01,2017-08-01 09:59:12
09:59:15,09:59:15,20.78,--,15,31170,买盘,2017-08-01,2017-08-01 09:59:15
09:59:18,09:59:18,20.78,--,51,105978,买盘,2017-08-01,2017-08-01 09:59:18
09:59:21,09:59:21,20.78,--,75,155850,买盘,2017-08-01,2017-08-01 09:59:21
09:59:24,09:59:24,20.78,--,3,6234,买盘,2017-08-01,2017-08-01 09:59:24
09:59:27,09:59:27,20.77,-0.01,38,78926,卖盘,2017-08-01,2017-08-01 09:59:27
09:59:30,09:59:30,20.77,--,6,12462,卖盘,2017-08-01,2017-08-01 09:59:30
09:59:33,09:59:33,20.79,0.02,139,288981,买盘,2017-08-01,2017-08-01 09:59:33
09:59:36,09:59:36,20.76,-0.03,320,664320,卖盘,2017-08-01,2017-08-01 09:59:36
09:59:39,09:59:39,20.8,0.04,136,282880,买盘,2017-08-01,2017-08-01 09:59:39
09:59:42,09:59:42,20.8,--,4,8320,卖盘,2017-08-01,2017-08-01 09:59:42
09:59:45,09:59:45,20.76,-0.04,352,730752,卖盘,2017-08-01,2017-08-01 09:59:45
09:59:48,09:59:48,20.76,--,4,8304,卖盘,2017-08-01,2017-08-01 09:59:48
09:59:51,09:59:51,20.78,0.02,70,145460,卖盘,2017-08-01,2017-08-01 09:59:51
09:59:54,09:59:54,20.78,--,6,12468,买盘,2017-08-01,2017-08-01 09:59:54
09:59:57,09:59:57,20.78,--,1,2078,买盘,2017-08-01,2017-08-01 09:59:57
10:00:00,10:00:00,20.77,-0.01,41,85157,卖盘,2017-08-01,2017-08-01 10:00:00
10:00:03,10:00:03,20.77,--,15,31155,卖盘,2017-08-01,2017-08-01 10:00:03
10:00:06,10:00:06,20.78,0.01,36,74808,买盘,2017-08-01,2017-08-01 10:00:06
10:00:09,10:00:09,20.77,-0.01,146,303242,卖盘,2017-08-01,2017-08-01 10:00:09
10:00:12,10:00:12,20.78,0.01,39,81042,买盘,2017-08-01,2017-08-01 10:00:12
10:00:15,10:00:15,20.78,--,95,197410,买盘,2017-08-01,2017-08-01 10:00:15
10:00:18,10:00:18,20.78,--,58,120524,买盘,2017-08-01,2017-08-01 10:00:18
10:00:21,10:00:21,20.77,-0.01,168,348936,卖盘,2017-08-01,2017-08-01 10:00:21
10:00:24,10:00:24,20.78,0.01,12,24936,买盘,2017-08-01,2017-08-01 10:00:24
10:00:27,10:00:27,20.77,-0.01,133,276241,卖盘,2017-08-01,2017-08-01 10:00:27
10:00:30,10:00:30,20.78,0.01,48,99744,买盘,2017-08-01,2017-08-01 10:00:30
10:00:33,10:00:33,20.77,-0.01,74,153698,卖盘,2017-08-01,2017-08-01 10:00:33
10:00:36,10:00:36,20.78,0.01,222,461316,买盘,2017-08-01,2017-08-01 10:00:36
10:00:39,10:00:39,20.78,--,102,211956,买盘,2017-08-01,2017-08-01 10:00:39
10:00:42,10:00:42,20.78,--,72,149616,卖盘,2017-08-01,2017-08-01 10:00:42
10:00:45,10:00:45,20.78,--,14,29092,卖盘,2017-08-01,2017-08-01 10:00:45
10:00:48,10:00:48,20.87,0.09,615,1283505,买盘,2017-08-01,2017-08-01 10:00:48
10:00:51,10:00:51,20.87,--,41,85567,卖盘,2017-08-01,2017-08-01 10:00:51
10:00:54,10:00:54,20.79,-0.08,5,10395,卖盘,2017-08-01,2017-08-01 10:00:54
10:00:57,10:00:57,20.78,-0.01,204,423912,卖盘,2017-08-01,2017-08-01 10:00:57
10:01:00,10:01:00,20.78,--,151,313778,卖盘,2017-08-01,2017-08-01 10:01:00
10:01:03,10:01:03,20.77,-0.01,4,8308,卖盘,2017-08-01,2017-08-01 10:01:03
10:01:06,10:01:06,20.78,0.01,33,68574,买盘,2017-08-01,2017-08-01 10:01:06
10:01:09,10:01:09,20.78,--,126,261828,买盘,2017-08-01,2017-08-01 10:01:09
10:01:12,10:01:12,20.78,--,36,74808,买盘,2017-08-01,2017-08-01 10:01:12
10:01:15,10:01:15,20.78,--,2,4156,买盘,2017-08-01,2017-08-01 10:01:15
10:01:18,10:01:18,20.78,--,6,12468,卖盘,2017-08-01,2017-08-01 10:01:18
10:01:21,10:01:21,20.8,0.02,20,41600,买盘,2017-08-01,2017-08-01 10:01:21
10:01:24,10:01:24,20.78,-0.02,71,147538,卖盘,2017-08-01,2017-08-01 10:01:24
10:01:30,10:01:30,20.74,-0.04,1017,2109258,卖盘,2017-08-01,2017-08-01 10:01:30
10:01:33,10:01:33,20.75,0.01,40,83000,买盘,2017-08-01,2017-08-01 10:01:33
10:01:36,10:01:36,20.75,--,21,43575,买盘,2017-08-01,2017-08-01 10:01:36
10:01:39,10:01:39,20.77,0.02,3,6231,中性盘,2017-08-01,2017-08-01 10:01:39
10:01:42,10:01:42,20.74,-0.03,57,118217,卖盘,2017-08-01,2017-08-01 10:01:42
10:01:45,10:01:45,20.73,-0.01,76,157548,卖盘,2017-08-01,2017-08-01 10:01:45
10:01:48,10:01:48,20.72,-0.01,61,126392,卖盘,2017-08-01,2017-08-01 10:01:48
10:01:51,10:01:51,20.74,0.02,81,167994,买盘,2017-08-01,2017-08-01 10:01:51
10:01:54,10:01:54,20.74,--,61,126513,买盘,2017-08-01,2017-08-01 10:01:54
10:01:57,10:01:57,20.72,-0.02,1,2072,买盘,2017-08-01,2017-08-01 10:01:57
10:02:00,10:02:00,20.72,--,4,8288,买盘,2017-08-01,2017-08-01 10:02:00
10:02:03,10:02:03,20.7,-0.02,139,287730,卖盘,2017-08-01,2017-08-01 10:02:03
10:02:06,10:02:06,20.71,0.01,211,436981,买盘,2017-08-01,2017-08-01 10:02:06
10:02:09,10:02:09,20.71,--,55,113905,买盘,2017-08-01,2017-08-01 10:02:09
10:02:12,10:02:12,20.7,-0.01,246,509220,卖盘,2017-08-01,2017-08-01 10:02:12
10:02:15,10:02:15,20.7,--,33,68310,买盘,2017-08-01,2017-08-01 10:02:15
10:02:18,10:02:18,20.7,--,51,105570,买盘,2017-08-01,2017-08-01 10:02:18
10:02:21,10:02:21,20.68,-0.02,117,241956,卖盘,2017-08-01,2017-08-01 10:02:21
10:02:24,10:02:24,20.69,0.01,102,211038,买盘,2017-08-01,2017-08-01 10:02:24
10:02:27,10:02:27,20.69,--,15,31035,买盘,2017-08-01,2017-08-01 10:02:27
10:02:30,10:02:30,20.69,--,11,22759,买盘,2017-08-01,2017-08-01 10:02:30
10:02:33,10:02:33,20.68,-0.01,3,6204,买盘,2017-08-01,2017-08-01 10:02:33
10:02:36,10:02:36,20.67,-0.01,18,37206,卖盘,2017-08-01,2017-08-01 10:02:36
10:02:39,10:02:39,20.67,--,56,115752,卖盘,2017-08-01,2017-08-01 10:02:39
10:02:42,10:02:42,20.67,--,590,1219530,买盘,2017-08-01,2017-08-01 10:02:42
10:02:45,10:02:45,20.66,-0.01,100,206600,卖盘,2017-08-01,2017-08-01 10:02:45
10:02:48,10:02:48,20.65,-0.01,51,105315,卖盘,2017-08-01,2017-08-01 10:02:48
10:02:51,10:02:51,20.66,0.01,3,6198,买盘,2017-08-01,2017-08-01 10:02:51
10:02:54,10:02:54,20.66,--,108,223128,买盘,2017-08-01,2017-08-01 10:02:54
10:02:57,10:02:57,20.64,-0.02,121,249744,卖盘,2017-08-01,2017-08-01 10:02:57
10:03:00,10:03:00,20.63,-0.01,29,59827,卖盘,2017-08-01,2017-08-01 10:03:00
10:03:03,10:03:03,20.63,--,6,12378,买盘,2017-08-01,2017-08-01 10:03:03
10:03:06,10:03:06,20.62,-0.01,29,59798,卖盘,2017-08-01,2017-08-01 10:03:06
10:03:09,10:03:09,20.6,-0.02,357,735420,卖盘,2017-08-01,2017-08-01 10:03:09
10:03:12,10:03:12,20.61,0.01,159,327699,中性盘,2017-08-01,2017-08-01 10:03:12
10:03:15,10:03:15,20.6,-0.01,93,191580,卖盘,2017-08-01,2017-08-01 10:03:15
10:03:18,10:03:18,20.6,--,4,8240,买盘,2017-08-01,2017-08-01 10:03:18
10:03:21,10:03:21,20.6,--,37,76220,买盘,2017-08-01,2017-08-01 10:03:21
10:03:24,10:03:24,20.6,--,35,72100,买盘,2017-08-01,2017-08-01 10:03:24
10:03:27,10:03:27,20.6,--,189,389340,买盘,2017-08-01,2017-08-01 10:03:27
10:03:30,10:03:30,20.6,--,82,168920,买盘,2017-08-01,2017-08-01 10:03:30
10:03:33,10:03:33,20.6,--,94,193640,卖盘,2017-08-01,2017-08-01 10:03:33
10:03:36,10:03:36,20.6,--,219,451140,卖盘,2017-08-01,2017-08-01 10:03:36
10:03:39,10:03:39,20.6,--,287,591220,卖盘,2017-08-01,2017-08-01 10:03:39
10:03:42,10:03:42,20.6,--,242,498520,卖盘,2017-08-01,2017-08-01 10:03:42
10:03:45,10:03:45,20.6,--,328,675680,买盘,2017-08-01,2017-08-01 10:03:45
10:03:48,10:03:48,20.6,--,193,397580,卖盘,2017-08-01,2017-08-01 10:03:48
10:03:51,10:03:51,20.6,--,40,82400,买盘,2017-08-01,2017-08-01 10:03:51
10:03:54,10:03:54,20.6,--,75,154500,买盘,2017-08-01,2017-08-01 10:03:54
10:03:57,10:03:57,20.6,--,105,216300,买盘,2017-08-01,2017-08-01 10:03:57
10:04:00,10:04:00,20.59,-0.01,49,100891,卖盘,2017-08-01,2017-08-01 10:04:00
10:04:03,10:04:03,20.6,0.01,69,142140,买盘,2017-08-01,2017-08-01 10:04:03
10:04:06,10:04:06,20.59,-0.01,62,127658,卖盘,2017-08-01,2017-08-01 10:04:06
10:04:09,10:04:09,20.59,--,256,527104,卖盘,2017-08-01,2017-08-01 10:04:09
10:04:12,10:04:12,20.59,--,84,172956,卖盘,2017-08-01,2017-08-01 10:04:12
10:04:15,10:04:15,20.6,0.01,1,2060,中性盘,2017-08-01,2017-08-01 10:04:15
10:04:18,10:04:18,20.62,0.02,69,142278,买盘,2017-08-01,2017-08-01 10:04:18
10:04:21,10:04:21,20.62,--,10,20620,卖盘,2017-08-01,2017-08-01 10:04:21
10:04:24,10:04:24,20.61,-0.01,12,24732,卖盘,2017-08-01,2017-08-01 10:04:24
10:04:27,10:04:27,20.6,-0.01,419,863140,卖盘,2017-08-01,2017-08-01 10:04:27
10:04:30,10:04:30,20.6,--,73,150380,买盘,2017-08-01,2017-08-01 10:04:30
10:04:33,10:04:33,20.6,--,6,12360,买盘,2017-08-01,2017-08-01 10:04:33
10:04:36,10:04:36,20.6,--,58,119480,买盘,2017-08-01,2017-08-01 10:04:36
10:04:39,10:04:39,20.61,0.01,28,57708,买盘,2017-08-01,2017-08-01 10:04:39
10:04:45,10:04:45,20.61,--,1,2061,卖盘,2017-08-01,2017-08-01 10:04:45
10:04:51,10:04:51,20.6,-0.01,514,1058840,卖盘,2017-08-01,2017-08-01 10:04:51
10:04:54,10:04:54,20.62,0.02,732,1509384,买盘,2017-08-01,2017-08-01 10:04:54
10:04:57,10:04:57,20.6,-0.02,386,795160,卖盘,2017-08-01,2017-08-01 10:04:57
10:05:00,10:05:00,20.6,--,114,234840,买盘,2017-08-01,2017-08-01 10:05:00
10:05:03,10:05:03,20.6,--,181,372860,买盘,2017-08-01,2017-08-01 10:05:03
10:05:06,10:05:06,20.6,--,320,659200,买盘,2017-08-01,2017-08-01 10:05:06
10:05:09,10:05:09,20.6,--,45,92700,买盘,2017-08-01,2017-08-01 10:05:09
10:05:12,10:05:12,20.6,--,81,166860,买盘,2017-08-01,2017-08-01 10:05:12
10:05:15,10:05:15,20.62,0.02,10,20620,买盘,2017-08-01,2017-08-01 10:05:15
10:05:18,10:05:18,20.62,--,1,2062,买盘,2017-08-01,2017-08-01 10:05:18
10:05:21,10:05:21,20.62,--,14,28868,买盘,2017-08-01,2017-08-01 10:05:21
10:05:24,10:05:24,20.62,--,334,688708,买盘,2017-08-01,2017-08-01 10:05:24
10:05:27,10:05:27,20.62,--,97,200014,买盘,2017-08-01,2017-08-01 10:05:27
10:05:30,10:05:30,20.6,-0.02,281,578860,卖盘,2017-08-01,2017-08-01 10:05:30
10:05:33,10:05:33,20.6,--,54,111240,买盘,2017-08-01,2017-08-01 10:05:33
10:05:36,10:05:36,20.6,--,258,531480,买盘,2017-08-01,2017-08-01 10:05:36
10:05:39,10:05:39,20.59,-0.01,40,82360,卖盘,2017-08-01,2017-08-01 10:05:39
10:05:42,10:05:42,20.57,-0.02,729,1499553,卖盘,2017-08-01,2017-08-01 10:05:42
10:05:45,10:05:45,20.57,--,75,154275,买盘,2017-08-01,2017-08-01 10:05:45
10:05:48,10:05:48,20.57,--,111,228327,买盘,2017-08-01,2017-08-01 10:05:48
10:05:51,10:05:51,20.57,--,60,123420,买盘,2017-08-01,2017-08-01 10:05:51
10:05:54,10:05:54,20.56,-0.01,54,111024,卖盘,2017-08-01,2017-08-01 10:05:54
10:05:57,10:05:57,20.56,--,145,298120,卖盘,2017-08-01,2017-08-01 10:05:57
10:06:00,10:06:00,20.55,-0.01,98,201390,卖盘,2017-08-01,2017-08-01 10:06:00
10:06:03,10:06:03,20.52,-0.03,50,102600,卖盘,2017-08-01,2017-08-01 10:06:03
10:06:06,10:06:06,20.55,0.03,7,14385,买盘,2017-08-01,2017-08-01 10:06:06
10:06:09,10:06:09,20.55,--,30,61650,买盘,2017-08-01,2017-08-01 10:06:09
10:06:12,10:06:12,20.55,--,156,320580,买盘,2017-08-01,2017-08-01 10:06:12
10:06:15,10:06:15,20.52,-0.03,151,309852,卖盘,2017-08-01,2017-08-01 10:06:15
10:06:18,10:06:18,20.53,0.01,17,34901,中性盘,2017-08-01,2017-08-01 10:06:18
10:06:21,10:06:21,20.53,--,76,156028,卖盘,2017-08-01,2017-08-01 10:06:21
10:06:24,10:06:24,20.55,0.02,157,322635,买盘,2017-08-01,2017-08-01 10:06:24
10:06:27,10:06:27,20.53,-0.02,52,106756,卖盘,2017-08-01,2017-08-01 10:06:27
10:06:30,10:06:30,20.53,--,20,41060,卖盘,2017-08-01,2017-08-01 10:06:30
10:06:33,10:06:33,20.53,--,115,236095,卖盘,2017-08-01,2017-08-01 10:06:33
10:06:36,10:06:36,20.53,--,46,94438,买盘,2017-08-01,2017-08-01 10:06:36
10:06:39,10:06:39,20.53,--,17,34901,买盘,2017-08-01,2017-08-01 10:06:39
10:06:42,10:06:42,20.53,--,22,45166,买盘,2017-08-01,2017-08-01 10:06:42
10:06:45,10:06:45,20.52,-0.01,54,110808,卖盘,2017-08-01,2017-08-01 10:06:45
10:06:48,10:06:48,20.52,--,190,389880,卖盘,2017-08-01,2017-08-01 10:06:48
10:06:51,10:06:51,20.53,0.01,42,86226,买盘,2017-08-01,2017-08-01 10:06:51
10:06:54,10:06:54,20.53,--,54,110862,买盘,2017-08-01,2017-08-01 10:06:54
10:06:57,10:06:57,20.53,--,17,34901,买盘,2017-08-01,2017-08-01 10:06:57
10:07:00,10:07:00,20.52,-0.01,96,196992,卖盘,2017-08-01,2017-08-01 10:07:00
10:07:06,10:07:06,20.54,0.02,22,45188,买盘,2017-08-01,2017-08-01 10:07:06
10:07:09,10:07:09,20.53,-0.01,180,369540,卖盘,2017-08-01,2017-08-01 10:07:09
10:07:12,10:07:12,20.53,--,18,36954,卖盘,2017-08-01,2017-08-01 10:07:12
10:07:15,10:07:15,20.55,0.02,65,133575,买盘,2017-08-01,2017-08-01 10:07:15
10:07:18,10:07:18,20.55,--,4,8220,买盘,2017-08-01,2017-08-01 10:07:18
10:07:24,10:07:24,20.55,--,40,82200,买盘,2017-08-01,2017-08-01 10:07:24
10:07:27,10:07:27,20.55,--,48,98640,买盘,2017-08-01,2017-08-01 10:07:27
10:07:30,10:07:30,20.56,0.01,24,49344,买盘,2017-08-01,2017-08-01 10:07:30
10:07:33,10:07:33,20.56,--,30,61679,卖盘,2017-08-01,2017-08-01 10:07:33
10:07:39,10:07:39,20.57,0.01,18,37026,买盘,2017-08-01,2017-08-01 10:07:39
10:07:42,10:07:42,20.57,--,86,176902,买盘,2017-08-01,2017-08-01 10:07:42
10:07:45,10:07:45,20.57,--,16,32912,买盘,2017-08-01,2017-08-01 10:07:45
10:07:48,10:07:48,20.57,--,4,8228,买盘,2017-08-01,2017-08-01 10:07:48
10:07:54,10:07:54,20.57,--,6,12342,卖盘,2017-08-01,2017-08-01 10:07:54
10:07:57,10:07:57,20.58,0.01,45,92609,买盘,2017-08-01,2017-08-01 10:07:57
10:08:00,10:08:00,20.58,--,98,201683,买盘,2017-08-01,2017-08-01 10:08:00
10:08:03,10:08:03,20.58,--,122,251075,买盘,2017-08-01,2017-08-01 10:08:03
10:08:06,10:08:06,20.58,--,71,146118,买盘,2017-08-01,2017-08-01 10:08:06
10:08:09,10:08:09,20.59,0.01,95,195605,买盘,2017-08-01,2017-08-01 10:08:09
10:08:12,10:08:12,20.57,-0.02,125,257125,卖盘,2017-08-01,2017-08-01 10:08:12
10:08:15,10:08:15,20.58,0.01,28,57623,中性盘,2017-08-01,2017-08-01 10:08:15
10:08:18,10:08:18,20.59,0.01,207,426213,买盘,2017-08-01,2017-08-01 10:08:18
10:08:21,10:08:21,20.59,--,172,354148,买盘,2017-08-01,2017-08-01 10:08:21
10:08:24,10:08:24,20.59,--,22,45298,买盘,2017-08-01,2017-08-01 10:08:24
10:08:27,10:08:27,20.6,0.01,133,273980,买盘,2017-08-01,2017-08-01 10:08:27
10:08:33,10:08:33,20.59,-0.01,1,2059,卖盘,2017-08-01,2017-08-01 10:08:33
10:08:36,10:08:36,20.62,0.03,39,80418,买盘,2017-08-01,2017-08-01 10:08:36
10:08:45,10:08:45,20.62,--,3,6186,买盘,2017-08-01,2017-08-01 10:08:45
10:08:48,10:08:48,20.61,-0.01,37,76257,卖盘,2017-08-01,2017-08-01 10:08:48
10:08:51,10:08:51,20.61,--,9,18549,买盘,2017-08-01,2017-08-01 10:08:51
10:08:54,10:08:54,20.61,--,41,84501,买盘,2017-08-01,2017-08-01 10:08:54
10:08:57,10:08:57,20.6,-0.01,278,572680,卖盘,2017-08-01,2017-08-01 10:08:57
10:09:00,10:09:00,20.6,--,71,146260,买盘,2017-08-01,2017-08-01 10:09:00
10:09:03,10:09:03,20.6,--,45,92700,买盘,2017-08-01,2017-08-01 10:09:03
10:09:06,10:09:06,20.6,--,35,72100,买盘,2017-08-01,2017-08-01 10:09:06
10:09:09,10:09:09,20.6,--,19,39140,买盘,2017-08-01,2017-08-01 10:09:09
10:09:12,10:09:12,20.6,--,454,935240,买盘,2017-08-01,2017-08-01 10:09:12
10:09:15,10:09:15,20.59,-0.01,11,22649,中性盘,2017-08-01,2017-08-01 10:09:15
10:09:18,10:09:18,20.6,0.01,2,4120,买盘,2017-08-01,2017-08-01 10:09:18
10:09:21,10:09:21,20.59,-0.01,64,131776,卖盘,2017-08-01,2017-08-01 10:09:21
10:09:24,10:09:24,20.59,--,39,80301,卖盘,2017-08-01,2017-08-01 10:09:24
10:09:27,10:09:27,20.6,0.01,16,32960,买盘,2017-08-01,2017-08-01 10:09:27
10:09:30,10:09:30,20.59,-0.01,100,205900,卖盘,2017-08-01,2017-08-01 10:09:30
10:09:33,10:09:33,20.6,0.01,81,166860,买盘,2017-08-01,2017-08-01 10:09:33
10:09:36,10:09:36,20.59,-0.01,37,76183,卖盘,2017-08-01,2017-08-01 10:09:36
10:09:39,10:09:39,20.59,--,20,41180,买盘,2017-08-01,2017-08-01 10:09:39
10:09:42,10:09:42,20.59,--,6,12354,买盘,2017-08-01,2017-08-01 10:09:42
10:09:45,10:09:45,20.59,--,1,2059,买盘,2017-08-01,2017-08-01 10:09:45
10:09:48,10:09:48,20.59,--,10,20590,买盘,2017-08-01,2017-08-01 10:09:48
10:09:51,10:09:51,20.57,-0.02,180,370260,卖盘,2017-08-01,2017-08-01 10:09:51
10:09:54,10:09:54,20.57,--,10,20570,买盘,2017-08-01,2017-08-01 10:09:54
10:09:57,10:09:57,20.57,--,55,113135,买盘,2017-08-01,2017-08-01 10:09:57
10:10:00,10:10:00,20.56,-0.01,50,102800,卖盘,2017-08-01,2017-08-01 10:10:00
10:10:03,10:10:03,20.56,--,3,6168,买盘,2017-08-01,2017-08-01 10:10:03
10:10:06,10:10:06,20.55,-0.01,119,244545,卖盘,2017-08-01,2017-08-01 10:10:06
10:10:09,10:10:09,20.55,--,24,49320,买盘,2017-08-01,2017-08-01 10:10:09
10:10:12,10:10:12,20.55,--,10,20550,买盘,2017-08-01,2017-08-01 10:10:12
10:10:18,10:10:18,20.55,--,13,26715,买盘,2017-08-01,2017-08-01 10:10:18
10:10:21,10:10:21,20.54,-0.01,181,371774,卖盘,2017-08-01,2017-08-01 10:10:21
10:10:24,10:10:24,20.53,-0.01,295,605635,卖盘,2017-08-01,2017-08-01 10:10:24
10:10:27,10:10:27,20.55,0.02,15,30825,买盘,2017-08-01,2017-08-01 10:10:27
10:10:30,10:10:30,20.55,--,12,24660,买盘,2017-08-01,2017-08-01 10:10:30
10:10:33,10:10:33,20.53,-0.02,14,28742,卖盘,2017-08-01,2017-08-01 10:10:33
10:10:39,10:10:39,20.53,--,23,47219,买盘,2017-08-01,2017-08-01 10:10:39
10:10:42,10:10:42,20.55,0.02,193,396615,买盘,2017-08-01,2017-08-01 10:10:42
10:10:45,10:10:45,20.53,-0.02,1,2053,卖盘,2017-08-01,2017-08-01 10:10:45
10:10:48,10:10:48,20.53,--,22,45166,卖盘,2017-08-01,2017-08-01 10:10:48
10:10:51,10:10:51,20.53,--,6,12318,卖盘,2017-08-01,2017-08-01 10:10:51
10:10:54,10:10:54,20.55,0.02,58,119190,买盘,2017-08-01,2017-08-01 10:10:54
10:10:57,10:10:57,20.55,--,4,8220,买盘,2017-08-01,2017-08-01 10:10:57
10:11:00,10:11:00,20.55,--,7,14385,买盘,2017-08-01,2017-08-01 10:11:00
10:11:03,10:11:03,20.55,--,9,18495,买盘,2017-08-01,2017-08-01 10:11:03
10:11:06,10:11:06,20.55,--,5,10275,买盘,2017-08-01,2017-08-01 10:11:06
10:11:09,10:11:09,20.54,-0.01,23,47242,卖盘,2017-08-01,2017-08-01 10:11:09
10:11:12,10:11:12,20.54,--,2,4108,卖盘,2017-08-01,2017-08-01 10:11:12
10:11:15,10:11:15,20.54,--,17,34918,卖盘,2017-08-01,2017-08-01 10:11:15
10:11:18,10:11:18,20.54,--,47,96538,卖盘,2017-08-01,2017-08-01 10:11:18
10:11:21,10:11:21,20.55,0.01,2,4110,买盘,2017-08-01,2017-08-01 10:11:21
10:11:24,10:11:24,20.55,--,18,36990,买盘,2017-08-01,2017-08-01 10:11:24
10:11:27,10:11:27,20.55,--,14,28770,买盘,2017-08-01,2017-08-01 10:11:27
10:11:30,10:11:30,20.55,--,11,22605,卖盘,2017-08-01,2017-08-01 10:11:30
10:11:36,10:11:36,20.56,0.01,2,4112,买盘,2017-08-01,2017-08-01 10:11:36
10:11:39,10:11:39,20.56,--,12,24672,买盘,2017-08-01,2017-08-01 10:11:39
10:11:42,10:11:42,20.55,-0.01,21,43155,卖盘,2017-08-01,2017-08-01 10:11:42
10:11:45,10:11:45,20.56,0.01,1,2056,买盘,2017-08-01,2017-08-01 10:11:45
10:11:48,10:11:48,20.56,--,2,4112,买盘,2017-08-01,2017-08-01 10:11:48
10:11:51,10:11:51,20.56,--,25,51400,卖盘,2017-08-01,2017-08-01 10:11:51
10:11:54,10:11:54,20.57,0.01,158,325006,买盘,2017-08-01,2017-08-01 10:11:54
10:11:57,10:11:57,20.57,--,3,6171,买盘,2017-08-01,2017-08-01 10:11:57
10:12:09,10:12:09,20.58,0.01,3,6173,买盘,2017-08-01,2017-08-01 10:12:09
10:12:12,10:12:12,20.58,--,24,49391,买盘,2017-08-01,2017-08-01 10:12:12
10:12:21,10:12:21,20.58,--,1,2058,卖盘,2017-08-01,2017-08-01 10:12:21
10:12:24,10:12:24,20.57,-0.01,67,137819,卖盘,2017-08-01,2017-08-01 10:12:24
10:12:27,10:12:27,20.6,0.03,20,41200,买盘,2017-08-01,2017-08-01 10:12:27
10:12:30,10:12:30,20.6,--,7,14420,买盘,2017-08-01,2017-08-01 10:12:30
10:12:33,10:12:33,20.59,-0.01,5,10295,卖盘,2017-08-01,2017-08-01 10:12:33
10:12:36,10:12:36,20.59,--,11,22649,卖盘,2017-08-01,2017-08-01 10:12:36
10:12:39,10:12:39,20.59,--,48,98832,卖盘,2017-08-01,2017-08-01 10:12:39
10:12:42,10:12:42,20.59,--,52,107068,卖盘,2017-08-01,2017-08-01 10:12:42
10:12:48,10:12:48,20.6,0.01,26,53560,买盘,2017-08-01,2017-08-01 10:12:48
10:12:51,10:12:51,20.6,--,13,26780,买盘,2017-08-01,2017-08-01 10:12:51
10:12:54,10:12:54,20.6,--,29,59740,买盘,2017-08-01,2017-08-01 10:12:54
10:12:57,10:12:57,20.6,--,67,138020,买盘,2017-08-01,2017-08-01 10:12:57
10:13:00,10:13:00,20.6,--,147,302820,买盘,2017-08-01,2017-08-01 10:13:00
10:13:03,10:13:03,20.59,-0.01,91,187369,卖盘,2017-08-01,2017-08-01 10:13:03
10:13:09,10:13:09,20.62,0.03,60,123720,买盘,2017-08-01,2017-08-01 10:13:09
10:13:12,10:13:12,20.6,-0.02,85,175100,卖盘,2017-08-01,2017-08-01 10:13:12
10:13:15,10:13:15,20.6,--,18,37080,买盘,2017-08-01,2017-08-01 10:13:15
10:13:18,10:13:18,20.6,--,10,20600,买盘,2017-08-01,2017-08-01 10:13:18
10:13:21,10:13:21,20.6,--,119,245140,买盘,2017-08-01,2017-08-01 10:13:21
10:13:24,10:13:24,20.58,-0.02,130,267540,卖盘,2017-08-01,2017-08-01 10:13:24
10:13:27,10:13:27,20.58,--,7,14405,买盘,2017-08-01,2017-08-01 10:13:27
10:13:30,10:13:30,20.58,--,210,432179,买盘,2017-08-01,2017-08-01 10:13:30
10:13:33,10:13:33,20.58,--,20,41160,买盘,2017-08-01,2017-08-01 10:13:33
10:13:36,10:13:36,20.57,-0.01,11,22627,卖盘,2017-08-01,2017-08-01 10:13:36
10:13:39,10:13:39,20.58,0.01,11,22637,买盘,2017-08-01,2017-08-01 10:13:39
10:13:42,10:13:42,20.58,--,9,18522,买盘,2017-08-01,2017-08-01 10:13:42
10:13:45,10:13:45,20.57,-0.01,13,26741,卖盘,2017-08-01,2017-08-01 10:13:45
10:13:48,10:13:48,20.57,--,114,234498,卖盘,2017-08-01,2017-08-01 10:13:48
10:13:51,10:13:51,20.57,--,10,20570,买盘,2017-08-01,2017-08-01 10:13:51
10:13:54,10:13:54,20.57,--,33,67881,买盘,2017-08-01,2017-08-01 10:13:54
10:14:00,10:14:00,20.57,--,19,39083,买盘,2017-08-01,2017-08-01 10:14:00
10:14:03,10:14:03,20.55,-0.02,88,180840,卖盘,2017-08-01,2017-08-01 10:14:03
10:14:06,10:14:06,20.57,0.02,5,10285,买盘,2017-08-01,2017-08-01 10:14:06
10:14:09,10:14:09,20.57,--,8,16456,买盘,2017-08-01,2017-08-01 10:14:09
10:14:12,10:14:12,20.57,--,102,209814,买盘,2017-08-01,2017-08-01 10:14:12
10:14:15,10:14:15,20.57,--,62,127534,卖盘,2017-08-01,2017-08-01 10:14:15
10:14:21,10:14:21,20.58,0.01,8,16464,买盘,2017-08-01,2017-08-01 10:14:21
10:14:33,10:14:33,20.58,--,117,240785,买盘,2017-08-01,2017-08-01 10:14:33
10:14:36,10:14:36,20.58,--,3,6173,卖盘,2017-08-01,2017-08-01 10:14:36
10:14:39,10:14:39,20.58,--,8,16464,卖盘,2017-08-01,2017-08-01 10:14:39
10:14:42,10:14:42,20.58,--,13,26753,卖盘,2017-08-01,2017-08-01 10:14:42
10:14:45,10:14:45,20.59,0.01,7,14413,买盘,2017-08-01,2017-08-01 10:14:45
10:14:48,10:14:48,20.58,-0.01,11,22637,卖盘,2017-08-01,2017-08-01 10:14:48
10:14:57,10:14:57,20.59,0.01,164,337676,买盘,2017-08-01,2017-08-01 10:14:57
10:15:03,10:15:03,20.59,--,50,102950,买盘,2017-08-01,2017-08-01 10:15:03
10:15:06,10:15:06,20.59,--,32,65888,买盘,2017-08-01,2017-08-01 10:15:06
10:15:09,10:15:09,20.59,--,5,10295,买盘,2017-08-01,2017-08-01 10:15:09
10:15:12,10:15:12,20.59,--,108,222372,买盘,2017-08-01,2017-08-01 10:15:12
10:15:15,10:15:15,20.59,--,38,78242,买盘,2017-08-01,2017-08-01 10:15:15
10:15:18,10:15:18,20.58,-0.01,262,539196,卖盘,2017-08-01,2017-08-01 10:15:18
10:15:21,10:15:21,20.58,--,47,96725,买盘,2017-08-01,2017-08-01 10:15:21
10:15:24,10:15:24,20.58,--,5,10290,买盘,2017-08-01,2017-08-01 10:15:24
10:15:27,10:15:27,20.57,-0.01,41,84337,卖盘,2017-08-01,2017-08-01 10:15:27
10:15:30,10:15:30,20.58,0.01,14,28811,买盘,2017-08-01,2017-08-01 10:15:30
10:15:33,10:15:33,20.57,-0.01,81,166617,卖盘,2017-08-01,2017-08-01 10:15:33
10:15:36,10:15:36,20.58,0.01,50,102899,买盘,2017-08-01,2017-08-01 10:15:36
10:15:39,10:15:39,20.57,-0.01,533,1096381,卖盘,2017-08-01,2017-08-01 10:15:39
10:15:42,10:15:42,20.57,--,11,22627,买盘,2017-08-01,2017-08-01 10:15:42
10:15:45,10:15:45,20.57,--,4,8228,买盘,2017-08-01,2017-08-01 10:15:45
10:15:48,10:15:48,20.56,-0.01,66,135696,卖盘,2017-08-01,2017-08-01 10:15:48
10:15:51,10:15:51,20.56,--,11,22616,买盘,2017-08-01,2017-08-01 10:15:51
10:15:57,10:15:57,20.55,-0.01,25,51375,卖盘,2017-08-01,2017-08-01 10:15:57
10:16:00,10:16:00,20.56,0.01,10,20560,买盘,2017-08-01,2017-08-01 10:16:00
10:16:03,10:16:03,20.55,-0.01,11,22605,卖盘,2017-08-01,2017-08-01 10:16:03
10:16:06,10:16:06,20.55,--,2,4110,卖盘,2017-08-01,2017-08-01 10:16:06
10:16:09,10:16:09,20.55,--,10,20550,卖盘,2017-08-01,2017-08-01 10:16:09
10:16:12,10:16:12,20.55,--,7,14385,卖盘,2017-08-01,2017-08-01 10:16:12
10:16:15,10:16:15,20.55,--,5,10275,卖盘,2017-08-01,2017-08-01 10:16:15
10:16:18,10:16:18,20.56,0.01,81,166536,买盘,2017-08-01,2017-08-01 10:16:18
10:16:21,10:16:21,20.56,--,47,96632,买盘,2017-08-01,2017-08-01 10:16:21
10:16:27,10:16:27,20.56,--,7,14392,卖盘,2017-08-01,2017-08-01 10:16:27
10:16:30,10:16:30,20.56,--,21,43176,买盘,2017-08-01,2017-08-01 10:16:30
10:16:33,10:16:33,20.56,--,35,71960,卖盘,2017-08-01,2017-08-01 10:16:33
10:16:36,10:16:36,20.56,--,10,20560,卖盘,2017-08-01,2017-08-01 10:16:36
10:16:42,10:16:42,20.56,--,13,26728,卖盘,2017-08-01,2017-08-01 10:16:42
10:16:45,10:16:45,20.57,0.01,14,28798,买盘,2017-08-01,2017-08-01 10:16:45
10:16:48,10:16:48,20.57,--,7,14399,买盘,2017-08-01,2017-08-01 10:16:48
10:16:51,10:16:51,20.57,--,10,20570,买盘,2017-08-01,2017-08-01 10:16:51
10:16:54,10:16:54,20.56,-0.01,21,43176,卖盘,2017-08-01,2017-08-01 10:16:54
10:16:57,10:16:57,20.56,--,2,4112,卖盘,2017-08-01,2017-08-01 10:16:57
10:17:00,10:17:00,20.56,--,10,20560,卖盘,2017-08-01,2017-08-01 10:17:00
10:17:03,10:17:03,20.57,0.01,7,14399,买盘,2017-08-01,2017-08-01 10:17:03
10:17:06,10:17:06,20.57,--,25,51425,买盘,2017-08-01,2017-08-01 10:17:06
10:17:09,10:17:09,20.56,-0.01,6,12336,卖盘,2017-08-01,2017-08-01 10:17:09
10:17:12,10:17:12,20.56,--,67,137752,卖盘,2017-08-01,2017-08-01 10:17:12
10:17:21,10:17:21,20.57,0.01,12,24684,买盘,2017-08-01,2017-08-01 10:17:21
10:17:24,10:17:24,20.57,--,7,14399,买盘,2017-08-01,2017-08-01 10:17:24
10:17:27,10:17:27,20.56,-0.01,24,49344,卖盘,2017-08-01,2017-08-01 10:17:27
10:17:30,10:17:30,20.57,0.01,63,129591,买盘,2017-08-01,2017-08-01 10:17:30
10:17:33,10:17:33,20.57,--,3,6171,买盘,2017-08-01,2017-08-01 10:17:33
10:17:36,10:17:36,20.57,--,21,43197,买盘,2017-08-01,2017-08-01 10:17:36
10:17:39,10:17:39,20.57,--,3,6171,买盘,2017-08-01,2017-08-01 10:17:39
10:17:45,10:17:45,20.57,--,3,6171,买盘,2017-08-01,2017-08-01 10:17:45
10:17:48,10:17:48,20.56,-0.01,4,8224,卖盘,2017-08-01,2017-08-01 10:17:48
10:17:51,10:17:51,20.57,0.01,14,28798,买盘,2017-08-01,2017-08-01 10:17:51
10:17:57,10:17:57,20.57,--,70,143990,买盘,2017-08-01,2017-08-01 10:17:57
10:18:00,10:18:00,20.56,-0.01,2,4112,卖盘,2017-08-01,2017-08-01 10:18:00
10:18:03,10:18:03,20.57,0.01,47,96679,买盘,2017-08-01,2017-08-01 10:18:03
10:18:06,10:18:06,20.57,--,20,41140,买盘,2017-08-01,2017-08-01 10:18:06
10:18:09,10:18:09,20.58,0.01,8,16464,买盘,2017-08-01,2017-08-01 10:18:09
10:18:12,10:18:12,20.56,-0.02,183,376248,卖盘,2017-08-01,2017-08-01 10:18:12
10:18:15,10:18:15,20.56,--,2,4112,买盘,2017-08-01,2017-08-01 10:18:15
10:18:21,10:18:21,20.56,--,29,59623,买盘,2017-08-01,2017-08-01 10:18:21
10:18:24,10:18:24,20.56,--,79,162424,买盘,2017-08-01,2017-08-01 10:18:24
10:18:27,10:18:27,20.55,-0.01,17,34935,卖盘,2017-08-01,2017-08-01 10:18:27
10:18:30,10:18:30,20.56,0.01,16,32896,买盘,2017-08-01,2017-08-01 10:18:30
10:18:33,10:18:33,20.56,--,55,113080,买盘,2017-08-01,2017-08-01 10:18:33
10:18:36,10:18:36,20.59,0.03,13,26767,买盘,2017-08-01,2017-08-01 10:18:36
10:18:39,10:18:39,20.56,-0.03,13,26728,卖盘,2017-08-01,2017-08-01 10:18:39
10:18:42,10:18:42,20.56,--,20,41120,卖盘,2017-08-01,2017-08-01 10:18:42
10:18:51,10:18:51,20.58,0.02,37,76146,买盘,2017-08-01,2017-08-01 10:18:51
10:18:54,10:18:54,20.58,--,13,26753,卖盘,2017-08-01,2017-08-01 10:18:54
10:19:03,10:19:03,20.57,-0.01,7,14399,中性盘,2017-08-01,2017-08-01 10:19:03
10:19:06,10:19:06,20.58,0.01,9,18522,买盘,2017-08-01,2017-08-01 10:19:06
10:19:15,10:19:15,20.58,--,16,32928,卖盘,2017-08-01,2017-08-01 10:19:15
10:19:18,10:19:18,20.59,0.01,22,45298,买盘,2017-08-01,2017-08-01 10:19:18
10:19:30,10:19:30,20.59,--,35,72065,买盘,2017-08-01,2017-08-01 10:19:30
10:19:33,10:19:33,20.59,--,50,102950,买盘,2017-08-01,2017-08-01 10:19:33
10:19:36,10:19:36,20.58,-0.01,66,135828,卖盘,2017-08-01,2017-08-01 10:19:36
10:19:39,10:19:39,20.58,--,8,16464,买盘,2017-08-01,2017-08-01 10:19:39
10:19:42,10:19:42,20.58,--,59,121421,买盘,2017-08-01,2017-08-01 10:19:42
10:19:45,10:19:45,20.58,--,28,57623,买盘,2017-08-01,2017-08-01 10:19:45
10:19:51,10:19:51,20.58,--,10,20580,买盘,2017-08-01,2017-08-01 10:19:51
10:19:54,10:19:54,20.58,--,10,20580,买盘,2017-08-01,2017-08-01 10:19:54
10:19:57,10:19:57,20.57,-0.01,35,71995,卖盘,2017-08-01,2017-08-01 10:19:57
10:20:03,10:20:03,20.57,--,4,8228,卖盘,2017-08-01,2017-08-01 10:20:03
10:20:06,10:20:06,20.57,--,20,41140,卖盘,2017-08-01,2017-08-01 10:20:06
10:20:09,10:20:09,20.58,0.01,12,24695,买盘,2017-08-01,2017-08-01 10:20:09
10:20:18,10:20:18,20.57,-0.01,85,174845,卖盘,2017-08-01,2017-08-01 10:20:18
10:20:21,10:20:21,20.57,--,10,20570,卖盘,2017-08-01,2017-08-01 10:20:21
10:20:24,10:20:24,20.57,--,13,26741,卖盘,2017-08-01,2017-08-01 10:20:24
10:20:27,10:20:27,20.57,--,8,16456,买盘,2017-08-01,2017-08-01 10:20:27
10:20:30,10:20:30,20.57,--,1,2057,买盘,2017-08-01,2017-08-01 10:20:30
10:20:33,10:20:33,20.57,--,55,113135,买盘,2017-08-01,2017-08-01 10:20:33
10:20:39,10:20:39,20.57,--,11,22627,买盘,2017-08-01,2017-08-01 10:20:39
10:20:42,10:20:42,20.57,--,1,2057,买盘,2017-08-01,2017-08-01 10:20:42
10:20:45,10:20:45,20.57,--,51,104907,买盘,2017-08-01,2017-08-01 10:20:45
10:20:48,10:20:48,20.56,-0.01,7,14392,卖盘,2017-08-01,2017-08-01 10:20:48
10:20:51,10:20:51,20.57,0.01,156,320892,买盘,2017-08-01,2017-08-01 10:20:51
10:20:54,10:20:54,20.57,--,19,39083,买盘,2017-08-01,2017-08-01 10:20:54
10:21:00,10:21:00,20.57,--,5,10285,买盘,2017-08-01,2017-08-01 10:21:00
10:21:06,10:21:06,20.58,0.01,49,100841,买盘,2017-08-01,2017-08-01 10:21:06
10:21:09,10:21:09,20.57,-0.01,36,74052,卖盘,2017-08-01,2017-08-01 10:21:09
10:21:12,10:21:12,20.57,--,3,6171,卖盘,2017-08-01,2017-08-01 10:21:12
10:21:15,10:21:15,20.57,--,30,61710,卖盘,2017-08-01,2017-08-01 10:21:15
10:21:18,10:21:18,20.58,0.01,49,100841,买盘,2017-08-01,2017-08-01 10:21:18
10:21:24,10:21:24,20.57,-0.01,11,22627,卖盘,2017-08-01,2017-08-01 10:21:24
10:21:27,10:21:27,20.58,0.01,1,2058,买盘,2017-08-01,2017-08-01 10:21:27
10:21:33,10:21:33,20.57,-0.01,4,8228,卖盘,2017-08-01,2017-08-01 10:21:33
10:21:36,10:21:36,20.58,0.01,5,10290,买盘,2017-08-01,2017-08-01 10:21:36
10:21:39,10:21:39,20.58,--,15,30869,买盘,2017-08-01,2017-08-01 10:21:39
10:21:45,10:21:45,20.57,-0.01,50,102850,卖盘,2017-08-01,2017-08-01 10:21:45
10:21:51,10:21:51,20.57,--,9,18513,卖盘,2017-08-01,2017-08-01 10:21:51
10:21:54,10:21:54,20.58,0.01,11,22637,买盘,2017-08-01,2017-08-01 10:21:54
10:22:00,10:22:00,20.58,--,5,10290,买盘,2017-08-01,2017-08-01 10:22:00
10:22:12,10:22:12,20.57,-0.01,4,8228,卖盘,2017-08-01,2017-08-01 10:22:12
10:22:15,10:22:15,20.58,0.01,7,14405,买盘,2017-08-01,2017-08-01 10:22:15
10:22:18,10:22:18,20.57,-0.01,3,6171,卖盘,2017-08-01,2017-08-01 10:22:18
10:22:24,10:22:24,20.57,--,8,16456,卖盘,2017-08-01,2017-08-01 10:22:24
10:22:27,10:22:27,20.57,--,3,6171,卖盘,2017-08-01,2017-08-01 10:22:27
10:22:30,10:22:30,20.58,0.01,36,74088,买盘,2017-08-01,2017-08-01 10:22:30
10:22:33,10:22:33,20.58,--,15,30869,卖盘,2017-08-01,2017-08-01 10:22:33
10:22:36,10:22:36,20.57,-0.01,29,59653,卖盘,2017-08-01,2017-08-01 10:22:36
10:22:42,10:22:42,20.58,0.01,54,111131,买盘,2017-08-01,2017-08-01 10:22:42
10:22:48,10:22:48,20.55,-0.03,200,411000,卖盘,2017-08-01,2017-08-01 10:22:48
10:22:51,10:22:51,20.55,--,200,411000,卖盘,2017-08-01,2017-08-01 10:22:51
10:22:54,10:22:54,20.54,-0.01,218,447772,卖盘,2017-08-01,2017-08-01 10:22:54
10:22:57,10:22:57,20.54,--,5,10270,买盘,2017-08-01,2017-08-01 10:22:57
10:23:00,10:23:00,20.54,--,3,6162,买盘,2017-08-01,2017-08-01 10:23:00
10:23:03,10:23:03,20.55,0.01,2,4110,买盘,2017-08-01,2017-08-01 10:23:03
10:23:06,10:23:06,20.53,-0.02,23,47219,卖盘,2017-08-01,2017-08-01 10:23:06
10:23:09,10:23:09,20.53,--,208,427024,卖盘,2017-08-01,2017-08-01 10:23:09
10:23:12,10:23:12,20.55,0.02,19,39045,买盘,2017-08-01,2017-08-01 10:23:12
10:23:15,10:23:15,20.53,-0.02,51,104703,卖盘,2017-08-01,2017-08-01 10:23:15
10:23:18,10:23:18,20.55,0.02,3,6165,买盘,2017-08-01,2017-08-01 10:23:18
10:23:24,10:23:24,20.54,-0.01,4,8216,卖盘,2017-08-01,2017-08-01 10:23:24
10:23:27,10:23:27,20.54,--,7,14378,买盘,2017-08-01,2017-08-01 10:23:27
10:23:30,10:23:30,20.54,--,10,20540,买盘,2017-08-01,2017-08-01 10:23:30
10:23:36,10:23:36,20.53,-0.01,87,178611,卖盘,2017-08-01,2017-08-01 10:23:36
10:23:39,10:23:39,20.53,--,8,16424,买盘,2017-08-01,2017-08-01 10:23:39
10:23:45,10:23:45,20.52,-0.01,21,43092,卖盘,2017-08-01,2017-08-01 10:23:45
10:23:51,10:23:51,20.5,-0.02,1000,2050000,卖盘,2017-08-01,2017-08-01 10:23:51
10:24:03,10:24:03,20.5,--,16,32800,卖盘,2017-08-01,2017-08-01 10:24:03
10:24:09,10:24:09,20.5,--,108,221400,卖盘,2017-08-01,2017-08-01 10:24:09
10:24:12,10:24:12,20.5,--,42,86100,卖盘,2017-08-01,2017-08-01 10:24:12
10:24:15,10:24:15,20.5,--,21,43050,卖盘,2017-08-01,2017-08-01 10:24:15
10:24:18,10:24:18,20.5,--,70,143500,卖盘,2017-08-01,2017-08-01 10:24:18
10:24:21,10:24:21,20.5,--,51,104550,买盘,2017-08-01,2017-08-01 10:24:21
10:24:24,10:24:24,20.5,--,1,2050,卖盘,2017-08-01,2017-08-01 10:24:24
10:24:30,10:24:30,20.5,--,20,41000,买盘,2017-08-01,2017-08-01 10:24:30
10:24:33,10:24:33,20.5,--,55,112750,买盘,2017-08-01,2017-08-01 10:24:33
10:24:36,10:24:36,20.49,-0.01,29,59420,卖盘,2017-08-01,2017-08-01 10:24:36
10:24:39,10:24:39,20.5,0.01,30,61500,买盘,2017-08-01,2017-08-01 10:24:39
10:24:42,10:24:42,20.49,-0.01,1,2049,中性盘,2017-08-01,2017-08-01 10:24:42
10:24:45,10:24:45,20.48,-0.01,44,90112,卖盘,2017-08-01,2017-08-01 10:24:45
10:24:51,10:24:51,20.48,--,12,24576,卖盘,2017-08-01,2017-08-01 10:24:51
10:24:54,10:24:54,20.47,-0.01,13,26611,卖盘,2017-08-01,2017-08-01 10:24:54
10:24:57,10:24:57,20.48,0.01,18,36864,买盘,2017-08-01,2017-08-01 10:24:57
10:25:00,10:25:00,20.48,--,14,28672,卖盘,2017-08-01,2017-08-01 10:25:00
10:25:03,10:25:03,20.48,--,5,10240,买盘,2017-08-01,2017-08-01 10:25:03
10:25:06,10:25:06,20.48,--,45,92160,买盘,2017-08-01,2017-08-01 10:25:06
10:25:09,10:25:09,20.48,--,11,22528,卖盘,2017-08-01,2017-08-01 10:25:09
10:25:12,10:25:12,20.47,-0.01,105,214935,卖盘,2017-08-01,2017-08-01 10:25:12
10:25:15,10:25:15,20.48,0.01,10,20480,中性盘,2017-08-01,2017-08-01 10:25:15
10:25:21,10:25:21,20.48,--,2,4096,买盘,2017-08-01,2017-08-01 10:25:21
10:25:24,10:25:24,20.47,-0.01,82,167854,卖盘,2017-08-01,2017-08-01 10:25:24
10:25:27,10:25:27,20.47,--,41,83927,卖盘,2017-08-01,2017-08-01 10:25:27
10:25:30,10:25:30,20.47,--,17,34799,卖盘,2017-08-01,2017-08-01 10:25:30
10:25:33,10:25:33,20.48,0.01,2,4096,买盘,2017-08-01,2017-08-01 10:25:33
10:25:36,10:25:36,20.48,--,39,79872,买盘,2017-08-01,2017-08-01 10:25:36
10:25:39,10:25:39,20.47,-0.01,28,57316,卖盘,2017-08-01,2017-08-01 10:25:39
10:25:42,10:25:42,20.47,--,10,20470,买盘,2017-08-01,2017-08-01 10:25:42
10:25:45,10:25:45,20.46,-0.01,10,20460,卖盘,2017-08-01,2017-08-01 10:25:45
10:25:48,10:25:48,20.46,--,49,100254,卖盘,2017-08-01,2017-08-01 10:25:48
10:25:51,10:25:51,20.47,0.01,16,32752,买盘,2017-08-01,2017-08-01 10:25:51
10:25:54,10:25:54,20.46,-0.01,96,196416,卖盘,2017-08-01,2017-08-01 10:25:54
10:25:57,10:25:57,20.46,--,10,20460,卖盘,2017-08-01,2017-08-01 10:25:57
10:26:00,10:26:00,20.45,-0.01,20,40900,卖盘,2017-08-01,2017-08-01 10:26:00
10:26:03,10:26:03,20.46,0.01,59,120714,买盘,2017-08-01,2017-08-01 10:26:03
10:26:06,10:26:06,20.46,--,14,28644,卖盘,2017-08-01,2017-08-01 10:26:06
10:26:09,10:26:09,20.45,-0.01,23,47035,卖盘,2017-08-01,2017-08-01 10:26:09
10:26:12,10:26:12,20.46,0.01,25,51150,买盘,2017-08-01,2017-08-01 10:26:12
10:26:15,10:26:15,20.46,--,15,30690,卖盘,2017-08-01,2017-08-01 10:26:15
10:26:18,10:26:18,20.46,--,14,28644,卖盘,2017-08-01,2017-08-01 10:26:18
10:26:21,10:26:21,20.47,0.01,22,45034,买盘,2017-08-01,2017-08-01 10:26:21
10:26:24,10:26:24,20.47,--,11,22517,买盘,2017-08-01,2017-08-01 10:26:24
10:26:27,10:26:27,20.47,--,52,106444,买盘,2017-08-01,2017-08-01 10:26:27
10:26:30,10:26:30,20.47,--,29,59363,买盘,2017-08-01,2017-08-01 10:26:30
10:26:33,10:26:33,20.47,--,10,20470,卖盘,2017-08-01,2017-08-01 10:26:33
10:26:39,10:26:39,20.5,0.03,451,924550,买盘,2017-08-01,2017-08-01 10:26:39
10:26:42,10:26:42,20.5,--,66,135300,卖盘,2017-08-01,2017-08-01 10:26:42
10:26:48,10:26:48,20.5,--,9,18450,卖盘,2017-08-01,2017-08-01 10:26:48
10:26:51,10:26:51,20.49,-0.01,29,59420,卖盘,2017-08-01,2017-08-01 10:26:51
10:26:54,10:26:54,20.51,0.02,21,43071,买盘,2017-08-01,2017-08-01 10:26:54
10:26:57,10:26:57,20.51,--,3,6153,买盘,2017-08-01,2017-08-01 10:26:57
10:27:00,10:27:00,20.5,-0.01,22,45100,卖盘,2017-08-01,2017-08-01 10:27:00
10:27:03,10:27:03,20.5,--,3,6150,卖盘,2017-08-01,2017-08-01 10:27:03
10:27:06,10:27:06,20.48,-0.02,170,348160,卖盘,2017-08-01,2017-08-01 10:27:06
10:27:09,10:27:09,20.48,--,14,28672,买盘,2017-08-01,2017-08-01 10:27:09
10:27:12,10:27:12,20.48,--,83,169984,买盘,2017-08-01,2017-08-01 10:27:12
10:27:15,10:27:15,20.47,-0.01,121,247687,卖盘,2017-08-01,2017-08-01 10:27:15
10:27:18,10:27:18,20.47,--,32,65504,卖盘,2017-08-01,2017-08-01 10:27:18
10:27:21,10:27:21,20.47,--,37,75739,卖盘,2017-08-01,2017-08-01 10:27:21
10:27:24,10:27:24,20.48,0.01,31,63488,买盘,2017-08-01,2017-08-01 10:27:24
10:27:27,10:27:27,20.47,-0.01,46,94162,卖盘,2017-08-01,2017-08-01 10:27:27
10:27:30,10:27:30,20.47,--,12,24564,卖盘,2017-08-01,2017-08-01 10:27:30
10:27:33,10:27:33,20.47,--,3,6141,买盘,2017-08-01,2017-08-01 10:27:33
10:27:39,10:27:39,20.47,--,25,51175,买盘,2017-08-01,2017-08-01 10:27:39
10:27:42,10:27:42,20.47,--,19,38893,卖盘,2017-08-01,2017-08-01 10:27:42
10:27:45,10:27:45,20.46,-0.01,67,137082,卖盘,2017-08-01,2017-08-01 10:27:45
10:27:48,10:27:48,20.48,0.02,1,2048,买盘,2017-08-01,2017-08-01 10:27:48
10:27:54,10:27:54,20.46,-0.02,8,16368,卖盘,2017-08-01,2017-08-01 10:27:54
10:27:57,10:27:57,20.48,0.02,5,10240,买盘,2017-08-01,2017-08-01 10:27:57
10:28:00,10:28:00,20.48,--,4,8192,买盘,2017-08-01,2017-08-01 10:28:00
10:28:03,10:28:03,20.46,-0.02,82,167772,卖盘,2017-08-01,2017-08-01 10:28:03
10:28:06,10:28:06,20.48,0.02,65,133120,买盘,2017-08-01,2017-08-01 10:28:06
10:28:12,10:28:12,20.47,-0.01,22,45034,卖盘,2017-08-01,2017-08-01 10:28:12
10:28:15,10:28:15,20.46,-0.01,25,51150,卖盘,2017-08-01,2017-08-01 10:28:15
10:28:18,10:28:18,20.47,0.01,53,108491,买盘,2017-08-01,2017-08-01 10:28:18
10:28:21,10:28:21,20.47,--,6,12282,买盘,2017-08-01,2017-08-01 10:28:21
10:28:27,10:28:27,20.48,0.01,434,888832,买盘,2017-08-01,2017-08-01 10:28:27
10:28:33,10:28:33,20.48,--,13,26624,买盘,2017-08-01,2017-08-01 10:28:33
10:28:39,10:28:39,20.48,--,192,393216,买盘,2017-08-01,2017-08-01 10:28:39
10:28:42,10:28:42,20.48,--,18,36864,买盘,2017-08-01,2017-08-01 10:28:42
10:28:45,10:28:45,20.48,--,52,106496,买盘,2017-08-01,2017-08-01 10:28:45
10:28:48,10:28:48,20.48,--,6,12288,买盘,2017-08-01,2017-08-01 10:28:48
10:28:51,10:28:51,20.47,-0.01,162,331614,卖盘,2017-08-01,2017-08-01 10:28:51
10:28:54,10:28:54,20.47,--,2,4094,买盘,2017-08-01,2017-08-01 10:28:54
10:28:57,10:28:57,20.47,--,3,6141,买盘,2017-08-01,2017-08-01 10:28:57
10:29:00,10:29:00,20.48,0.01,51,104448,买盘,2017-08-01,2017-08-01 10:29:00
10:29:03,10:29:03,20.47,-0.01,6,12282,中性盘,2017-08-01,2017-08-01 10:29:03
10:29:06,10:29:06,20.47,--,7,14329,买盘,2017-08-01,2017-08-01 10:29:06
10:29:09,10:29:09,20.47,--,2,4094,卖盘,2017-08-01,2017-08-01 10:29:09
10:29:21,10:29:21,20.48,0.01,83,169984,买盘,2017-08-01,2017-08-01 10:29:21
10:29:24,10:29:24,20.48,--,19,38912,买盘,2017-08-01,2017-08-01 10:29:24
10:29:27,10:29:27,20.47,-0.01,5,10235,卖盘,2017-08-01,2017-08-01 10:29:27
10:29:30,10:29:30,20.48,0.01,10,20480,买盘,2017-08-01,2017-08-01 10:29:30
10:29:33,10:29:33,20.47,-0.01,13,26611,卖盘,2017-08-01,2017-08-01 10:29:33
10:29:36,10:29:36,20.48,0.01,10,20480,买盘,2017-08-01,2017-08-01 10:29:36
10:29:39,10:29:39,20.48,--,73,149504,买盘,2017-08-01,2017-08-01 10:29:39
10:29:42,10:29:42,20.48,--,14,28672,买盘,2017-08-01,2017-08-01 10:29:42
10:29:45,10:29:45,20.48,--,33,67584,买盘,2017-08-01,2017-08-01 10:29:45
10:29:48,10:29:48,20.48,--,7,14336,买盘,2017-08-01,2017-08-01 10:29:48
10:29:51,10:29:51,20.48,--,210,430080,买盘,2017-08-01,2017-08-01 10:29:51
10:29:54,10:29:54,20.48,--,42,86016,买盘,2017-08-01,2017-08-01 10:29:54
10:30:00,10:30:00,20.48,--,25,51200,买盘,2017-08-01,2017-08-01 10:30:00
10:30:06,10:30:06,20.48,--,61,124928,买盘,2017-08-01,2017-08-01 10:30:06
10:30:09,10:30:09,20.48,--,8,16384,买盘,2017-08-01,2017-08-01 10:30:09
10:30:12,10:30:12,20.48,--,5,10240,买盘,2017-08-01,2017-08-01 10:30:12
10:30:15,10:30:15,20.48,--,6,12288,买盘,2017-08-01,2017-08-01 10:30:15
10:30:18,10:30:18,20.48,--,60,122880,买盘,2017-08-01,2017-08-01 10:30:18
10:30:21,10:30:21,20.48,--,50,102400,买盘,2017-08-01,2017-08-01 10:30:21
10:30:24,10:30:24,20.48,--,19,38912,买盘,2017-08-01,2017-08-01 10:30:24
10:30:27,10:30:27,20.48,--,352,720896,买盘,2017-08-01,2017-08-01 10:30:27
10:30:30,10:30:30,20.5,0.02,50,102500,买盘,2017-08-01,2017-08-01 10:30:30
10:30:33,10:30:33,20.5,--,25,51250,买盘,2017-08-01,2017-08-01 10:30:33
10:30:39,10:30:39,20.51,0.01,10,20510,买盘,2017-08-01,2017-08-01 10:30:39
10:30:42,10:30:42,20.55,0.04,24,49320,买盘,2017-08-01,2017-08-01 10:30:42
10:30:54,10:30:54,20.58,0.03,5,10290,买盘,2017-08-01,2017-08-01 10:30:54
10:31:00,10:31:00,20.58,--,14,28811,买盘,2017-08-01,2017-08-01 10:31:00
10:31:03,10:31:03,20.58,--,36,74088,卖盘,2017-08-01,2017-08-01 10:31:03
10:31:06,10:31:06,20.58,--,10,20580,买盘,2017-08-01,2017-08-01 10:31:06
10:31:09,10:31:09,20.58,--,12,24695,买盘,2017-08-01,2017-08-01 10:31:09
10:31:12,10:31:12,20.58,--,31,63797,买盘,2017-08-01,2017-08-01 10:31:12
10:31:15,10:31:15,20.57,-0.01,78,160446,中性盘,2017-08-01,2017-08-01 10:31:15
10:31:18,10:31:18,20.58,0.01,24,49391,买盘,2017-08-01,2017-08-01 10:31:18
10:31:21,10:31:21,20.56,-0.02,27,55512,卖盘,2017-08-01,2017-08-01 10:31:21
10:31:24,10:31:24,20.58,0.02,79,162582,买盘,2017-08-01,2017-08-01 10:31:24
10:31:27,10:31:27,20.58,--,29,59681,买盘,2017-08-01,2017-08-01 10:31:27
10:31:30,10:31:30,20.57,-0.01,2,4114,卖盘,2017-08-01,2017-08-01 10:31:30
10:31:33,10:31:33,20.58,0.01,28,57623,买盘,2017-08-01,2017-08-01 10:31:33
10:31:36,10:31:36,20.57,-0.01,47,96679,卖盘,2017-08-01,2017-08-01 10:31:36
10:31:39,10:31:39,20.57,--,25,51425,卖盘,2017-08-01,2017-08-01 10:31:39
10:31:42,10:31:42,20.58,0.01,37,76146,买盘,2017-08-01,2017-08-01 10:31:42
10:31:45,10:31:45,20.58,--,17,34986,买盘,2017-08-01,2017-08-01 10:31:45
10:31:48,10:31:48,20.58,--,45,92609,买盘,2017-08-01,2017-08-01 10:31:48
10:31:51,10:31:51,20.58,--,10,20580,买盘,2017-08-01,2017-08-01 10:31:51
10:31:54,10:31:54,20.58,--,138,284004,买盘,2017-08-01,2017-08-01 10:31:54
10:31:57,10:31:57,20.57,-0.01,7,14399,卖盘,2017-08-01,2017-08-01 10:31:57
10:32:00,10:32:00,20.56,-0.01,91,187096,卖盘,2017-08-01,2017-08-01 10:32:00
10:32:03,10:32:03,20.56,--,71,145976,买盘,2017-08-01,2017-08-01 10:32:03
10:32:06,10:32:06,20.56,--,5,10280,买盘,2017-08-01,2017-08-01 10:32:06
10:32:09,10:32:09,20.56,--,203,417368,买盘,2017-08-01,2017-08-01 10:32:09
10:32:18,10:32:18,20.55,-0.01,1,2055,卖盘,2017-08-01,2017-08-01 10:32:18
10:32:21,10:32:21,20.56,0.01,32,65792,买盘,2017-08-01,2017-08-01 10:32:21
10:32:24,10:32:24,20.55,-0.01,3,6165,卖盘,2017-08-01,2017-08-01 10:32:24
10:32:27,10:32:27,20.55,--,44,90420,卖盘,2017-08-01,2017-08-01 10:32:27
10:32:30,10:32:30,20.55,--,4,8220,买盘,2017-08-01,2017-08-01 10:32:30
10:32:33,10:32:33,20.55,--,5,10275,买盘,2017-08-01,2017-08-01 10:32:33
10:32:39,10:32:39,20.55,--,22,45210,买盘,2017-08-01,2017-08-01 10:32:39
10:32:42,10:32:42,20.55,--,21,43155,买盘,2017-08-01,2017-08-01 10:32:42
10:32:45,10:32:45,20.55,--,8,16440,买盘,2017-08-01,2017-08-01 10:32:45
10:32:48,10:32:48,20.54,-0.01,5,10270,买盘,2017-08-01,2017-08-01 10:32:48
10:32:51,10:32:51,20.54,--,10,20540,买盘,2017-08-01,2017-08-01 10:32:51
10:32:54,10:32:54,20.52,-0.02,8,16416,卖盘,2017-08-01,2017-08-01 10:32:54
10:33:00,10:33:00,20.53,0.01,3,6159,中性盘,2017-08-01,2017-08-01 10:33:00
10:33:03,10:33:03,20.55,0.02,5,10275,买盘,2017-08-01,2017-08-01 10:33:03
10:33:06,10:33:06,20.55,--,6,12330,买盘,2017-08-01,2017-08-01 10:33:06
10:33:09,10:33:09,20.52,-0.03,4,8208,卖盘,2017-08-01,2017-08-01 10:33:09
10:33:15,10:33:15,20.51,-0.01,15,30765,卖盘,2017-08-01,2017-08-01 10:33:15
10:33:18,10:33:18,20.52,0.01,15,30780,中性盘,2017-08-01,2017-08-01 10:33:18
10:33:21,10:33:21,20.52,--,5,10260,买盘,2017-08-01,2017-08-01 10:33:21
10:33:30,10:33:30,20.56,0.04,276,567456,买盘,2017-08-01,2017-08-01 10:33:30
10:33:33,10:33:33,20.58,0.02,81,166698,买盘,2017-08-01,2017-08-01 10:33:33
10:33:36,10:33:36,20.53,-0.05,5,10265,中性盘,2017-08-01,2017-08-01 10:33:36
10:33:48,10:33:48,20.54,0.01,15,30810,买盘,2017-08-01,2017-08-01 10:33:48
10:33:51,10:33:51,20.55,0.01,10,20550,卖盘,2017-08-01,2017-08-01 10:33:51
10:33:57,10:33:57,20.58,0.03,5,10290,买盘,2017-08-01,2017-08-01 10:33:57
10:34:00,10:34:00,20.55,-0.03,2,4110,卖盘,2017-08-01,2017-08-01 10:34:00
10:34:06,10:34:06,20.58,0.03,1,2058,买盘,2017-08-01,2017-08-01 10:34:06
10:34:12,10:34:12,20.58,--,120,246959,买盘,2017-08-01,2017-08-01 10:34:12
10:34:15,10:34:15,20.58,--,55,113189,买盘,2017-08-01,2017-08-01 10:34:15
10:34:18,10:34:18,20.59,0.01,17,35003,卖盘,2017-08-01,2017-08-01 10:34:18
10:34:21,10:34:21,20.59,--,39,80301,卖盘,2017-08-01,2017-08-01 10:34:21
10:34:24,10:34:24,20.6,0.01,19,39140,买盘,2017-08-01,2017-08-01 10:34:24
10:34:27,10:34:27,20.62,0.02,78,160836,买盘,2017-08-01,2017-08-01 10:34:27
10:34:33,10:34:33,20.62,--,10,20620,买盘,2017-08-01,2017-08-01 10:34:33
10:34:36,10:34:36,20.61,-0.01,112,230832,中性盘,2017-08-01,2017-08-01 10:34:36
10:34:39,10:34:39,20.64,0.03,13,26832,卖盘,2017-08-01,2017-08-01 10:34:39
10:34:45,10:34:45,20.66,0.02,15,30990,买盘,2017-08-01,2017-08-01 10:34:45
10:34:48,10:34:48,20.67,0.01,72,148824,买盘,2017-08-01,2017-08-01 10:34:48
10:34:51,10:34:51,20.67,--,5,10335,买盘,2017-08-01,2017-08-01 10:34:51
10:34:54,10:34:54,20.7,0.03,179,370530,买盘,2017-08-01,2017-08-01 10:34:54
10:35:03,10:35:03,20.77,0.07,261,542097,买盘,2017-08-01,2017-08-01 10:35:03
10:35:09,10:35:09,20.78,0.01,124,257672,买盘,2017-08-01,2017-08-01 10:35:09
10:35:12,10:35:12,20.79,0.01,20,41580,买盘,2017-08-01,2017-08-01 10:35:12
10:35:15,10:35:15,20.79,--,129,268191,买盘,2017-08-01,2017-08-01 10:35:15
10:35:18,10:35:18,20.79,--,31,64449,买盘,2017-08-01,2017-08-01 10:35:18
10:35:21,10:35:21,20.78,-0.01,128,265984,中性盘,2017-08-01,2017-08-01 10:35:21
10:35:24,10:35:24,20.8,0.02,283,588640,买盘,2017-08-01,2017-08-01 10:35:24
10:35:27,10:35:27,20.8,--,55,114400,买盘,2017-08-01,2017-08-01 10:35:27
10:35:30,10:35:30,20.78,-0.02,306,635868,卖盘,2017-08-01,2017-08-01 10:35:30
10:35:33,10:35:33,20.78,--,95,197410,买盘,2017-08-01,2017-08-01 10:35:33
10:35:36,10:35:36,20.78,--,211,438458,买盘,2017-08-01,2017-08-01 10:35:36
10:35:39,10:35:39,20.79,0.01,98,203742,买盘,2017-08-01,2017-08-01 10:35:39
10:35:42,10:35:42,20.79,--,242,503118,买盘,2017-08-01,2017-08-01 10:35:42
10:35:45,10:35:45,20.77,-0.02,204,423708,卖盘,2017-08-01,2017-08-01 10:35:45
10:35:48,10:35:48,20.76,-0.01,306,635256,卖盘,2017-08-01,2017-08-01 10:35:48
10:35:51,10:35:51,20.77,0.01,140,290780,买盘,2017-08-01,2017-08-01 10:35:51
10:35:54,10:35:54,20.78,0.01,247,513266,买盘,2017-08-01,2017-08-01 10:35:54
10:35:57,10:35:57,20.76,-0.02,42,87192,卖盘,2017-08-01,2017-08-01 10:35:57
10:36:00,10:36:00,20.75,-0.01,138,286350,卖盘,2017-08-01,2017-08-01 10:36:00
10:36:03,10:36:03,20.78,0.03,238,494564,买盘,2017-08-01,2017-08-01 10:36:03
10:36:06,10:36:06,20.78,--,94,195332,买盘,2017-08-01,2017-08-01 10:36:06
10:36:09,10:36:09,20.78,--,134,278452,买盘,2017-08-01,2017-08-01 10:36:09
10:36:12,10:36:12,20.77,-0.01,73,151621,卖盘,2017-08-01,2017-08-01 10:36:12
10:36:15,10:36:15,20.76,-0.01,66,137016,卖盘,2017-08-01,2017-08-01 10:36:15
10:36:18,10:36:18,20.77,0.01,42,87234,买盘,2017-08-01,2017-08-01 10:36:18
10:36:21,10:36:21,20.74,-0.03,20,41480,卖盘,2017-08-01,2017-08-01 10:36:21
10:36:24,10:36:24,20.74,--,11,22814,卖盘,2017-08-01,2017-08-01 10:36:24
10:36:30,10:36:30,20.75,0.01,61,126575,买盘,2017-08-01,2017-08-01 10:36:30
10:36:33,10:36:33,20.73,-0.02,53,109869,卖盘,2017-08-01,2017-08-01 10:36:33
10:36:36,10:36:36,20.73,--,122,252906,卖盘,2017-08-01,2017-08-01 10:36:36
10:36:39,10:36:39,20.74,0.01,14,29035,中性盘,2017-08-01,2017-08-01 10:36:39
10:36:42,10:36:42,20.74,--,20,41480,买盘,2017-08-01,2017-08-01 10:36:42
10:36:45,10:36:45,20.74,--,35,72590,卖盘,2017-08-01,2017-08-01 10:36:45
10:36:48,10:36:48,20.74,--,56,116143,卖盘,2017-08-01,2017-08-01 10:36:48
10:36:51,10:36:51,20.73,-0.01,53,109869,卖盘,2017-08-01,2017-08-01 10:36:51
10:36:54,10:36:54,20.73,--,24,49752,买盘,2017-08-01,2017-08-01 10:36:54
10:36:57,10:36:57,20.71,-0.02,7,14497,卖盘,2017-08-01,2017-08-01 10:36:57
10:37:00,10:37:00,20.72,0.01,35,72520,中性盘,2017-08-01,2017-08-01 10:37:00
10:37:03,10:37:03,20.74,0.02,421,873153,买盘,2017-08-01,2017-08-01 10:37:03
10:37:06,10:37:06,20.71,-0.03,12,24852,买盘,2017-08-01,2017-08-01 10:37:06
10:37:12,10:37:12,20.7,-0.01,63,130410,中性盘,2017-08-01,2017-08-01 10:37:12
10:37:15,10:37:15,20.68,-0.02,42,86856,买盘,2017-08-01,2017-08-01 10:37:15
10:37:18,10:37:18,20.66,-0.02,39,80574,卖盘,2017-08-01,2017-08-01 10:37:18
10:37:21,10:37:21,20.66,--,48,99168,卖盘,2017-08-01,2017-08-01 10:37:21
10:37:24,10:37:24,20.65,-0.01,52,107379,卖盘,2017-08-01,2017-08-01 10:37:24
10:37:27,10:37:27,20.68,0.03,6,12408,买盘,2017-08-01,2017-08-01 10:37:27
10:37:30,10:37:30,20.7,0.02,15,31050,买盘,2017-08-01,2017-08-01 10:37:30
10:37:33,10:37:33,20.68,-0.02,13,26884,卖盘,2017-08-01,2017-08-01 10:37:33
10:37:39,10:37:39,20.7,0.02,23,47610,买盘,2017-08-01,2017-08-01 10:37:39
10:37:45,10:37:45,20.68,-0.02,5,10340,中性盘,2017-08-01,2017-08-01 10:37:45
10:37:48,10:37:48,20.7,0.02,27,55890,买盘,2017-08-01,2017-08-01 10:37:48
10:37:57,10:37:57,20.68,-0.02,2,4136,中性盘,2017-08-01,2017-08-01 10:37:57
10:38:00,10:38:00,20.68,--,52,107536,买盘,2017-08-01,2017-08-01 10:38:00
10:38:03,10:38:03,20.68,--,1,2068,买盘,2017-08-01,2017-08-01 10:38:03
10:38:06,10:38:06,20.66,-0.02,20,41320,卖盘,2017-08-01,2017-08-01 10:38:06
10:38:12,10:38:12,20.68,0.02,72,148896,卖盘,2017-08-01,2017-08-01 10:38:12
10:38:15,10:38:15,20.66,-0.02,64,132224,卖盘,2017-08-01,2017-08-01 10:38:15
10:38:18,10:38:18,20.66,--,3,6198,买盘,2017-08-01,2017-08-01 10:38:18
10:38:21,10:38:21,20.66,--,2,4132,买盘,2017-08-01,2017-08-01 10:38:21
10:38:24,10:38:24,20.66,--,12,24792,买盘,2017-08-01,2017-08-01 10:38:24
10:38:27,10:38:27,20.66,--,20,41320,买盘,2017-08-01,2017-08-01 10:38:27
10:38:30,10:38:30,20.66,--,5,10330,买盘,2017-08-01,2017-08-01 10:38:30
10:38:33,10:38:33,20.66,--,14,28924,买盘,2017-08-01,2017-08-01 10:38:33
10:38:36,10:38:36,20.7,0.04,255,527850,买盘,2017-08-01,2017-08-01 10:38:36
10:38:45,10:38:45,20.65,-0.05,50,103250,中性盘,2017-08-01,2017-08-01 10:38:45
10:38:51,10:38:51,20.7,0.05,24,49680,买盘,2017-08-01,2017-08-01 10:38:51
10:38:57,10:38:57,20.7,--,2,4140,买盘,2017-08-01,2017-08-01 10:38:57
10:39:00,10:39:00,20.68,-0.02,5,10340,卖盘,2017-08-01,2017-08-01 10:39:00
10:39:03,10:39:03,20.7,0.02,5,10350,买盘,2017-08-01,2017-08-01 10:39:03
10:39:06,10:39:06,20.69,-0.01,10,20690,买盘,2017-08-01,2017-08-01 10:39:06
10:39:09,10:39:09,20.69,--,13,26897,买盘,2017-08-01,2017-08-01 10:39:09
10:39:12,10:39:12,20.68,-0.01,33,68244,卖盘,2017-08-01,2017-08-01 10:39:12
10:39:15,10:39:15,20.71,0.03,538,1114198,买盘,2017-08-01,2017-08-01 10:39:15
10:39:18,10:39:18,20.71,--,13,26923,卖盘,2017-08-01,2017-08-01 10:39:18
10:39:21,10:39:21,20.71,--,12,24852,卖盘,2017-08-01,2017-08-01 10:39:21
10:39:24,10:39:24,20.72,0.01,37,76664,买盘,2017-08-01,2017-08-01 10:39:24
10:39:27,10:39:27,20.73,0.01,40,82920,买盘,2017-08-01,2017-08-01 10:39:27
10:39:30,10:39:30,20.73,--,11,22803,卖盘,2017-08-01,2017-08-01 10:39:30
10:39:33,10:39:33,20.73,--,100,207300,卖盘,2017-08-01,2017-08-01 10:39:33
10:39:36,10:39:36,20.74,0.01,4,8296,买盘,2017-08-01,2017-08-01 10:39:36
10:39:39,10:39:39,20.73,-0.01,49,101577,卖盘,2017-08-01,2017-08-01 10:39:39
10:39:42,10:39:42,20.74,0.01,103,213621,买盘,2017-08-01,2017-08-01 10:39:42
10:39:45,10:39:45,20.74,--,17,35258,买盘,2017-08-01,2017-08-01 10:39:45
10:39:48,10:39:48,20.75,0.01,47,97525,买盘,2017-08-01,2017-08-01 10:39:48
10:39:51,10:39:51,20.75,--,5,10375,卖盘,2017-08-01,2017-08-01 10:39:51
10:39:54,10:39:54,20.74,-0.01,18,37332,卖盘,2017-08-01,2017-08-01 10:39:54
10:39:57,10:39:57,20.78,0.04,133,276374,买盘,2017-08-01,2017-08-01 10:39:57
10:40:00,10:40:00,20.75,-0.03,208,431600,中性盘,2017-08-01,2017-08-01 10:40:00
10:40:03,10:40:03,20.76,0.01,40,83040,中性盘,2017-08-01,2017-08-01 10:40:03
10:40:06,10:40:06,20.76,--,63,130788,卖盘,2017-08-01,2017-08-01 10:40:06
10:40:09,10:40:09,20.79,0.03,81,168399,买盘,2017-08-01,2017-08-01 10:40:09
10:40:12,10:40:12,20.77,-0.02,41,85157,中性盘,2017-08-01,2017-08-01 10:40:12
10:40:15,10:40:15,20.77,--,56,116312,买盘,2017-08-01,2017-08-01 10:40:15
10:40:18,10:40:18,20.78,0.01,86,178708,买盘,2017-08-01,2017-08-01 10:40:18
10:40:21,10:40:21,20.79,0.01,215,446985,买盘,2017-08-01,2017-08-01 10:40:21
10:40:24,10:40:24,20.8,0.01,313,651040,买盘,2017-08-01,2017-08-01 10:40:24
10:40:27,10:40:27,20.74,-0.06,131,271694,卖盘,2017-08-01,2017-08-01 10:40:27
10:40:30,10:40:30,20.78,0.04,37,76886,买盘,2017-08-01,2017-08-01 10:40:30
10:40:33,10:40:33,20.74,-0.04,49,101625,卖盘,2017-08-01,2017-08-01 10:40:33
10:40:36,10:40:36,20.79,0.05,21,43659,买盘,2017-08-01,2017-08-01 10:40:36
10:40:39,10:40:39,20.78,-0.01,68,141304,中性盘,2017-08-01,2017-08-01 10:40:39
10:40:42,10:40:42,20.78,--,11,22858,买盘,2017-08-01,2017-08-01 10:40:42
10:40:45,10:40:45,20.74,-0.04,25,51849,卖盘,2017-08-01,2017-08-01 10:40:45
10:40:48,10:40:48,20.77,0.03,25,51925,买盘,2017-08-01,2017-08-01 10:40:48
10:40:51,10:40:51,20.75,-0.02,54,112050,中性盘,2017-08-01,2017-08-01 10:40:51
10:40:54,10:40:54,20.74,-0.01,7,14517,卖盘,2017-08-01,2017-08-01 10:40:54
10:40:57,10:40:57,20.74,--,43,89182,卖盘,2017-08-01,2017-08-01 10:40:57
10:41:00,10:41:00,20.76,0.02,92,190992,买盘,2017-08-01,2017-08-01 10:41:00
10:41:03,10:41:03,20.74,-0.02,25,51849,卖盘,2017-08-01,2017-08-01 10:41:03
10:41:06,10:41:06,20.74,--,12,24887,买盘,2017-08-01,2017-08-01 10:41:06
10:41:12,10:41:12,20.74,--,11,22814,买盘,2017-08-01,2017-08-01 10:41:12
10:41:15,10:41:15,20.73,-0.01,73,151329,卖盘,2017-08-01,2017-08-01 10:41:15
10:41:18,10:41:18,20.74,0.01,91,188734,买盘,2017-08-01,2017-08-01 10:41:18
10:41:21,10:41:21,20.73,-0.01,20,41460,卖盘,2017-08-01,2017-08-01 10:41:21
10:41:24,10:41:24,20.74,0.01,39,80886,中性盘,2017-08-01,2017-08-01 10:41:24
10:41:27,10:41:27,20.74,--,19,39406,卖盘,2017-08-01,2017-08-01 10:41:27
10:41:30,10:41:30,20.75,0.01,69,143175,买盘,2017-08-01,2017-08-01 10:41:30
10:41:33,10:41:33,20.74,-0.01,12,24887,卖盘,2017-08-01,2017-08-01 10:41:33
10:41:36,10:41:36,20.74,--,86,178364,卖盘,2017-08-01,2017-08-01 10:41:36
10:41:39,10:41:39,20.74,--,23,47702,卖盘,2017-08-01,2017-08-01 10:41:39
10:41:42,10:41:42,20.73,-0.01,61,126453,卖盘,2017-08-01,2017-08-01 10:41:42
10:41:45,10:41:45,20.73,--,3,6219,买盘,2017-08-01,2017-08-01 10:41:45
10:41:51,10:41:51,20.71,-0.02,20,41420,卖盘,2017-08-01,2017-08-01 10:41:51
10:42:00,10:42:00,20.72,0.01,6,12432,卖盘,2017-08-01,2017-08-01 10:42:00
10:42:03,10:42:03,20.72,--,5,10360,买盘,2017-08-01,2017-08-01 10:42:03
10:42:09,10:42:09,20.72,--,222,459984,中性盘,2017-08-01,2017-08-01 10:42:09
10:42:12,10:42:12,20.72,--,4,8288,买盘,2017-08-01,2017-08-01 10:42:12
10:42:18,10:42:18,20.72,--,4,8288,买盘,2017-08-01,2017-08-01 10:42:18
10:42:21,10:42:21,20.72,--,1,2072,买盘,2017-08-01,2017-08-01 10:42:21
10:42:24,10:42:24,20.7,-0.02,5,10350,卖盘,2017-08-01,2017-08-01 10:42:24
10:42:30,10:42:30,20.7,--,18,37260,买盘,2017-08-01,2017-08-01 10:42:30
10:42:33,10:42:33,20.7,--,77,159390,买盘,2017-08-01,2017-08-01 10:42:33
10:42:36,10:42:36,20.7,--,1,2070,卖盘,2017-08-01,2017-08-01 10:42:36
10:42:39,10:42:39,20.69,-0.01,30,62070,卖盘,2017-08-01,2017-08-01 10:42:39
10:42:45,10:42:45,20.7,0.01,16,33120,买盘,2017-08-01,2017-08-01 10:42:45
10:42:48,10:42:48,20.7,--,187,387090,卖盘,2017-08-01,2017-08-01 10:42:48
10:42:51,10:42:51,20.68,-0.02,100,206800,卖盘,2017-08-01,2017-08-01 10:42:51
10:42:54,10:42:54,20.7,0.02,10,20700,中性盘,2017-08-01,2017-08-01 10:42:54
10:43:03,10:43:03,20.69,-0.01,22,45518,卖盘,2017-08-01,2017-08-01 10:43:03
10:43:06,10:43:06,20.69,--,34,70346,买盘,2017-08-01,2017-08-01 10:43:06
10:43:09,10:43:09,20.69,--,101,208969,买盘,2017-08-01,2017-08-01 10:43:09
10:43:12,10:43:12,20.68,-0.01,2,4136,卖盘,2017-08-01,2017-08-01 10:43:12
10:43:18,10:43:18,20.69,0.01,40,82760,买盘,2017-08-01,2017-08-01 10:43:18
10:43:21,10:43:21,20.68,-0.01,26,53768,中性盘,2017-08-01,2017-08-01 10:43:21
10:43:24,10:43:24,20.66,-0.02,17,35122,卖盘,2017-08-01,2017-08-01 10:43:24
10:43:27,10:43:27,20.68,0.02,22,45496,买盘,2017-08-01,2017-08-01 10:43:27
10:43:30,10:43:30,20.66,-0.02,5,10330,卖盘,2017-08-01,2017-08-01 10:43:30
10:43:33,10:43:33,20.68,0.02,20,41360,买盘,2017-08-01,2017-08-01 10:43:33
10:43:36,10:43:36,20.65,-0.03,27,55754,卖盘,2017-08-01,2017-08-01 10:43:36
10:43:39,10:43:39,20.65,--,3,6195,买盘,2017-08-01,2017-08-01 10:43:39
10:43:42,10:43:42,20.65,--,17,35105,卖盘,2017-08-01,2017-08-01 10:43:42
10:43:45,10:43:45,20.65,--,20,41300,买盘,2017-08-01,2017-08-01 10:43:45
10:43:48,10:43:48,20.65,--,32,66080,买盘,2017-08-01,2017-08-01 10:43:48
10:43:51,10:43:51,20.63,-0.02,7,14441,卖盘,2017-08-01,2017-08-01 10:43:51
10:43:54,10:43:54,20.66,0.03,81,167346,买盘,2017-08-01,2017-08-01 10:43:54
10:43:57,10:43:57,20.66,--,49,101234,卖盘,2017-08-01,2017-08-01 10:43:57
10:44:00,10:44:00,20.63,-0.03,2,4126,卖盘,2017-08-01,2017-08-01 10:44:00
10:44:03,10:44:03,20.62,-0.01,154,317548,卖盘,2017-08-01,2017-08-01 10:44:03
10:44:06,10:44:06,20.66,0.04,10,20660,卖盘,2017-08-01,2017-08-01 10:44:06
10:44:09,10:44:09,20.66,--,9,18594,卖盘,2017-08-01,2017-08-01 10:44:09
10:44:12,10:44:12,20.63,-0.03,15,30945,卖盘,2017-08-01,2017-08-01 10:44:12
10:44:15,10:44:15,20.63,--,6,12378,卖盘,2017-08-01,2017-08-01 10:44:15
10:44:18,10:44:18,20.66,0.03,26,53716,买盘,2017-08-01,2017-08-01 10:44:18
10:44:21,10:44:21,20.66,--,6,12396,买盘,2017-08-01,2017-08-01 10:44:21
10:44:24,10:44:24,20.63,-0.03,170,350710,卖盘,2017-08-01,2017-08-01 10:44:24
10:44:27,10:44:27,20.67,0.04,11,22737,买盘,2017-08-01,2017-08-01 10:44:27
10:44:30,10:44:30,20.64,-0.03,39,80496,卖盘,2017-08-01,2017-08-01 10:44:30
10:44:33,10:44:33,20.67,0.03,21,43407,买盘,2017-08-01,2017-08-01 10:44:33
10:44:36,10:44:36,20.68,0.01,54,111672,买盘,2017-08-01,2017-08-01 10:44:36
10:44:39,10:44:39,20.68,--,15,31020,买盘,2017-08-01,2017-08-01 10:44:39
10:44:45,10:44:45,20.68,--,12,24816,买盘,2017-08-01,2017-08-01 10:44:45
10:44:48,10:44:48,20.68,--,40,82720,买盘,2017-08-01,2017-08-01 10:44:48
10:44:54,10:44:54,20.67,-0.01,234,483678,中性盘,2017-08-01,2017-08-01 10:44:54
10:44:57,10:44:57,20.68,0.01,13,26884,买盘,2017-08-01,2017-08-01 10:44:57
10:45:06,10:45:06,20.65,-0.03,48,99120,卖盘,2017-08-01,2017-08-01 10:45:06
10:45:09,10:45:09,20.68,0.03,8,16544,卖盘,2017-08-01,2017-08-01 10:45:09
10:45:12,10:45:12,20.68,--,5,10340,卖盘,2017-08-01,2017-08-01 10:45:12
10:45:15,10:45:15,20.69,0.01,5,10345,买盘,2017-08-01,2017-08-01 10:45:15
10:45:21,10:45:21,20.68,-0.01,17,35156,卖盘,2017-08-01,2017-08-01 10:45:21
10:45:24,10:45:24,20.69,0.01,125,258625,买盘,2017-08-01,2017-08-01 10:45:24
10:45:27,10:45:27,20.68,-0.01,35,72380,买盘,2017-08-01,2017-08-01 10:45:27
10:45:33,10:45:33,20.69,0.01,94,194486,买盘,2017-08-01,2017-08-01 10:45:33
10:45:45,10:45:45,20.69,--,1,2069,卖盘,2017-08-01,2017-08-01 10:45:45
10:45:48,10:45:48,20.7,0.01,110,227700,买盘,2017-08-01,2017-08-01 10:45:48
10:45:51,10:45:51,20.67,-0.03,191,394797,卖盘,2017-08-01,2017-08-01 10:45:51
10:45:54,10:45:54,20.67,--,65,134355,买盘,2017-08-01,2017-08-01 10:45:54
10:46:00,10:46:00,20.7,0.03,54,111780,中性盘,2017-08-01,2017-08-01 10:46:00
10:46:03,10:46:03,20.7,--,56,115920,买盘,2017-08-01,2017-08-01 10:46:03
10:46:06,10:46:06,20.7,--,82,169740,买盘,2017-08-01,2017-08-01 10:46:06
10:46:09,10:46:09,20.67,-0.03,4,8268,卖盘,2017-08-01,2017-08-01 10:46:09
10:46:12,10:46:12,20.68,0.01,15,31020,买盘,2017-08-01,2017-08-01 10:46:12
10:46:15,10:46:15,20.68,--,74,153032,买盘,2017-08-01,2017-08-01 10:46:15
10:46:18,10:46:18,20.68,--,10,20680,买盘,2017-08-01,2017-08-01 10:46:18
10:46:21,10:46:21,20.68,--,53,109604,买盘,2017-08-01,2017-08-01 10:46:21
10:46:24,10:46:24,20.68,--,3,6204,卖盘,2017-08-01,2017-08-01 10:46:24
10:46:27,10:46:27,20.68,--,1,2068,卖盘,2017-08-01,2017-08-01 10:46:27
10:46:33,10:46:33,20.69,0.01,21,43449,买盘,2017-08-01,2017-08-01 10:46:33
10:46:36,10:46:36,20.68,-0.01,8,16544,卖盘,2017-08-01,2017-08-01 10:46:36
10:46:39,10:46:39,20.7,0.02,169,349830,买盘,2017-08-01,2017-08-01 10:46:39
10:46:42,10:46:42,20.7,--,5,10350,买盘,2017-08-01,2017-08-01 10:46:42
10:46:54,10:46:54,20.7,--,19,39330,买盘,2017-08-01,2017-08-01 10:46:54
10:47:00,10:47:00,20.7,--,48,99360,卖盘,2017-08-01,2017-08-01 10:47:00
10:47:06,10:47:06,20.7,--,41,84870,卖盘,2017-08-01,2017-08-01 10:47:06
10:47:09,10:47:09,20.7,--,13,26910,买盘,2017-08-01,2017-08-01 10:47:09
