idx_time,time,price,change,volume,amount,type,date,date_time
09:25:03,09:25:03,6.45,6.45,1172,755940,买盘,2017-08-03,2017-08-03 09:25:03
09:30:03,09:30:03,6.48,0.03,364,235872,买盘,2017-08-03,2017-08-03 09:30:03
09:30:06,09:30:06,6.5,0.02,2734,1777490,买盘,2017-08-03,2017-08-03 09:30:06
09:30:09,09:30:09,6.5,--,178,115700,卖盘,2017-08-03,2017-08-03 09:30:09
09:30:12,09:30:12,6.54,0.04,40,26160,买盘,2017-08-03,2017-08-03 09:30:12
09:30:15,09:30:15,6.5,-0.04,448,291200,卖盘,2017-08-03,2017-08-03 09:30:15
09:30:18,09:30:18,6.5,--,80,52000,卖盘,2017-08-03,2017-08-03 09:30:18
09:30:24,09:30:24,6.51,0.01,4,2604,中性盘,2017-08-03,2017-08-03 09:30:24
09:30:27,09:30:27,6.51,--,107,69657,卖盘,2017-08-03,2017-08-03 09:30:27
09:30:30,09:30:30,6.54,0.03,174,113796,买盘,2017-08-03,2017-08-03 09:30:30
09:30:33,09:30:33,6.51,-0.03,83,54033,卖盘,2017-08-03,2017-08-03 09:30:33
09:30:36,09:30:36,6.53,0.02,54,35262,买盘,2017-08-03,2017-08-03 09:30:36
09:30:39,09:30:39,6.53,--,8,5224,买盘,2017-08-03,2017-08-03 09:30:39
09:30:42,09:30:42,6.51,-0.02,50,32550,卖盘,2017-08-03,2017-08-03 09:30:42
09:30:45,09:30:45,6.53,0.02,122,79666,买盘,2017-08-03,2017-08-03 09:30:45
09:30:48,09:30:48,6.53,--,53,34609,买盘,2017-08-03,2017-08-03 09:30:48
09:30:51,09:30:51,6.53,--,178,116234,买盘,2017-08-03,2017-08-03 09:30:51
09:30:54,09:30:54,6.52,-0.01,297,193644,买盘,2017-08-03,2017-08-03 09:30:54
09:30:57,09:30:57,6.52,--,48,31295,买盘,2017-08-03,2017-08-03 09:30:57
09:31:00,09:31:00,6.53,0.01,532,347396,买盘,2017-08-03,2017-08-03 09:31:00
09:31:03,09:31:03,6.52,-0.01,13,8476,卖盘,2017-08-03,2017-08-03 09:31:03
09:31:06,09:31:06,6.51,-0.01,212,138012,卖盘,2017-08-03,2017-08-03 09:31:06
09:31:09,09:31:09,6.51,--,241,156891,卖盘,2017-08-03,2017-08-03 09:31:09
09:31:12,09:31:12,6.52,0.01,108,70416,买盘,2017-08-03,2017-08-03 09:31:12
09:31:15,09:31:15,6.53,0.01,407,265771,买盘,2017-08-03,2017-08-03 09:31:15
09:31:18,09:31:18,6.53,--,100,65300,买盘,2017-08-03,2017-08-03 09:31:18
09:31:21,09:31:21,6.53,--,467,304951,买盘,2017-08-03,2017-08-03 09:31:21
09:31:24,09:31:24,6.52,-0.01,15,9780,中性盘,2017-08-03,2017-08-03 09:31:24
09:31:27,09:31:27,6.52,--,10,6520,卖盘,2017-08-03,2017-08-03 09:31:27
09:31:30,09:31:30,6.52,--,274,178648,卖盘,2017-08-03,2017-08-03 09:31:30
09:31:33,09:31:33,6.52,--,11,7171,卖盘,2017-08-03,2017-08-03 09:31:33
09:31:36,09:31:36,6.52,--,211,137572,卖盘,2017-08-03,2017-08-03 09:31:36
09:31:39,09:31:39,6.51,-0.01,128,83328,卖盘,2017-08-03,2017-08-03 09:31:39
09:31:45,09:31:45,6.53,0.02,370,241610,买盘,2017-08-03,2017-08-03 09:31:45
09:31:48,09:31:48,6.52,-0.01,90,58679,买盘,2017-08-03,2017-08-03 09:31:48
09:31:51,09:31:51,6.51,-0.01,30,19530,卖盘,2017-08-03,2017-08-03 09:31:51
09:31:54,09:31:54,6.52,0.01,136,88672,买盘,2017-08-03,2017-08-03 09:31:54
09:31:57,09:31:57,6.52,--,264,172128,买盘,2017-08-03,2017-08-03 09:31:57
09:32:00,09:32:00,6.52,--,260,169520,买盘,2017-08-03,2017-08-03 09:32:00
09:32:03,09:32:03,6.51,-0.01,50,32550,卖盘,2017-08-03,2017-08-03 09:32:03
09:32:06,09:32:06,6.51,--,100,65100,卖盘,2017-08-03,2017-08-03 09:32:06
09:32:12,09:32:12,6.52,0.01,251,163652,买盘,2017-08-03,2017-08-03 09:32:12
09:32:15,09:32:15,6.52,--,67,43684,卖盘,2017-08-03,2017-08-03 09:32:15
09:32:18,09:32:18,6.51,-0.01,96,62496,卖盘,2017-08-03,2017-08-03 09:32:18
09:32:21,09:32:21,6.52,0.01,91,59331,买盘,2017-08-03,2017-08-03 09:32:21
09:32:24,09:32:24,6.52,--,22,14343,卖盘,2017-08-03,2017-08-03 09:32:24
09:32:27,09:32:27,6.53,0.01,73,47669,买盘,2017-08-03,2017-08-03 09:32:27
09:32:30,09:32:30,6.53,--,23,15019,买盘,2017-08-03,2017-08-03 09:32:30
09:32:33,09:32:33,6.51,-0.02,27,17577,卖盘,2017-08-03,2017-08-03 09:32:33
09:32:36,09:32:36,6.51,--,76,49476,卖盘,2017-08-03,2017-08-03 09:32:36
09:32:39,09:32:39,6.52,0.01,101,65852,买盘,2017-08-03,2017-08-03 09:32:39
09:32:42,09:32:42,6.52,--,85,55420,卖盘,2017-08-03,2017-08-03 09:32:42
09:32:45,09:32:45,6.52,--,200,130399,卖盘,2017-08-03,2017-08-03 09:32:45
09:32:48,09:32:48,6.53,0.01,274,178922,买盘,2017-08-03,2017-08-03 09:32:48
09:32:51,09:32:51,6.53,--,60,39180,买盘,2017-08-03,2017-08-03 09:32:51
09:32:54,09:32:54,6.53,--,30,19590,买盘,2017-08-03,2017-08-03 09:32:54
09:32:57,09:32:57,6.54,0.01,351,229554,买盘,2017-08-03,2017-08-03 09:32:57
09:33:00,09:33:00,6.55,0.01,230,150650,买盘,2017-08-03,2017-08-03 09:33:00
09:33:09,09:33:09,6.55,--,125,81875,买盘,2017-08-03,2017-08-03 09:33:09
09:33:12,09:33:12,6.55,--,499,327238,买盘,2017-08-03,2017-08-03 09:33:12
09:33:15,09:33:15,6.57,0.02,479,314703,买盘,2017-08-03,2017-08-03 09:33:15
09:33:18,09:33:18,6.57,--,105,68985,买盘,2017-08-03,2017-08-03 09:33:18
09:33:21,09:33:21,6.56,-0.01,540,354240,卖盘,2017-08-03,2017-08-03 09:33:21
09:33:24,09:33:24,6.6,0.04,720,475200,买盘,2017-08-03,2017-08-03 09:33:24
09:33:27,09:33:27,6.59,-0.01,45,29655,中性盘,2017-08-03,2017-08-03 09:33:27
09:33:30,09:33:30,6.65,0.06,775,515375,买盘,2017-08-03,2017-08-03 09:33:30
09:33:33,09:33:33,6.6,-0.05,425,280500,中性盘,2017-08-03,2017-08-03 09:33:33
09:33:36,09:33:36,6.6,--,30,19800,卖盘,2017-08-03,2017-08-03 09:33:36
09:33:39,09:33:39,6.65,0.05,190,126350,买盘,2017-08-03,2017-08-03 09:33:39
09:33:42,09:33:42,6.65,--,210,139650,买盘,2017-08-03,2017-08-03 09:33:42
09:33:45,09:33:45,6.64,-0.01,50,33200,中性盘,2017-08-03,2017-08-03 09:33:45
09:33:48,09:33:48,6.65,0.01,286,190323,买盘,2017-08-03,2017-08-03 09:33:48
09:33:51,09:33:51,6.65,--,283,188195,卖盘,2017-08-03,2017-08-03 09:33:51
09:33:54,09:33:54,6.67,0.02,737,491579,买盘,2017-08-03,2017-08-03 09:33:54
09:33:57,09:33:57,6.65,-0.02,405,269857,卖盘,2017-08-03,2017-08-03 09:33:57
09:34:00,09:34:00,6.65,--,484,321860,买盘,2017-08-03,2017-08-03 09:34:00
09:34:03,09:34:03,6.67,0.02,470,313623,买盘,2017-08-03,2017-08-03 09:34:03
09:34:06,09:34:06,6.64,-0.03,612,406899,卖盘,2017-08-03,2017-08-03 09:34:06
09:34:09,09:34:09,6.65,0.01,305,202825,买盘,2017-08-03,2017-08-03 09:34:09
09:34:12,09:34:12,6.65,--,415,275975,买盘,2017-08-03,2017-08-03 09:34:12
09:34:15,09:34:15,6.65,--,887,589855,卖盘,2017-08-03,2017-08-03 09:34:15
09:34:18,09:34:18,6.62,-0.03,343,227066,卖盘,2017-08-03,2017-08-03 09:34:18
09:34:21,09:34:21,6.62,--,348,230376,买盘,2017-08-03,2017-08-03 09:34:21
09:34:24,09:34:24,6.65,0.03,733,487445,买盘,2017-08-03,2017-08-03 09:34:24
09:34:27,09:34:27,6.65,--,207,137655,买盘,2017-08-03,2017-08-03 09:34:27
09:34:30,09:34:30,6.64,-0.01,10,6640,卖盘,2017-08-03,2017-08-03 09:34:30
09:34:33,09:34:33,6.62,-0.02,206,136372,卖盘,2017-08-03,2017-08-03 09:34:33
09:34:36,09:34:36,6.61,-0.01,84,55920,卖盘,2017-08-03,2017-08-03 09:34:36
09:34:39,09:34:39,6.62,0.01,314,207868,中性盘,2017-08-03,2017-08-03 09:34:39
09:34:42,09:34:42,6.63,0.01,38,25194,买盘,2017-08-03,2017-08-03 09:34:42
09:34:45,09:34:45,6.61,-0.02,292,193012,卖盘,2017-08-03,2017-08-03 09:34:45
09:34:48,09:34:48,6.6,-0.01,1035,683364,卖盘,2017-08-03,2017-08-03 09:34:48
09:34:51,09:34:51,6.62,0.02,74,48988,买盘,2017-08-03,2017-08-03 09:34:51
09:34:54,09:34:54,6.62,--,217,143654,买盘,2017-08-03,2017-08-03 09:34:54
09:34:57,09:34:57,6.58,-0.04,9,5922,卖盘,2017-08-03,2017-08-03 09:34:57
09:35:00,09:35:00,6.58,--,6,3948,买盘,2017-08-03,2017-08-03 09:35:00
09:35:03,09:35:03,6.6,0.02,59,38940,买盘,2017-08-03,2017-08-03 09:35:03
09:35:06,09:35:06,6.6,--,69,45540,买盘,2017-08-03,2017-08-03 09:35:06
09:35:09,09:35:09,6.58,-0.02,75,49350,卖盘,2017-08-03,2017-08-03 09:35:09
09:35:12,09:35:12,6.6,0.02,83,54780,买盘,2017-08-03,2017-08-03 09:35:12
09:35:15,09:35:15,6.58,-0.02,120,78960,卖盘,2017-08-03,2017-08-03 09:35:15
09:35:18,09:35:18,6.59,0.01,287,189133,中性盘,2017-08-03,2017-08-03 09:35:18
09:35:21,09:35:21,6.6,0.01,53,34980,买盘,2017-08-03,2017-08-03 09:35:21
09:35:24,09:35:24,6.6,--,29,19140,卖盘,2017-08-03,2017-08-03 09:35:24
09:35:27,09:35:27,6.6,--,13,8580,卖盘,2017-08-03,2017-08-03 09:35:27
09:35:30,09:35:30,6.6,--,150,99000,卖盘,2017-08-03,2017-08-03 09:35:30
09:35:33,09:35:33,6.61,0.01,30,19830,买盘,2017-08-03,2017-08-03 09:35:33
09:35:36,09:35:36,6.6,-0.01,331,218460,卖盘,2017-08-03,2017-08-03 09:35:36
09:35:39,09:35:39,6.6,--,251,165660,卖盘,2017-08-03,2017-08-03 09:35:39
09:35:42,09:35:42,6.62,0.02,184,121808,买盘,2017-08-03,2017-08-03 09:35:42
09:35:45,09:35:45,6.62,--,10,6620,买盘,2017-08-03,2017-08-03 09:35:45
09:35:48,09:35:48,6.61,-0.01,30,19830,卖盘,2017-08-03,2017-08-03 09:35:48
09:35:51,09:35:51,6.61,--,121,79981,卖盘,2017-08-03,2017-08-03 09:35:51
09:35:54,09:35:54,6.6,-0.01,1283,846780,卖盘,2017-08-03,2017-08-03 09:35:54
09:35:57,09:35:57,6.61,0.01,96,63456,中性盘,2017-08-03,2017-08-03 09:35:57
09:36:00,09:36:00,6.61,--,38,25118,卖盘,2017-08-03,2017-08-03 09:36:00
09:36:03,09:36:03,6.62,0.01,844,558820,买盘,2017-08-03,2017-08-03 09:36:03
09:36:06,09:36:06,6.62,--,196,129752,卖盘,2017-08-03,2017-08-03 09:36:06
09:36:09,09:36:09,6.62,--,113,74806,卖盘,2017-08-03,2017-08-03 09:36:09
09:36:12,09:36:12,6.62,--,570,377340,卖盘,2017-08-03,2017-08-03 09:36:12
09:36:15,09:36:15,6.62,--,706,467372,卖盘,2017-08-03,2017-08-03 09:36:15
09:36:18,09:36:18,6.62,--,282,186684,卖盘,2017-08-03,2017-08-03 09:36:18
09:36:21,09:36:21,6.63,0.01,57,37791,买盘,2017-08-03,2017-08-03 09:36:21
09:36:24,09:36:24,6.63,--,46,30498,卖盘,2017-08-03,2017-08-03 09:36:24
09:36:27,09:36:27,6.62,-0.01,150,99300,卖盘,2017-08-03,2017-08-03 09:36:27
09:36:30,09:36:30,6.63,0.01,164,108732,买盘,2017-08-03,2017-08-03 09:36:30
09:36:33,09:36:33,6.62,-0.01,100,66200,卖盘,2017-08-03,2017-08-03 09:36:33
09:36:36,09:36:36,6.62,--,117,77454,卖盘,2017-08-03,2017-08-03 09:36:36
09:36:39,09:36:39,6.62,--,68,45016,卖盘,2017-08-03,2017-08-03 09:36:39
09:36:42,09:36:42,6.62,--,369,244847,卖盘,2017-08-03,2017-08-03 09:36:42
09:36:45,09:36:45,6.62,--,81,53622,买盘,2017-08-03,2017-08-03 09:36:45
09:36:48,09:36:48,6.62,--,15,9930,买盘,2017-08-03,2017-08-03 09:36:48
09:36:51,09:36:51,6.62,--,1,662,买盘,2017-08-03,2017-08-03 09:36:51
09:36:54,09:36:54,6.61,-0.01,165,109065,卖盘,2017-08-03,2017-08-03 09:36:54
09:36:57,09:36:57,6.62,0.01,67,44354,买盘,2017-08-03,2017-08-03 09:36:57
09:37:00,09:37:00,6.6,-0.02,215,141900,卖盘,2017-08-03,2017-08-03 09:37:00
09:37:06,09:37:06,6.6,--,50,33000,买盘,2017-08-03,2017-08-03 09:37:06
09:37:12,09:37:12,6.6,--,36,23760,卖盘,2017-08-03,2017-08-03 09:37:12
09:37:15,09:37:15,6.6,--,9,5940,买盘,2017-08-03,2017-08-03 09:37:15
09:37:18,09:37:18,6.59,-0.01,42,27678,卖盘,2017-08-03,2017-08-03 09:37:18
09:37:21,09:37:21,6.61,0.02,2925,1933425,买盘,2017-08-03,2017-08-03 09:37:21
09:37:24,09:37:24,6.6,-0.01,132,87120,卖盘,2017-08-03,2017-08-03 09:37:24
09:37:27,09:37:27,6.6,--,77,50820,卖盘,2017-08-03,2017-08-03 09:37:27
09:37:30,09:37:30,6.6,--,68,44880,卖盘,2017-08-03,2017-08-03 09:37:30
09:37:33,09:37:33,6.6,--,44,29040,卖盘,2017-08-03,2017-08-03 09:37:33
09:37:36,09:37:36,6.61,0.01,10,6610,买盘,2017-08-03,2017-08-03 09:37:36
09:37:39,09:37:39,6.61,--,22,14542,买盘,2017-08-03,2017-08-03 09:37:39
09:37:42,09:37:42,6.6,-0.01,114,75240,卖盘,2017-08-03,2017-08-03 09:37:42
09:37:45,09:37:45,6.61,0.01,8,5288,买盘,2017-08-03,2017-08-03 09:37:45
09:37:48,09:37:48,6.6,-0.01,6,3960,卖盘,2017-08-03,2017-08-03 09:37:48
09:37:51,09:37:51,6.6,--,255,168300,卖盘,2017-08-03,2017-08-03 09:37:51
09:37:54,09:37:54,6.61,0.01,77,50897,买盘,2017-08-03,2017-08-03 09:37:54
09:37:57,09:37:57,6.6,-0.01,50,33000,卖盘,2017-08-03,2017-08-03 09:37:57
09:38:00,09:38:00,6.61,0.01,523,345703,买盘,2017-08-03,2017-08-03 09:38:00
09:38:03,09:38:03,6.59,-0.02,482,317638,卖盘,2017-08-03,2017-08-03 09:38:03
09:38:06,09:38:06,6.6,0.01,6,3960,买盘,2017-08-03,2017-08-03 09:38:06
09:38:09,09:38:09,6.6,--,502,331320,买盘,2017-08-03,2017-08-03 09:38:09
09:38:12,09:38:12,6.61,0.01,334,220906,买盘,2017-08-03,2017-08-03 09:38:12
09:38:15,09:38:15,6.61,--,68,44948,卖盘,2017-08-03,2017-08-03 09:38:15
09:38:18,09:38:18,6.61,--,117,77337,卖盘,2017-08-03,2017-08-03 09:38:18
09:38:21,09:38:21,6.62,0.01,598,395876,买盘,2017-08-03,2017-08-03 09:38:21
09:38:24,09:38:24,6.62,--,129,85398,买盘,2017-08-03,2017-08-03 09:38:24
09:38:27,09:38:27,6.61,-0.01,18,11898,买盘,2017-08-03,2017-08-03 09:38:27
09:38:33,09:38:33,6.61,--,34,22474,买盘,2017-08-03,2017-08-03 09:38:33
09:38:36,09:38:36,6.6,-0.01,99,65340,卖盘,2017-08-03,2017-08-03 09:38:36
09:38:39,09:38:39,6.61,0.01,37,24457,买盘,2017-08-03,2017-08-03 09:38:39
09:38:42,09:38:42,6.61,--,180,118980,买盘,2017-08-03,2017-08-03 09:38:42
09:38:45,09:38:45,6.6,-0.01,157,103620,卖盘,2017-08-03,2017-08-03 09:38:45
09:38:48,09:38:48,6.6,--,159,104940,买盘,2017-08-03,2017-08-03 09:38:48
09:38:51,09:38:51,6.61,0.01,120,79320,买盘,2017-08-03,2017-08-03 09:38:51
09:38:57,09:38:57,6.59,-0.02,6,3954,卖盘,2017-08-03,2017-08-03 09:38:57
09:39:00,09:39:00,6.6,0.01,46,30360,买盘,2017-08-03,2017-08-03 09:39:00
09:39:03,09:39:03,6.6,--,64,42240,买盘,2017-08-03,2017-08-03 09:39:03
09:39:06,09:39:06,6.6,--,70,46200,卖盘,2017-08-03,2017-08-03 09:39:06
09:39:09,09:39:09,6.6,--,20,13200,卖盘,2017-08-03,2017-08-03 09:39:09
09:39:12,09:39:12,6.61,0.01,107,70727,买盘,2017-08-03,2017-08-03 09:39:12
09:39:15,09:39:15,6.6,-0.01,23,15180,卖盘,2017-08-03,2017-08-03 09:39:15
09:39:18,09:39:18,6.6,--,109,71940,卖盘,2017-08-03,2017-08-03 09:39:18
09:39:21,09:39:21,6.6,--,21,13860,买盘,2017-08-03,2017-08-03 09:39:21
09:39:24,09:39:24,6.6,--,44,29040,买盘,2017-08-03,2017-08-03 09:39:24
09:39:27,09:39:27,6.6,--,313,206580,买盘,2017-08-03,2017-08-03 09:39:27
09:39:30,09:39:30,6.6,--,15,9900,买盘,2017-08-03,2017-08-03 09:39:30
09:39:33,09:39:33,6.6,--,42,27720,买盘,2017-08-03,2017-08-03 09:39:33
09:39:36,09:39:36,6.61,0.01,1,661,买盘,2017-08-03,2017-08-03 09:39:36
09:39:39,09:39:39,6.6,-0.01,28,18480,卖盘,2017-08-03,2017-08-03 09:39:39
09:39:42,09:39:42,6.6,--,345,227700,卖盘,2017-08-03,2017-08-03 09:39:42
09:39:45,09:39:45,6.61,0.01,1427,943379,买盘,2017-08-03,2017-08-03 09:39:45
09:39:48,09:39:48,6.61,--,66,43626,卖盘,2017-08-03,2017-08-03 09:39:48
09:39:51,09:39:51,6.61,--,80,52880,卖盘,2017-08-03,2017-08-03 09:39:51
09:39:54,09:39:54,6.61,--,22,14542,卖盘,2017-08-03,2017-08-03 09:39:54
09:39:57,09:39:57,6.61,--,45,29745,卖盘,2017-08-03,2017-08-03 09:39:57
09:40:00,09:40:00,6.62,0.01,10,6620,买盘,2017-08-03,2017-08-03 09:40:00
09:40:03,09:40:03,6.61,-0.01,494,326534,卖盘,2017-08-03,2017-08-03 09:40:03
09:40:06,09:40:06,6.61,--,154,102322,卖盘,2017-08-03,2017-08-03 09:40:06
09:40:09,09:40:09,6.61,--,5,3305,买盘,2017-08-03,2017-08-03 09:40:09
09:40:12,09:40:12,6.61,--,66,43626,买盘,2017-08-03,2017-08-03 09:40:12
09:40:15,09:40:15,6.61,--,526,347686,买盘,2017-08-03,2017-08-03 09:40:15
09:40:18,09:40:18,6.61,--,305,201605,买盘,2017-08-03,2017-08-03 09:40:18
09:40:21,09:40:21,6.61,--,8,5288,买盘,2017-08-03,2017-08-03 09:40:21
09:40:24,09:40:24,6.61,--,203,134183,买盘,2017-08-03,2017-08-03 09:40:24
09:40:27,09:40:27,6.61,--,37,24589,卖盘,2017-08-03,2017-08-03 09:40:27
09:40:30,09:40:30,6.61,--,303,200283,卖盘,2017-08-03,2017-08-03 09:40:30
09:40:33,09:40:33,6.61,--,133,87913,卖盘,2017-08-03,2017-08-03 09:40:33
09:40:36,09:40:36,6.62,0.01,181,119822,买盘,2017-08-03,2017-08-03 09:40:36
09:40:45,09:40:45,6.61,-0.01,369,243909,卖盘,2017-08-03,2017-08-03 09:40:45
09:40:48,09:40:48,6.6,-0.01,48,31680,卖盘,2017-08-03,2017-08-03 09:40:48
09:40:51,09:40:51,6.61,0.01,152,100472,买盘,2017-08-03,2017-08-03 09:40:51
09:40:57,09:40:57,6.61,--,69,45609,卖盘,2017-08-03,2017-08-03 09:40:57
09:41:00,09:41:00,6.61,--,150,99150,卖盘,2017-08-03,2017-08-03 09:41:00
09:41:03,09:41:03,6.6,-0.01,701,463188,卖盘,2017-08-03,2017-08-03 09:41:03
09:41:06,09:41:06,6.6,--,111,73260,买盘,2017-08-03,2017-08-03 09:41:06
09:41:09,09:41:09,6.6,--,63,41580,买盘,2017-08-03,2017-08-03 09:41:09
09:41:15,09:41:15,6.6,--,215,141900,买盘,2017-08-03,2017-08-03 09:41:15
09:41:18,09:41:18,6.59,-0.01,34,22406,卖盘,2017-08-03,2017-08-03 09:41:18
09:41:21,09:41:21,6.59,--,249,164091,卖盘,2017-08-03,2017-08-03 09:41:21
09:41:24,09:41:24,6.6,0.01,80,52800,买盘,2017-08-03,2017-08-03 09:41:24
09:41:27,09:41:27,6.59,-0.01,47,31104,卖盘,2017-08-03,2017-08-03 09:41:27
09:41:30,09:41:30,6.6,0.01,48,31680,买盘,2017-08-03,2017-08-03 09:41:30
09:41:33,09:41:33,6.59,-0.01,5,3295,卖盘,2017-08-03,2017-08-03 09:41:33
09:41:36,09:41:36,6.59,--,4,2636,卖盘,2017-08-03,2017-08-03 09:41:36
09:41:39,09:41:39,6.59,--,104,68536,卖盘,2017-08-03,2017-08-03 09:41:39
09:41:42,09:41:42,6.6,0.01,147,97020,买盘,2017-08-03,2017-08-03 09:41:42
09:41:45,09:41:45,6.6,--,545,359700,买盘,2017-08-03,2017-08-03 09:41:45
09:41:51,09:41:51,6.59,-0.01,160,105571,卖盘,2017-08-03,2017-08-03 09:41:51
09:41:54,09:41:54,6.59,--,44,28996,卖盘,2017-08-03,2017-08-03 09:41:54
09:41:57,09:41:57,6.59,--,10,6590,卖盘,2017-08-03,2017-08-03 09:41:57
09:42:00,09:42:00,6.59,--,67,44153,卖盘,2017-08-03,2017-08-03 09:42:00
09:42:03,09:42:03,6.59,--,150,98850,卖盘,2017-08-03,2017-08-03 09:42:03
09:42:06,09:42:06,6.59,--,374,246466,卖盘,2017-08-03,2017-08-03 09:42:06
09:42:09,09:42:09,6.6,0.01,25,16500,买盘,2017-08-03,2017-08-03 09:42:09
09:42:12,09:42:12,6.59,-0.01,325,214438,卖盘,2017-08-03,2017-08-03 09:42:12
09:42:15,09:42:15,6.59,--,227,149593,买盘,2017-08-03,2017-08-03 09:42:15
09:42:18,09:42:18,6.59,--,5,3295,买盘,2017-08-03,2017-08-03 09:42:18
09:42:21,09:42:21,6.58,-0.01,4,2632,卖盘,2017-08-03,2017-08-03 09:42:21
09:42:27,09:42:27,6.58,--,43,28294,卖盘,2017-08-03,2017-08-03 09:42:27
09:42:30,09:42:30,6.58,--,40,26320,卖盘,2017-08-03,2017-08-03 09:42:30
09:42:33,09:42:33,6.58,--,25,16450,卖盘,2017-08-03,2017-08-03 09:42:33
09:42:39,09:42:39,6.58,--,40,26320,卖盘,2017-08-03,2017-08-03 09:42:39
09:42:45,09:42:45,6.58,--,78,51324,卖盘,2017-08-03,2017-08-03 09:42:45
09:42:48,09:42:48,6.58,--,48,31584,卖盘,2017-08-03,2017-08-03 09:42:48
09:42:51,09:42:51,6.58,--,101,66458,卖盘,2017-08-03,2017-08-03 09:42:51
09:43:00,09:43:00,6.58,--,1,658,买盘,2017-08-03,2017-08-03 09:43:00
09:43:03,09:43:03,6.57,-0.01,72,47304,卖盘,2017-08-03,2017-08-03 09:43:03
09:43:06,09:43:06,6.57,--,61,40077,卖盘,2017-08-03,2017-08-03 09:43:06
09:43:09,09:43:09,6.57,--,66,43362,卖盘,2017-08-03,2017-08-03 09:43:09
09:43:21,09:43:21,6.56,-0.01,33,21648,卖盘,2017-08-03,2017-08-03 09:43:21
09:43:24,09:43:24,6.57,0.01,55,36135,买盘,2017-08-03,2017-08-03 09:43:24
09:43:27,09:43:27,6.56,-0.01,46,30176,卖盘,2017-08-03,2017-08-03 09:43:27
09:43:30,09:43:30,6.56,--,30,19680,卖盘,2017-08-03,2017-08-03 09:43:30
09:43:33,09:43:33,6.56,--,25,16400,卖盘,2017-08-03,2017-08-03 09:43:33
09:43:42,09:43:42,6.55,-0.01,129,84495,卖盘,2017-08-03,2017-08-03 09:43:42
09:43:48,09:43:48,6.56,0.01,219,143664,买盘,2017-08-03,2017-08-03 09:43:48
09:43:51,09:43:51,6.55,-0.01,27,17685,卖盘,2017-08-03,2017-08-03 09:43:51
09:43:57,09:43:57,6.55,--,5,3275,卖盘,2017-08-03,2017-08-03 09:43:57
09:44:00,09:44:00,6.56,0.01,274,179744,买盘,2017-08-03,2017-08-03 09:44:00
09:44:03,09:44:03,6.55,-0.01,109,71395,卖盘,2017-08-03,2017-08-03 09:44:03
09:44:06,09:44:06,6.56,0.01,5,3280,买盘,2017-08-03,2017-08-03 09:44:06
09:44:12,09:44:12,6.56,--,343,225008,买盘,2017-08-03,2017-08-03 09:44:12
09:44:18,09:44:18,6.56,--,105,68880,卖盘,2017-08-03,2017-08-03 09:44:18
09:44:21,09:44:21,6.56,--,207,135792,卖盘,2017-08-03,2017-08-03 09:44:21
09:44:24,09:44:24,6.57,0.01,115,75555,买盘,2017-08-03,2017-08-03 09:44:24
09:44:30,09:44:30,6.57,--,52,34164,卖盘,2017-08-03,2017-08-03 09:44:30
09:44:33,09:44:33,6.57,--,5,3285,卖盘,2017-08-03,2017-08-03 09:44:33
09:44:39,09:44:39,6.58,0.01,5,3290,买盘,2017-08-03,2017-08-03 09:44:39
09:44:42,09:44:42,6.58,--,169,111202,买盘,2017-08-03,2017-08-03 09:44:42
09:44:45,09:44:45,6.57,-0.01,263,172791,卖盘,2017-08-03,2017-08-03 09:44:45
09:44:51,09:44:51,6.58,0.01,2,1316,卖盘,2017-08-03,2017-08-03 09:44:51
09:44:54,09:44:54,6.59,0.01,15,9885,买盘,2017-08-03,2017-08-03 09:44:54
09:44:57,09:44:57,6.59,--,150,98850,买盘,2017-08-03,2017-08-03 09:44:57
09:45:03,09:45:03,6.59,--,10,6590,卖盘,2017-08-03,2017-08-03 09:45:03
09:45:06,09:45:06,6.59,--,12,7908,卖盘,2017-08-03,2017-08-03 09:45:06
09:45:09,09:45:09,6.6,0.01,320,211200,买盘,2017-08-03,2017-08-03 09:45:09
09:45:18,09:45:18,6.6,--,24,15840,买盘,2017-08-03,2017-08-03 09:45:18
09:45:21,09:45:21,6.6,--,459,302940,买盘,2017-08-03,2017-08-03 09:45:21
09:45:24,09:45:24,6.6,--,28,18480,买盘,2017-08-03,2017-08-03 09:45:24
09:45:27,09:45:27,6.6,--,1,660,买盘,2017-08-03,2017-08-03 09:45:27
09:45:30,09:45:30,6.6,--,210,138600,买盘,2017-08-03,2017-08-03 09:45:30
09:45:33,09:45:33,6.6,--,85,56100,买盘,2017-08-03,2017-08-03 09:45:33
09:45:36,09:45:36,6.59,-0.01,4,2636,卖盘,2017-08-03,2017-08-03 09:45:36
09:45:39,09:45:39,6.6,0.01,5,3300,买盘,2017-08-03,2017-08-03 09:45:39
09:45:42,09:45:42,6.59,-0.01,20,13180,卖盘,2017-08-03,2017-08-03 09:45:42
09:45:45,09:45:45,6.59,--,123,81057,卖盘,2017-08-03,2017-08-03 09:45:45
09:45:51,09:45:51,6.59,--,10,6590,买盘,2017-08-03,2017-08-03 09:45:51
09:46:00,09:46:00,6.58,-0.01,35,23030,卖盘,2017-08-03,2017-08-03 09:46:00
09:46:03,09:46:03,6.59,0.01,91,59969,买盘,2017-08-03,2017-08-03 09:46:03
09:46:06,09:46:06,6.58,-0.01,138,90804,卖盘,2017-08-03,2017-08-03 09:46:06
09:46:21,09:46:21,6.56,-0.02,50,32800,卖盘,2017-08-03,2017-08-03 09:46:21
09:46:24,09:46:24,6.56,--,40,26240,卖盘,2017-08-03,2017-08-03 09:46:24
09:46:33,09:46:33,6.56,--,34,22304,卖盘,2017-08-03,2017-08-03 09:46:33
09:46:36,09:46:36,6.56,--,478,313568,卖盘,2017-08-03,2017-08-03 09:46:36
09:46:39,09:46:39,6.57,0.01,393,258201,买盘,2017-08-03,2017-08-03 09:46:39
09:46:42,09:46:42,6.56,-0.01,15,9840,买盘,2017-08-03,2017-08-03 09:46:42
09:46:45,09:46:45,6.57,0.01,107,70299,买盘,2017-08-03,2017-08-03 09:46:45
09:46:48,09:46:48,6.56,-0.01,65,42640,中性盘,2017-08-03,2017-08-03 09:46:48
09:46:51,09:46:51,6.55,-0.01,29,18995,卖盘,2017-08-03,2017-08-03 09:46:51
09:46:57,09:46:57,6.56,0.01,15,9840,买盘,2017-08-03,2017-08-03 09:46:57
09:47:00,09:47:00,6.55,-0.01,51,33405,卖盘,2017-08-03,2017-08-03 09:47:00
09:47:03,09:47:03,6.55,--,7,4585,卖盘,2017-08-03,2017-08-03 09:47:03
09:47:06,09:47:06,6.55,--,7,4585,卖盘,2017-08-03,2017-08-03 09:47:06
09:47:09,09:47:09,6.55,--,17,11135,卖盘,2017-08-03,2017-08-03 09:47:09
09:47:12,09:47:12,6.55,--,1,655,卖盘,2017-08-03,2017-08-03 09:47:12
09:47:18,09:47:18,6.55,--,30,19650,卖盘,2017-08-03,2017-08-03 09:47:18
09:47:24,09:47:24,6.55,--,1,655,卖盘,2017-08-03,2017-08-03 09:47:24
09:47:27,09:47:27,6.55,--,20,13100,卖盘,2017-08-03,2017-08-03 09:47:27
09:47:30,09:47:30,6.55,--,60,39300,卖盘,2017-08-03,2017-08-03 09:47:30
09:47:33,09:47:33,6.55,--,15,9825,卖盘,2017-08-03,2017-08-03 09:47:33
09:47:36,09:47:36,6.53,-0.02,140,91420,卖盘,2017-08-03,2017-08-03 09:47:36
09:47:39,09:47:39,6.55,0.02,90,58950,买盘,2017-08-03,2017-08-03 09:47:39
09:47:42,09:47:42,6.55,--,20,13100,卖盘,2017-08-03,2017-08-03 09:47:42
09:47:48,09:47:48,6.53,-0.02,264,172653,卖盘,2017-08-03,2017-08-03 09:47:48
09:47:51,09:47:51,6.53,--,15,9795,买盘,2017-08-03,2017-08-03 09:47:51
09:47:54,09:47:54,6.53,--,5,3265,买盘,2017-08-03,2017-08-03 09:47:54
09:47:57,09:47:57,6.53,--,10,6530,买盘,2017-08-03,2017-08-03 09:47:57
09:48:03,09:48:03,6.53,--,9,6268,买盘,2017-08-03,2017-08-03 09:48:03
09:48:09,09:48:09,6.53,--,50,32911,卖盘,2017-08-03,2017-08-03 09:48:09
09:48:12,09:48:12,6.52,-0.01,20,13040,卖盘,2017-08-03,2017-08-03 09:48:12
09:48:15,09:48:15,6.54,0.02,209,137078,买盘,2017-08-03,2017-08-03 09:48:15
09:48:18,09:48:18,6.54,--,10,6540,卖盘,2017-08-03,2017-08-03 09:48:18
09:48:21,09:48:21,6.54,--,36,23544,卖盘,2017-08-03,2017-08-03 09:48:21
09:48:24,09:48:24,6.55,0.01,69,45195,买盘,2017-08-03,2017-08-03 09:48:24
09:48:27,09:48:27,6.54,-0.01,10,6540,卖盘,2017-08-03,2017-08-03 09:48:27
09:48:30,09:48:30,6.54,--,38,24852,卖盘,2017-08-03,2017-08-03 09:48:30
09:48:36,09:48:36,6.53,-0.01,15,10056,卖盘,2017-08-03,2017-08-03 09:48:36
09:48:39,09:48:39,6.54,0.01,41,27206,买盘,2017-08-03,2017-08-03 09:48:39
09:48:42,09:48:42,6.54,--,14,9156,卖盘,2017-08-03,2017-08-03 09:48:42
09:48:45,09:48:45,6.54,--,20,13080,卖盘,2017-08-03,2017-08-03 09:48:45
09:48:48,09:48:48,6.54,--,32,21189,卖盘,2017-08-03,2017-08-03 09:48:48
09:48:51,09:48:51,6.53,-0.01,146,95338,卖盘,2017-08-03,2017-08-03 09:48:51
09:48:54,09:48:54,6.54,0.01,1,654,买盘,2017-08-03,2017-08-03 09:48:54
09:48:57,09:48:57,6.54,--,40,26160,买盘,2017-08-03,2017-08-03 09:48:57
09:49:00,09:49:00,6.54,--,48,31392,买盘,2017-08-03,2017-08-03 09:49:00
09:49:03,09:49:03,6.54,--,20,13080,买盘,2017-08-03,2017-08-03 09:49:03
09:49:06,09:49:06,6.53,-0.01,223,145619,卖盘,2017-08-03,2017-08-03 09:49:06
09:49:09,09:49:09,6.55,0.02,290,189950,买盘,2017-08-03,2017-08-03 09:49:09
09:49:12,09:49:12,6.53,-0.02,20,13060,卖盘,2017-08-03,2017-08-03 09:49:12
09:49:15,09:49:15,6.53,--,11,7183,卖盘,2017-08-03,2017-08-03 09:49:15
09:49:21,09:49:21,6.54,0.01,5,3270,卖盘,2017-08-03,2017-08-03 09:49:21
09:49:27,09:49:27,6.55,0.01,4,2620,买盘,2017-08-03,2017-08-03 09:49:27
09:49:30,09:49:30,6.55,--,1,655,买盘,2017-08-03,2017-08-03 09:49:30
09:49:39,09:49:39,6.55,--,15,10349,买盘,2017-08-03,2017-08-03 09:49:39
09:49:45,09:49:45,6.55,--,65,42575,卖盘,2017-08-03,2017-08-03 09:49:45
09:49:51,09:49:51,6.55,--,21,13755,卖盘,2017-08-03,2017-08-03 09:49:51
09:49:54,09:49:54,6.56,0.01,99,65206,买盘,2017-08-03,2017-08-03 09:49:54
09:50:00,09:50:00,6.55,-0.01,4,2620,卖盘,2017-08-03,2017-08-03 09:50:00
09:50:09,09:50:09,6.56,0.01,124,81868,买盘,2017-08-03,2017-08-03 09:50:09
09:50:12,09:50:12,6.56,--,7,4592,卖盘,2017-08-03,2017-08-03 09:50:12
09:50:18,09:50:18,6.57,0.01,1,657,买盘,2017-08-03,2017-08-03 09:50:18
09:50:27,09:50:27,6.57,--,9,5913,买盘,2017-08-03,2017-08-03 09:50:27
09:50:30,09:50:30,6.57,--,65,42705,买盘,2017-08-03,2017-08-03 09:50:30
09:50:33,09:50:33,6.57,--,30,19710,买盘,2017-08-03,2017-08-03 09:50:33
09:50:36,09:50:36,6.57,--,8,5256,买盘,2017-08-03,2017-08-03 09:50:36
09:50:39,09:50:39,6.57,--,10,6570,买盘,2017-08-03,2017-08-03 09:50:39
09:50:42,09:50:42,6.56,-0.01,23,15088,卖盘,2017-08-03,2017-08-03 09:50:42
09:50:45,09:50:45,6.57,0.01,30,19710,买盘,2017-08-03,2017-08-03 09:50:45
09:50:48,09:50:48,6.57,--,13,8541,买盘,2017-08-03,2017-08-03 09:50:48
09:50:54,09:50:54,6.57,--,22,14454,买盘,2017-08-03,2017-08-03 09:50:54
09:50:57,09:50:57,6.56,-0.01,25,16400,卖盘,2017-08-03,2017-08-03 09:50:57
09:51:00,09:51:00,6.57,0.01,40,26280,买盘,2017-08-03,2017-08-03 09:51:00
09:51:06,09:51:06,6.57,--,10,6570,买盘,2017-08-03,2017-08-03 09:51:06
09:51:09,09:51:09,6.56,-0.01,16,10496,卖盘,2017-08-03,2017-08-03 09:51:09
09:51:12,09:51:12,6.57,0.01,58,38106,买盘,2017-08-03,2017-08-03 09:51:12
09:51:15,09:51:15,6.56,-0.01,2,1312,卖盘,2017-08-03,2017-08-03 09:51:15
09:51:18,09:51:18,6.56,--,82,53805,卖盘,2017-08-03,2017-08-03 09:51:18
09:51:21,09:51:21,6.56,--,142,93270,卖盘,2017-08-03,2017-08-03 09:51:21
09:51:30,09:51:30,6.55,-0.01,71,46505,卖盘,2017-08-03,2017-08-03 09:51:30
09:51:33,09:51:33,6.55,--,335,219949,卖盘,2017-08-03,2017-08-03 09:51:33
09:51:36,09:51:36,6.55,--,3,1965,买盘,2017-08-03,2017-08-03 09:51:36
09:51:45,09:51:45,6.54,-0.01,321,209934,卖盘,2017-08-03,2017-08-03 09:51:45
09:52:03,09:52:03,6.53,-0.01,143,93379,卖盘,2017-08-03,2017-08-03 09:52:03
09:52:09,09:52:09,6.53,--,4,2612,卖盘,2017-08-03,2017-08-03 09:52:09
09:52:12,09:52:12,6.53,--,65,42445,卖盘,2017-08-03,2017-08-03 09:52:12
09:52:15,09:52:15,6.53,--,27,17826,买盘,2017-08-03,2017-08-03 09:52:15
09:52:18,09:52:18,6.53,--,71,46820,卖盘,2017-08-03,2017-08-03 09:52:18
09:52:24,09:52:24,6.52,-0.01,26,16952,卖盘,2017-08-03,2017-08-03 09:52:24
09:52:27,09:52:27,6.53,0.01,5,3265,买盘,2017-08-03,2017-08-03 09:52:27
09:52:33,09:52:33,6.54,0.01,56,36820,买盘,2017-08-03,2017-08-03 09:52:33
09:52:36,09:52:36,6.53,-0.01,11,7183,卖盘,2017-08-03,2017-08-03 09:52:36
09:52:42,09:52:42,6.53,--,112,73136,卖盘,2017-08-03,2017-08-03 09:52:42
09:52:51,09:52:51,6.54,0.01,5,3270,买盘,2017-08-03,2017-08-03 09:52:51
09:52:54,09:52:54,6.53,-0.01,10,6530,卖盘,2017-08-03,2017-08-03 09:52:54
09:53:00,09:53:00,6.53,--,50,32650,卖盘,2017-08-03,2017-08-03 09:53:00
09:53:09,09:53:09,6.53,--,34,22202,卖盘,2017-08-03,2017-08-03 09:53:09
09:53:12,09:53:12,6.54,0.01,2,1308,买盘,2017-08-03,2017-08-03 09:53:12
09:53:15,09:53:15,6.54,--,1,654,买盘,2017-08-03,2017-08-03 09:53:15
09:53:21,09:53:21,6.54,--,3,1962,买盘,2017-08-03,2017-08-03 09:53:21
09:53:24,09:53:24,6.53,-0.01,60,39180,卖盘,2017-08-03,2017-08-03 09:53:24
09:53:30,09:53:30,6.52,-0.01,584,380768,卖盘,2017-08-03,2017-08-03 09:53:30
09:53:36,09:53:36,6.54,0.02,147,96138,买盘,2017-08-03,2017-08-03 09:53:36
09:53:39,09:53:39,6.54,--,50,32961,卖盘,2017-08-03,2017-08-03 09:53:39
09:53:45,09:53:45,6.54,--,5,3270,卖盘,2017-08-03,2017-08-03 09:53:45
09:53:54,09:53:54,6.54,--,11,7194,卖盘,2017-08-03,2017-08-03 09:53:54
09:53:57,09:53:57,6.54,--,11,7586,卖盘,2017-08-03,2017-08-03 09:53:57
09:54:03,09:54:03,6.54,--,10,6540,买盘,2017-08-03,2017-08-03 09:54:03
09:54:12,09:54:12,6.53,-0.01,4,2612,卖盘,2017-08-03,2017-08-03 09:54:12
09:54:15,09:54:15,6.54,0.01,278,182073,买盘,2017-08-03,2017-08-03 09:54:15
09:54:21,09:54:21,6.53,-0.01,295,192635,卖盘,2017-08-03,2017-08-03 09:54:21
09:54:24,09:54:24,6.54,0.01,1,654,中性盘,2017-08-03,2017-08-03 09:54:24
09:54:30,09:54:30,6.54,--,42,27468,买盘,2017-08-03,2017-08-03 09:54:30
09:54:39,09:54:39,6.54,--,11,7194,买盘,2017-08-03,2017-08-03 09:54:39
09:54:51,09:54:51,6.53,-0.01,5,3265,卖盘,2017-08-03,2017-08-03 09:54:51
09:55:03,09:55:03,6.53,--,70,45710,卖盘,2017-08-03,2017-08-03 09:55:03
09:55:09,09:55:09,6.53,--,3,1959,卖盘,2017-08-03,2017-08-03 09:55:09
09:55:12,09:55:12,6.53,--,20,13060,卖盘,2017-08-03,2017-08-03 09:55:12
09:55:15,09:55:15,6.53,--,46,30429,卖盘,2017-08-03,2017-08-03 09:55:15
09:55:18,09:55:18,6.53,--,31,20243,买盘,2017-08-03,2017-08-03 09:55:18
09:55:21,09:55:21,6.52,-0.01,11,7171,卖盘,2017-08-03,2017-08-03 09:55:21
09:55:33,09:55:33,6.53,0.01,30,19590,买盘,2017-08-03,2017-08-03 09:55:33
09:55:42,09:55:42,6.52,-0.01,87,56723,卖盘,2017-08-03,2017-08-03 09:55:42
09:55:45,09:55:45,6.53,0.01,2,1306,买盘,2017-08-03,2017-08-03 09:55:45
09:55:48,09:55:48,6.53,--,3,1959,买盘,2017-08-03,2017-08-03 09:55:48
09:55:54,09:55:54,6.52,-0.01,22,14343,卖盘,2017-08-03,2017-08-03 09:55:54
09:56:00,09:56:00,6.53,0.01,2,1306,买盘,2017-08-03,2017-08-03 09:56:00
09:56:06,09:56:06,6.52,-0.01,28,18256,卖盘,2017-08-03,2017-08-03 09:56:06
09:56:09,09:56:09,6.52,--,8,5216,卖盘,2017-08-03,2017-08-03 09:56:09
09:56:12,09:56:12,6.53,0.01,100,65300,买盘,2017-08-03,2017-08-03 09:56:12
09:56:27,09:56:27,6.52,-0.01,28,18256,卖盘,2017-08-03,2017-08-03 09:56:27
09:56:36,09:56:36,6.53,0.01,300,195900,买盘,2017-08-03,2017-08-03 09:56:36
09:56:45,09:56:45,6.52,-0.01,38,24776,卖盘,2017-08-03,2017-08-03 09:56:45
09:56:57,09:56:57,6.52,--,197,128704,卖盘,2017-08-03,2017-08-03 09:56:57
09:57:21,09:57:21,6.52,--,1,652,卖盘,2017-08-03,2017-08-03 09:57:21
09:57:30,09:57:30,6.53,0.01,35,22855,买盘,2017-08-03,2017-08-03 09:57:30
09:57:33,09:57:33,6.53,--,100,65300,买盘,2017-08-03,2017-08-03 09:57:33
09:57:42,09:57:42,6.53,--,2,1306,买盘,2017-08-03,2017-08-03 09:57:42
09:57:45,09:57:45,6.53,--,6,3918,买盘,2017-08-03,2017-08-03 09:57:45
09:57:48,09:57:48,6.53,--,5,3265,买盘,2017-08-03,2017-08-03 09:57:48
09:57:54,09:57:54,6.52,-0.01,167,108884,卖盘,2017-08-03,2017-08-03 09:57:54
09:58:00,09:58:00,6.53,0.01,84,54852,买盘,2017-08-03,2017-08-03 09:58:00
09:58:06,09:58:06,6.53,--,6,3918,买盘,2017-08-03,2017-08-03 09:58:06
09:58:09,09:58:09,6.53,--,20,13060,买盘,2017-08-03,2017-08-03 09:58:09
09:58:12,09:58:12,6.53,--,940,614015,买盘,2017-08-03,2017-08-03 09:58:12
09:58:18,09:58:18,6.52,-0.01,10,6520,中性盘,2017-08-03,2017-08-03 09:58:18
09:58:24,09:58:24,6.52,--,176,114751,买盘,2017-08-03,2017-08-03 09:58:24
09:58:27,09:58:27,6.52,--,14,9128,买盘,2017-08-03,2017-08-03 09:58:27
09:58:30,09:58:30,6.53,0.01,2,1306,买盘,2017-08-03,2017-08-03 09:58:30
09:58:33,09:58:33,6.52,-0.01,4,2608,卖盘,2017-08-03,2017-08-03 09:58:33
09:58:39,09:58:39,6.53,0.01,1,653,买盘,2017-08-03,2017-08-03 09:58:39
09:58:42,09:58:42,6.53,--,103,67846,买盘,2017-08-03,2017-08-03 09:58:42
09:58:48,09:58:48,6.53,--,11,7183,卖盘,2017-08-03,2017-08-03 09:58:48
09:59:03,09:59:03,6.54,0.01,233,152382,买盘,2017-08-03,2017-08-03 09:59:03
09:59:06,09:59:06,6.54,--,250,163500,买盘,2017-08-03,2017-08-03 09:59:06
09:59:09,09:59:09,6.54,--,10,6540,买盘,2017-08-03,2017-08-03 09:59:09
09:59:12,09:59:12,6.53,-0.01,30,19590,卖盘,2017-08-03,2017-08-03 09:59:12
09:59:15,09:59:15,6.54,0.01,55,35970,买盘,2017-08-03,2017-08-03 09:59:15
09:59:24,09:59:24,6.55,0.01,10,6550,买盘,2017-08-03,2017-08-03 09:59:24
09:59:30,09:59:30,6.54,-0.01,6,3924,卖盘,2017-08-03,2017-08-03 09:59:30
09:59:33,09:59:33,6.55,0.01,16,10480,买盘,2017-08-03,2017-08-03 09:59:33
09:59:36,09:59:36,6.55,--,10,6550,买盘,2017-08-03,2017-08-03 09:59:36
09:59:42,09:59:42,6.55,--,26,17030,买盘,2017-08-03,2017-08-03 09:59:42
09:59:45,09:59:45,6.55,--,7,4585,买盘,2017-08-03,2017-08-03 09:59:45
09:59:51,09:59:51,6.55,--,17,11135,买盘,2017-08-03,2017-08-03 09:59:51
10:00:03,10:00:03,6.55,--,46,30130,买盘,2017-08-03,2017-08-03 10:00:03
10:00:06,10:00:06,6.55,--,45,29475,买盘,2017-08-03,2017-08-03 10:00:06
10:00:21,10:00:21,6.56,0.01,332,217792,买盘,2017-08-03,2017-08-03 10:00:21
10:00:27,10:00:27,6.56,--,10,6560,买盘,2017-08-03,2017-08-03 10:00:27
10:00:30,10:00:30,6.55,-0.01,280,183400,卖盘,2017-08-03,2017-08-03 10:00:30
10:00:33,10:00:33,6.56,0.01,55,36080,买盘,2017-08-03,2017-08-03 10:00:33
10:00:36,10:00:36,6.56,--,386,253215,买盘,2017-08-03,2017-08-03 10:00:36
10:00:39,10:00:39,6.56,--,273,179088,买盘,2017-08-03,2017-08-03 10:00:39
10:00:42,10:00:42,6.56,--,23,15625,买盘,2017-08-03,2017-08-03 10:00:42
10:00:48,10:00:48,6.56,--,100,65600,卖盘,2017-08-03,2017-08-03 10:00:48
10:00:51,10:00:51,6.56,--,1,656,卖盘,2017-08-03,2017-08-03 10:00:51
10:00:54,10:00:54,6.56,--,41,26987,卖盘,2017-08-03,2017-08-03 10:00:54
10:01:00,10:01:00,6.58,0.02,1000,658000,买盘,2017-08-03,2017-08-03 10:01:00
10:01:06,10:01:06,6.56,-0.02,4,2624,卖盘,2017-08-03,2017-08-03 10:01:06
10:01:12,10:01:12,6.56,--,30,19680,卖盘,2017-08-03,2017-08-03 10:01:12
10:01:24,10:01:24,6.58,0.02,50,32900,买盘,2017-08-03,2017-08-03 10:01:24
10:01:33,10:01:33,6.58,--,16,10528,买盘,2017-08-03,2017-08-03 10:01:33
10:01:36,10:01:36,6.57,-0.01,9,5913,卖盘,2017-08-03,2017-08-03 10:01:36
10:01:39,10:01:39,6.58,0.01,10,6580,买盘,2017-08-03,2017-08-03 10:01:39
10:01:45,10:01:45,6.57,-0.01,205,134685,卖盘,2017-08-03,2017-08-03 10:01:45
10:01:48,10:01:48,6.58,0.01,68,44744,买盘,2017-08-03,2017-08-03 10:01:48
10:01:51,10:01:51,6.57,-0.01,4,2628,卖盘,2017-08-03,2017-08-03 10:01:51
10:01:54,10:01:54,6.58,0.01,150,98700,买盘,2017-08-03,2017-08-03 10:01:54
10:01:57,10:01:57,6.58,--,100,65800,买盘,2017-08-03,2017-08-03 10:01:57
10:02:00,10:02:00,6.57,-0.01,12,8146,卖盘,2017-08-03,2017-08-03 10:02:00
10:02:15,10:02:15,6.58,0.01,120,78960,买盘,2017-08-03,2017-08-03 10:02:15
10:02:24,10:02:24,6.58,--,20,13160,买盘,2017-08-03,2017-08-03 10:02:24
10:02:27,10:02:27,6.58,--,5,3290,买盘,2017-08-03,2017-08-03 10:02:27
10:02:33,10:02:33,6.58,--,20,13160,买盘,2017-08-03,2017-08-03 10:02:33
10:02:36,10:02:36,6.58,--,55,36190,买盘,2017-08-03,2017-08-03 10:02:36
10:02:45,10:02:45,6.58,--,103,67774,买盘,2017-08-03,2017-08-03 10:02:45
10:02:48,10:02:48,6.58,--,26,17108,买盘,2017-08-03,2017-08-03 10:02:48
10:02:51,10:02:51,6.57,-0.01,10,6570,卖盘,2017-08-03,2017-08-03 10:02:51
10:02:54,10:02:54,6.57,--,4,2628,卖盘,2017-08-03,2017-08-03 10:02:54
10:02:57,10:02:57,6.57,--,55,36135,卖盘,2017-08-03,2017-08-03 10:02:57
10:03:09,10:03:09,6.58,0.01,1,658,买盘,2017-08-03,2017-08-03 10:03:09
10:03:18,10:03:18,6.57,-0.01,50,32850,卖盘,2017-08-03,2017-08-03 10:03:18
10:03:21,10:03:21,6.57,--,17,11169,卖盘,2017-08-03,2017-08-03 10:03:21
10:03:24,10:03:24,6.57,--,30,19710,卖盘,2017-08-03,2017-08-03 10:03:24
10:03:27,10:03:27,6.57,--,5,3285,卖盘,2017-08-03,2017-08-03 10:03:27
10:03:30,10:03:30,6.58,0.01,25,16450,买盘,2017-08-03,2017-08-03 10:03:30
10:03:39,10:03:39,6.57,-0.01,10,6570,卖盘,2017-08-03,2017-08-03 10:03:39
10:03:42,10:03:42,6.58,0.01,1,658,买盘,2017-08-03,2017-08-03 10:03:42
10:03:51,10:03:51,6.57,-0.01,220,144540,卖盘,2017-08-03,2017-08-03 10:03:51
10:03:57,10:03:57,6.57,--,5,3285,卖盘,2017-08-03,2017-08-03 10:03:57
10:04:06,10:04:06,6.57,--,50,32850,卖盘,2017-08-03,2017-08-03 10:04:06
10:04:12,10:04:12,6.57,--,30,19710,卖盘,2017-08-03,2017-08-03 10:04:12
10:04:15,10:04:15,6.57,--,108,70956,卖盘,2017-08-03,2017-08-03 10:04:15
10:04:18,10:04:18,6.57,--,30,19710,卖盘,2017-08-03,2017-08-03 10:04:18
10:04:21,10:04:21,6.57,--,11,7227,卖盘,2017-08-03,2017-08-03 10:04:21
10:04:24,10:04:24,6.57,--,26,17476,卖盘,2017-08-03,2017-08-03 10:04:24
10:04:39,10:04:39,6.56,-0.01,5,3280,卖盘,2017-08-03,2017-08-03 10:04:39
10:04:48,10:04:48,6.56,--,500,328000,卖盘,2017-08-03,2017-08-03 10:04:48
10:05:00,10:05:00,6.56,--,240,157440,卖盘,2017-08-03,2017-08-03 10:05:00
10:05:06,10:05:06,6.57,0.01,153,100521,买盘,2017-08-03,2017-08-03 10:05:06
10:05:09,10:05:09,6.56,-0.01,80,52480,卖盘,2017-08-03,2017-08-03 10:05:09
10:05:12,10:05:12,6.56,--,51,33456,卖盘,2017-08-03,2017-08-03 10:05:12
10:05:18,10:05:18,6.56,--,19,12490,卖盘,2017-08-03,2017-08-03 10:05:18
10:05:24,10:05:24,6.56,--,4,2624,买盘,2017-08-03,2017-08-03 10:05:24
10:05:36,10:05:36,6.56,--,1,656,买盘,2017-08-03,2017-08-03 10:05:36
10:05:42,10:05:42,6.55,-0.01,1,655,卖盘,2017-08-03,2017-08-03 10:05:42
10:05:45,10:05:45,6.56,0.01,311,204016,买盘,2017-08-03,2017-08-03 10:05:45
10:05:54,10:05:54,6.55,-0.01,1,655,卖盘,2017-08-03,2017-08-03 10:05:54
10:06:00,10:06:00,6.56,0.01,17,11781,买盘,2017-08-03,2017-08-03 10:06:00
10:06:03,10:06:03,6.56,--,12,7871,卖盘,2017-08-03,2017-08-03 10:06:03
10:06:09,10:06:09,6.56,--,4,2624,卖盘,2017-08-03,2017-08-03 10:06:09
10:06:12,10:06:12,6.57,0.01,100,65700,买盘,2017-08-03,2017-08-03 10:06:12
10:06:15,10:06:15,6.56,-0.01,6,3962,卖盘,2017-08-03,2017-08-03 10:06:15
10:06:24,10:06:24,6.56,--,24,15743,买盘,2017-08-03,2017-08-03 10:06:24
10:06:27,10:06:27,6.56,--,7,5221,买盘,2017-08-03,2017-08-03 10:06:27
10:06:42,10:06:42,6.55,-0.01,149,97595,卖盘,2017-08-03,2017-08-03 10:06:42
10:07:06,10:07:06,6.57,0.02,50,32850,买盘,2017-08-03,2017-08-03 10:07:06
10:07:12,10:07:12,6.56,-0.01,8,5248,卖盘,2017-08-03,2017-08-03 10:07:12
10:07:21,10:07:21,6.56,--,40,26240,卖盘,2017-08-03,2017-08-03 10:07:21
10:07:27,10:07:27,6.57,0.01,1,657,买盘,2017-08-03,2017-08-03 10:07:27
10:07:30,10:07:30,6.56,-0.01,251,164656,卖盘,2017-08-03,2017-08-03 10:07:30
10:07:39,10:07:39,6.56,--,5,3280,卖盘,2017-08-03,2017-08-03 10:07:39
10:07:42,10:07:42,6.57,0.01,1,657,买盘,2017-08-03,2017-08-03 10:07:42
10:07:51,10:07:51,6.57,--,1,657,买盘,2017-08-03,2017-08-03 10:07:51
10:07:57,10:07:57,6.57,--,31,20367,买盘,2017-08-03,2017-08-03 10:07:57
10:08:12,10:08:12,6.56,-0.01,39,25584,卖盘,2017-08-03,2017-08-03 10:08:12
10:08:15,10:08:15,6.57,0.01,20,13140,买盘,2017-08-03,2017-08-03 10:08:15
10:08:21,10:08:21,6.56,-0.01,4,2624,卖盘,2017-08-03,2017-08-03 10:08:21
10:08:42,10:08:42,6.56,--,5,3280,卖盘,2017-08-03,2017-08-03 10:08:42
10:08:51,10:08:51,6.56,--,40,26240,卖盘,2017-08-03,2017-08-03 10:08:51
10:09:12,10:09:12,6.56,--,30,19680,买盘,2017-08-03,2017-08-03 10:09:12
10:09:15,10:09:15,6.56,--,1,656,买盘,2017-08-03,2017-08-03 10:09:15
10:09:24,10:09:24,6.56,--,100,65600,买盘,2017-08-03,2017-08-03 10:09:24
10:09:27,10:09:27,6.55,-0.01,4,2620,卖盘,2017-08-03,2017-08-03 10:09:27
10:09:39,10:09:39,6.55,--,159,104145,卖盘,2017-08-03,2017-08-03 10:09:39
10:09:42,10:09:42,6.55,--,1,655,卖盘,2017-08-03,2017-08-03 10:09:42
10:09:45,10:09:45,6.56,0.01,25,16400,买盘,2017-08-03,2017-08-03 10:09:45
10:09:57,10:09:57,6.56,--,5,3280,买盘,2017-08-03,2017-08-03 10:09:57
10:10:06,10:10:06,6.56,--,10,6560,买盘,2017-08-03,2017-08-03 10:10:06
10:10:12,10:10:12,6.56,--,32,20992,买盘,2017-08-03,2017-08-03 10:10:12
10:10:15,10:10:15,6.56,--,2,1312,买盘,2017-08-03,2017-08-03 10:10:15
10:10:27,10:10:27,6.55,-0.01,4,2620,卖盘,2017-08-03,2017-08-03 10:10:27
10:10:30,10:10:30,6.56,0.01,100,65600,买盘,2017-08-03,2017-08-03 10:10:30
10:10:33,10:10:33,6.55,-0.01,100,65500,卖盘,2017-08-03,2017-08-03 10:10:33
10:10:39,10:10:39,6.56,0.01,34,22304,买盘,2017-08-03,2017-08-03 10:10:39
10:10:42,10:10:42,6.55,-0.01,28,18340,卖盘,2017-08-03,2017-08-03 10:10:42
10:10:45,10:10:45,6.55,--,2,1310,卖盘,2017-08-03,2017-08-03 10:10:45
10:10:54,10:10:54,6.56,0.01,50,32800,买盘,2017-08-03,2017-08-03 10:10:54
10:11:03,10:11:03,6.56,--,6,3935,买盘,2017-08-03,2017-08-03 10:11:03
10:11:09,10:11:09,6.56,--,100,65600,买盘,2017-08-03,2017-08-03 10:11:09
10:11:18,10:11:18,6.55,-0.01,484,317020,卖盘,2017-08-03,2017-08-03 10:11:18
10:11:21,10:11:21,6.56,0.01,10,6560,买盘,2017-08-03,2017-08-03 10:11:21
10:11:27,10:11:27,6.55,-0.01,45,29501,卖盘,2017-08-03,2017-08-03 10:11:27
10:11:36,10:11:36,6.55,--,70,45850,买盘,2017-08-03,2017-08-03 10:11:36
10:11:39,10:11:39,6.54,-0.01,139,90906,卖盘,2017-08-03,2017-08-03 10:11:39
10:11:57,10:11:57,6.55,0.01,300,196500,买盘,2017-08-03,2017-08-03 10:11:57
10:12:00,10:12:00,6.55,--,65,43203,买盘,2017-08-03,2017-08-03 10:12:00
10:12:03,10:12:03,6.55,--,10,6550,卖盘,2017-08-03,2017-08-03 10:12:03
10:12:06,10:12:06,6.55,--,40,26200,卖盘,2017-08-03,2017-08-03 10:12:06
10:12:15,10:12:15,6.55,--,100,65500,卖盘,2017-08-03,2017-08-03 10:12:15
10:12:21,10:12:21,6.56,0.01,322,211232,买盘,2017-08-03,2017-08-03 10:12:21
10:12:27,10:12:27,6.56,--,280,183680,卖盘,2017-08-03,2017-08-03 10:12:27
10:12:39,10:12:39,6.56,--,4,2624,卖盘,2017-08-03,2017-08-03 10:12:39
10:12:42,10:12:42,6.57,0.01,100,65700,买盘,2017-08-03,2017-08-03 10:12:42
10:12:51,10:12:51,6.57,--,1,1051,买盘,2017-08-03,2017-08-03 10:12:51
10:13:03,10:13:03,6.57,--,10,6570,卖盘,2017-08-03,2017-08-03 10:13:03
10:13:15,10:13:15,6.58,0.01,262,172396,买盘,2017-08-03,2017-08-03 10:13:15
10:13:18,10:13:18,6.58,--,163,107254,买盘,2017-08-03,2017-08-03 10:13:18
10:13:33,10:13:33,6.58,--,2,1316,买盘,2017-08-03,2017-08-03 10:13:33
10:13:36,10:13:36,6.57,-0.01,20,13140,卖盘,2017-08-03,2017-08-03 10:13:36
10:13:45,10:13:45,6.57,--,10,6570,卖盘,2017-08-03,2017-08-03 10:13:45
10:13:48,10:13:48,6.57,--,76,49932,卖盘,2017-08-03,2017-08-03 10:13:48
10:13:54,10:13:54,6.58,0.01,10,6580,买盘,2017-08-03,2017-08-03 10:13:54
10:13:57,10:13:57,6.58,--,27,17766,买盘,2017-08-03,2017-08-03 10:13:57
10:14:03,10:14:03,6.58,--,2,1316,买盘,2017-08-03,2017-08-03 10:14:03
10:14:12,10:14:12,6.58,--,102,67116,买盘,2017-08-03,2017-08-03 10:14:12
10:14:15,10:14:15,6.57,-0.01,184,120888,卖盘,2017-08-03,2017-08-03 10:14:15
10:14:21,10:14:21,6.58,0.01,5,3290,买盘,2017-08-03,2017-08-03 10:14:21
10:14:24,10:14:24,6.57,-0.01,1,657,卖盘,2017-08-03,2017-08-03 10:14:24
10:14:33,10:14:33,6.57,--,36,23914,卖盘,2017-08-03,2017-08-03 10:14:33
10:14:39,10:14:39,6.57,--,8,5256,买盘,2017-08-03,2017-08-03 10:14:39
10:14:45,10:14:45,6.57,--,1,657,买盘,2017-08-03,2017-08-03 10:14:45
10:14:51,10:14:51,6.56,-0.01,4,2624,卖盘,2017-08-03,2017-08-03 10:14:51
10:14:57,10:14:57,6.56,--,70,45920,卖盘,2017-08-03,2017-08-03 10:14:57
10:15:06,10:15:06,6.57,0.01,1,657,买盘,2017-08-03,2017-08-03 10:15:06
10:15:09,10:15:09,6.57,--,1,657,买盘,2017-08-03,2017-08-03 10:15:09
10:15:21,10:15:21,6.56,-0.01,4,2624,卖盘,2017-08-03,2017-08-03 10:15:21
10:15:24,10:15:24,6.57,0.01,33,21681,买盘,2017-08-03,2017-08-03 10:15:24
10:15:30,10:15:30,6.57,--,35,22995,买盘,2017-08-03,2017-08-03 10:15:30
10:15:36,10:15:36,6.58,0.01,103,67774,买盘,2017-08-03,2017-08-03 10:15:36
10:15:42,10:15:42,6.57,-0.01,5,3285,中性盘,2017-08-03,2017-08-03 10:15:42
10:15:51,10:15:51,6.57,--,3,1971,买盘,2017-08-03,2017-08-03 10:15:51
10:15:57,10:15:57,6.57,--,46,30222,买盘,2017-08-03,2017-08-03 10:15:57
10:16:06,10:16:06,6.58,0.01,342,225430,买盘,2017-08-03,2017-08-03 10:16:06
10:16:09,10:16:09,6.59,0.01,100,65900,买盘,2017-08-03,2017-08-03 10:16:09
10:16:18,10:16:18,6.59,--,129,85011,买盘,2017-08-03,2017-08-03 10:16:18
10:16:21,10:16:21,6.59,--,23,15157,买盘,2017-08-03,2017-08-03 10:16:21
10:16:30,10:16:30,6.59,--,5,3295,买盘,2017-08-03,2017-08-03 10:16:30
10:16:33,10:16:33,6.59,--,839,552980,买盘,2017-08-03,2017-08-03 10:16:33
10:16:36,10:16:36,6.59,--,5,3295,卖盘,2017-08-03,2017-08-03 10:16:36
10:16:48,10:16:48,6.6,0.01,386,254760,买盘,2017-08-03,2017-08-03 10:16:48
10:16:51,10:16:51,6.6,--,50,33000,买盘,2017-08-03,2017-08-03 10:16:51
10:16:54,10:16:54,6.6,--,148,97680,买盘,2017-08-03,2017-08-03 10:16:54
10:16:57,10:16:57,6.6,--,83,54780,买盘,2017-08-03,2017-08-03 10:16:57
10:17:00,10:17:00,6.6,--,60,39600,买盘,2017-08-03,2017-08-03 10:17:00
10:17:03,10:17:03,6.6,--,127,83820,买盘,2017-08-03,2017-08-03 10:17:03
10:17:06,10:17:06,6.6,--,244,161040,买盘,2017-08-03,2017-08-03 10:17:06
10:17:09,10:17:09,6.59,-0.01,55,36245,卖盘,2017-08-03,2017-08-03 10:17:09
10:17:15,10:17:15,6.6,0.01,30,19800,买盘,2017-08-03,2017-08-03 10:17:15
10:17:24,10:17:24,6.6,--,56,36960,买盘,2017-08-03,2017-08-03 10:17:24
10:17:27,10:17:27,6.6,--,102,67320,买盘,2017-08-03,2017-08-03 10:17:27
10:17:30,10:17:30,6.6,--,17,11220,买盘,2017-08-03,2017-08-03 10:17:30
10:17:36,10:17:36,6.59,-0.01,81,53379,卖盘,2017-08-03,2017-08-03 10:17:36
10:17:42,10:17:42,6.6,0.01,36,23760,买盘,2017-08-03,2017-08-03 10:17:42
10:17:45,10:17:45,6.59,-0.01,5,3295,卖盘,2017-08-03,2017-08-03 10:17:45
10:17:51,10:17:51,6.6,0.01,5,3300,买盘,2017-08-03,2017-08-03 10:17:51
10:17:57,10:17:57,6.6,--,60,39600,买盘,2017-08-03,2017-08-03 10:17:57
10:18:00,10:18:00,6.6,--,78,51480,买盘,2017-08-03,2017-08-03 10:18:00
10:18:03,10:18:03,6.59,-0.01,4,2636,卖盘,2017-08-03,2017-08-03 10:18:03
10:18:06,10:18:06,6.59,--,26,17134,卖盘,2017-08-03,2017-08-03 10:18:06
10:18:09,10:18:09,6.6,0.01,1,660,买盘,2017-08-03,2017-08-03 10:18:09
10:18:15,10:18:15,6.59,-0.01,60,39540,卖盘,2017-08-03,2017-08-03 10:18:15
10:18:21,10:18:21,6.59,--,100,65900,卖盘,2017-08-03,2017-08-03 10:18:21
10:18:24,10:18:24,6.59,--,10,6590,卖盘,2017-08-03,2017-08-03 10:18:24
10:18:27,10:18:27,6.59,--,245,161455,卖盘,2017-08-03,2017-08-03 10:18:27
10:18:33,10:18:33,6.59,--,100,65900,卖盘,2017-08-03,2017-08-03 10:18:33
10:18:36,10:18:36,6.59,--,55,36245,卖盘,2017-08-03,2017-08-03 10:18:36
10:18:39,10:18:39,6.59,--,24,15816,卖盘,2017-08-03,2017-08-03 10:18:39
10:18:42,10:18:42,6.59,--,23,15736,卖盘,2017-08-03,2017-08-03 10:18:42
10:18:45,10:18:45,6.59,--,5,3295,买盘,2017-08-03,2017-08-03 10:18:45
10:18:54,10:18:54,6.59,--,2,1318,买盘,2017-08-03,2017-08-03 10:18:54
10:19:00,10:19:00,6.59,--,3,1977,买盘,2017-08-03,2017-08-03 10:19:00
10:19:03,10:19:03,6.59,--,1,659,买盘,2017-08-03,2017-08-03 10:19:03
10:19:06,10:19:06,6.59,--,14,9226,买盘,2017-08-03,2017-08-03 10:19:06
10:19:15,10:19:15,6.57,-0.02,4,2628,卖盘,2017-08-03,2017-08-03 10:19:15
10:19:27,10:19:27,6.59,0.02,5,3295,买盘,2017-08-03,2017-08-03 10:19:27
10:19:33,10:19:33,6.59,--,5,3295,买盘,2017-08-03,2017-08-03 10:19:33
10:19:36,10:19:36,6.59,--,30,19770,买盘,2017-08-03,2017-08-03 10:19:36
10:19:45,10:19:45,6.57,-0.02,60,39420,卖盘,2017-08-03,2017-08-03 10:19:45
10:19:48,10:19:48,6.59,0.02,1,659,买盘,2017-08-03,2017-08-03 10:19:48
10:20:03,10:20:03,6.59,--,300,197700,买盘,2017-08-03,2017-08-03 10:20:03
10:20:15,10:20:15,6.59,--,31,20429,买盘,2017-08-03,2017-08-03 10:20:15
10:20:27,10:20:27,6.58,-0.01,6,3948,中性盘,2017-08-03,2017-08-03 10:20:27
10:20:39,10:20:39,6.59,0.01,54,35586,买盘,2017-08-03,2017-08-03 10:20:39
10:20:45,10:20:45,6.58,-0.01,81,53298,卖盘,2017-08-03,2017-08-03 10:20:45
10:20:57,10:20:57,6.58,--,11,7238,买盘,2017-08-03,2017-08-03 10:20:57
10:21:03,10:21:03,6.58,--,68,44744,买盘,2017-08-03,2017-08-03 10:21:03
10:21:09,10:21:09,6.58,--,10,6580,卖盘,2017-08-03,2017-08-03 10:21:09
10:21:12,10:21:12,6.58,--,40,26320,卖盘,2017-08-03,2017-08-03 10:21:12
10:21:18,10:21:18,6.58,--,4,2632,卖盘,2017-08-03,2017-08-03 10:21:18
10:21:21,10:21:21,6.58,--,20,13160,卖盘,2017-08-03,2017-08-03 10:21:21
10:21:30,10:21:30,6.59,0.01,11,7249,买盘,2017-08-03,2017-08-03 10:21:30
10:21:36,10:21:36,6.58,-0.01,100,65800,卖盘,2017-08-03,2017-08-03 10:21:36
10:21:39,10:21:39,6.58,--,10,6580,卖盘,2017-08-03,2017-08-03 10:21:39
10:21:45,10:21:45,6.59,0.01,36,23724,买盘,2017-08-03,2017-08-03 10:21:45
10:21:48,10:21:48,6.58,-0.01,121,79618,卖盘,2017-08-03,2017-08-03 10:21:48
10:21:54,10:21:54,6.58,--,29,19082,买盘,2017-08-03,2017-08-03 10:21:54
10:22:03,10:22:03,6.58,--,25,16450,卖盘,2017-08-03,2017-08-03 10:22:03
10:22:06,10:22:06,6.58,--,23,15134,卖盘,2017-08-03,2017-08-03 10:22:06
10:22:15,10:22:15,6.57,-0.01,10,6570,卖盘,2017-08-03,2017-08-03 10:22:15
10:22:27,10:22:27,6.57,--,4,2628,卖盘,2017-08-03,2017-08-03 10:22:27
10:22:33,10:22:33,6.57,--,150,98550,卖盘,2017-08-03,2017-08-03 10:22:33
10:22:36,10:22:36,6.58,0.01,30,19740,买盘,2017-08-03,2017-08-03 10:22:36
10:22:39,10:22:39,6.57,-0.01,150,98550,卖盘,2017-08-03,2017-08-03 10:22:39
10:22:45,10:22:45,6.57,--,40,26280,卖盘,2017-08-03,2017-08-03 10:22:45
10:22:48,10:22:48,6.57,--,27,17739,卖盘,2017-08-03,2017-08-03 10:22:48
10:22:57,10:22:57,6.57,--,12,7884,买盘,2017-08-03,2017-08-03 10:22:57
10:23:06,10:23:06,6.57,--,2,1314,买盘,2017-08-03,2017-08-03 10:23:06
10:23:12,10:23:12,6.56,-0.01,34,22304,卖盘,2017-08-03,2017-08-03 10:23:12
10:23:21,10:23:21,6.57,0.01,9,5913,买盘,2017-08-03,2017-08-03 10:23:21
10:23:27,10:23:27,6.57,--,42,28067,卖盘,2017-08-03,2017-08-03 10:23:27
10:23:30,10:23:30,6.57,--,4,2628,卖盘,2017-08-03,2017-08-03 10:23:30
10:23:36,10:23:36,6.57,--,90,59130,卖盘,2017-08-03,2017-08-03 10:23:36
10:23:51,10:23:51,6.57,--,5,3285,卖盘,2017-08-03,2017-08-03 10:23:51
10:23:54,10:23:54,6.58,0.01,50,32900,买盘,2017-08-03,2017-08-03 10:23:54
10:24:18,10:24:18,6.57,-0.01,156,102492,卖盘,2017-08-03,2017-08-03 10:24:18
10:24:24,10:24:24,6.58,0.01,41,26978,买盘,2017-08-03,2017-08-03 10:24:24
10:24:33,10:24:33,6.57,-0.01,14,9198,卖盘,2017-08-03,2017-08-03 10:24:33
10:24:48,10:24:48,6.58,0.01,36,23688,买盘,2017-08-03,2017-08-03 10:24:48
10:24:54,10:24:54,6.57,-0.01,2,1314,卖盘,2017-08-03,2017-08-03 10:24:54
10:24:57,10:24:57,6.57,--,37,24309,卖盘,2017-08-03,2017-08-03 10:24:57
10:25:00,10:25:00,6.58,0.01,2,1316,买盘,2017-08-03,2017-08-03 10:25:00
10:25:03,10:25:03,6.57,-0.01,84,55371,卖盘,2017-08-03,2017-08-03 10:25:03
10:25:18,10:25:18,6.57,--,1,657,买盘,2017-08-03,2017-08-03 10:25:18
10:25:27,10:25:27,6.57,--,50,32850,买盘,2017-08-03,2017-08-03 10:25:27
10:25:30,10:25:30,6.56,-0.01,100,65600,卖盘,2017-08-03,2017-08-03 10:25:30
10:25:33,10:25:33,6.56,--,15,9840,卖盘,2017-08-03,2017-08-03 10:25:33
10:25:45,10:25:45,6.57,0.01,7,4599,买盘,2017-08-03,2017-08-03 10:25:45
10:25:48,10:25:48,6.56,-0.01,30,19680,卖盘,2017-08-03,2017-08-03 10:25:48
10:26:00,10:26:00,6.57,0.01,20,13140,买盘,2017-08-03,2017-08-03 10:26:00
10:26:06,10:26:06,6.57,--,1,657,买盘,2017-08-03,2017-08-03 10:26:06
10:26:36,10:26:36,6.57,--,150,98550,买盘,2017-08-03,2017-08-03 10:26:36
10:26:42,10:26:42,6.56,-0.01,30,19680,卖盘,2017-08-03,2017-08-03 10:26:42
10:26:45,10:26:45,6.57,0.01,50,32850,买盘,2017-08-03,2017-08-03 10:26:45
10:26:48,10:26:48,6.56,-0.01,218,143008,卖盘,2017-08-03,2017-08-03 10:26:48
10:26:51,10:26:51,6.57,0.01,32,21024,买盘,2017-08-03,2017-08-03 10:26:51
10:27:15,10:27:15,6.57,--,100,65700,买盘,2017-08-03,2017-08-03 10:27:15
10:27:27,10:27:27,6.57,--,122,80154,买盘,2017-08-03,2017-08-03 10:27:27
10:27:30,10:27:30,6.56,-0.01,55,36080,卖盘,2017-08-03,2017-08-03 10:27:30
10:27:36,10:27:36,6.57,0.01,236,155052,买盘,2017-08-03,2017-08-03 10:27:36
10:27:51,10:27:51,6.56,-0.01,4,2624,卖盘,2017-08-03,2017-08-03 10:27:51
10:27:57,10:27:57,6.56,--,18,11808,卖盘,2017-08-03,2017-08-03 10:27:57
10:28:15,10:28:15,6.57,0.01,1,657,买盘,2017-08-03,2017-08-03 10:28:15
10:28:24,10:28:24,6.56,-0.01,243,159408,卖盘,2017-08-03,2017-08-03 10:28:24
10:28:51,10:28:51,6.56,--,12,8396,买盘,2017-08-03,2017-08-03 10:28:51
10:28:57,10:28:57,6.56,--,4,2624,卖盘,2017-08-03,2017-08-03 10:28:57
10:29:12,10:29:12,6.56,--,25,16531,卖盘,2017-08-03,2017-08-03 10:29:12
10:29:24,10:29:24,6.56,--,5,3280,买盘,2017-08-03,2017-08-03 10:29:24
10:29:36,10:29:36,6.57,0.01,40,26280,买盘,2017-08-03,2017-08-03 10:29:36
10:29:45,10:29:45,6.57,--,99,65043,买盘,2017-08-03,2017-08-03 10:29:45
10:29:54,10:29:54,6.55,-0.02,5,3275,卖盘,2017-08-03,2017-08-03 10:29:54
10:29:57,10:29:57,6.55,--,4,2620,卖盘,2017-08-03,2017-08-03 10:29:57
10:30:00,10:30:00,6.57,0.02,12,7884,买盘,2017-08-03,2017-08-03 10:30:00
10:30:06,10:30:06,6.57,--,1,657,买盘,2017-08-03,2017-08-03 10:30:06
10:30:12,10:30:12,6.55,-0.02,27,17685,卖盘,2017-08-03,2017-08-03 10:30:12
10:30:27,10:30:27,6.57,0.02,101,66357,买盘,2017-08-03,2017-08-03 10:30:27
10:30:42,10:30:42,6.57,--,24,15768,买盘,2017-08-03,2017-08-03 10:30:42
10:30:51,10:30:51,6.57,--,31,20367,买盘,2017-08-03,2017-08-03 10:30:51
10:30:57,10:30:57,6.56,-0.01,20,13120,卖盘,2017-08-03,2017-08-03 10:30:57
10:31:00,10:31:00,6.56,--,6,3935,卖盘,2017-08-03,2017-08-03 10:31:00
10:31:06,10:31:06,6.57,0.01,132,86724,买盘,2017-08-03,2017-08-03 10:31:06
10:31:09,10:31:09,6.56,-0.01,6,3935,卖盘,2017-08-03,2017-08-03 10:31:09
10:31:12,10:31:12,6.57,0.01,1,657,买盘,2017-08-03,2017-08-03 10:31:12
10:31:18,10:31:18,6.56,-0.01,2,1312,卖盘,2017-08-03,2017-08-03 10:31:18
10:31:21,10:31:21,6.57,0.01,40,26280,买盘,2017-08-03,2017-08-03 10:31:21
10:31:24,10:31:24,6.58,0.01,1000,658000,买盘,2017-08-03,2017-08-03 10:31:24
10:31:27,10:31:27,6.58,--,11,7238,买盘,2017-08-03,2017-08-03 10:31:27
10:31:30,10:31:30,6.58,--,1,658,买盘,2017-08-03,2017-08-03 10:31:30
10:31:39,10:31:39,6.58,--,47,30926,买盘,2017-08-03,2017-08-03 10:31:39
10:31:42,10:31:42,6.58,--,82,53956,买盘,2017-08-03,2017-08-03 10:31:42
10:31:45,10:31:45,6.6,0.02,1008,665623,买盘,2017-08-03,2017-08-03 10:31:45
10:32:00,10:32:00,6.62,0.02,5274,3491977,买盘,2017-08-03,2017-08-03 10:32:00
10:32:06,10:32:06,6.62,--,20,13240,卖盘,2017-08-03,2017-08-03 10:32:06
10:32:12,10:32:12,6.64,0.02,1193,792152,买盘,2017-08-03,2017-08-03 10:32:12
10:32:15,10:32:15,6.64,--,271,179944,买盘,2017-08-03,2017-08-03 10:32:15
10:32:18,10:32:18,6.65,0.01,722,480130,买盘,2017-08-03,2017-08-03 10:32:18
10:32:21,10:32:21,6.65,--,866,575890,买盘,2017-08-03,2017-08-03 10:32:21
10:32:24,10:32:24,6.66,0.01,4324,2879917,买盘,2017-08-03,2017-08-03 10:32:24
10:32:27,10:32:27,6.68,0.02,1237,826316,买盘,2017-08-03,2017-08-03 10:32:27
10:32:30,10:32:30,6.68,--,30,20040,买盘,2017-08-03,2017-08-03 10:32:30
10:32:33,10:32:33,6.68,--,300,200400,买盘,2017-08-03,2017-08-03 10:32:33
10:32:36,10:32:36,6.68,--,307,205076,买盘,2017-08-03,2017-08-03 10:32:36
10:32:39,10:32:39,6.77,0.09,6760,4577007,买盘,2017-08-03,2017-08-03 10:32:39
10:32:42,10:32:42,6.77,--,399,270123,卖盘,2017-08-03,2017-08-03 10:32:42
10:32:45,10:32:45,6.78,0.01,14,9492,买盘,2017-08-03,2017-08-03 10:32:45
10:32:48,10:32:48,6.78,--,162,109836,买盘,2017-08-03,2017-08-03 10:32:48
10:32:51,10:32:51,6.8,0.02,962,654160,买盘,2017-08-03,2017-08-03 10:32:51
10:32:54,10:32:54,6.8,--,500,340000,买盘,2017-08-03,2017-08-03 10:32:54
10:32:57,10:32:57,6.81,0.01,971,661251,买盘,2017-08-03,2017-08-03 10:32:57
10:33:00,10:33:00,6.88,0.07,1598,1099424,买盘,2017-08-03,2017-08-03 10:33:00
10:33:03,10:33:03,6.9,0.02,2265,1562988,买盘,2017-08-03,2017-08-03 10:33:03
10:33:06,10:33:06,6.9,--,3837,2647530,卖盘,2017-08-03,2017-08-03 10:33:06
10:33:09,10:33:09,7.0,0.1,6217,4352089,卖盘,2017-08-03,2017-08-03 10:33:09
10:33:12,10:33:12,7.0,--,832,582400,卖盘,2017-08-03,2017-08-03 10:33:12
10:33:15,10:33:15,7.0,--,931,652260,卖盘,2017-08-03,2017-08-03 10:33:15
10:33:18,10:33:18,7.0,--,296,207200,卖盘,2017-08-03,2017-08-03 10:33:18
10:33:21,10:33:21,7.0,--,228,159600,卖盘,2017-08-03,2017-08-03 10:33:21
10:33:24,10:33:24,7.0,--,945,661640,卖盘,2017-08-03,2017-08-03 10:33:24
10:33:27,10:33:27,7.0,--,142,99680,卖盘,2017-08-03,2017-08-03 10:33:27
10:33:30,10:33:30,7.0,--,895,626780,卖盘,2017-08-03,2017-08-03 10:33:30
10:33:33,10:33:33,7.0,--,945,662060,卖盘,2017-08-03,2017-08-03 10:33:33
10:33:36,10:33:36,7.0,--,922,645400,卖盘,2017-08-03,2017-08-03 10:33:36
10:33:39,10:33:39,7.0,--,200,140000,卖盘,2017-08-03,2017-08-03 10:33:39
10:33:42,10:33:42,7.0,--,1322,925400,卖盘,2017-08-03,2017-08-03 10:33:42
10:33:45,10:33:45,7.0,--,263,184100,卖盘,2017-08-03,2017-08-03 10:33:45
10:33:48,10:33:48,7.0,--,863,604100,卖盘,2017-08-03,2017-08-03 10:33:48
10:33:51,10:33:51,7.0,--,238,166600,卖盘,2017-08-03,2017-08-03 10:33:51
10:33:54,10:33:54,7.0,--,819,573720,卖盘,2017-08-03,2017-08-03 10:33:54
10:33:57,10:33:57,7.0,--,264,184800,卖盘,2017-08-03,2017-08-03 10:33:57
10:34:00,10:34:00,7.0,--,133,93240,卖盘,2017-08-03,2017-08-03 10:34:00
10:34:03,10:34:03,7.0,--,111,78120,卖盘,2017-08-03,2017-08-03 10:34:03
10:34:06,10:34:06,7.0,--,162,113400,卖盘,2017-08-03,2017-08-03 10:34:06
10:34:09,10:34:09,7.0,--,746,522200,卖盘,2017-08-03,2017-08-03 10:34:09
10:34:12,10:34:12,7.0,--,528,370132,卖盘,2017-08-03,2017-08-03 10:34:12
10:34:15,10:34:15,7.0,--,145,101500,卖盘,2017-08-03,2017-08-03 10:34:15
10:34:18,10:34:18,7.0,--,431,301700,卖盘,2017-08-03,2017-08-03 10:34:18
10:34:21,10:34:21,7.0,--,452,316820,卖盘,2017-08-03,2017-08-03 10:34:21
10:34:24,10:34:24,7.0,--,105,73920,卖盘,2017-08-03,2017-08-03 10:34:24
10:34:27,10:34:27,7.0,--,143,100100,卖盘,2017-08-03,2017-08-03 10:34:27
10:34:30,10:34:30,7.0,--,267,186900,卖盘,2017-08-03,2017-08-03 10:34:30
10:34:33,10:34:33,7.0,--,322,225680,卖盘,2017-08-03,2017-08-03 10:34:33
10:34:36,10:34:36,7.0,--,243,170100,卖盘,2017-08-03,2017-08-03 10:34:36
10:34:39,10:34:39,7.0,--,2010,1407000,卖盘,2017-08-03,2017-08-03 10:34:39
10:34:42,10:34:42,7.0,--,248,174160,卖盘,2017-08-03,2017-08-03 10:34:42
10:34:45,10:34:45,7.0,--,110,77000,卖盘,2017-08-03,2017-08-03 10:34:45
10:34:48,10:34:48,7.0,--,97,67900,卖盘,2017-08-03,2017-08-03 10:34:48
10:34:51,10:34:51,7.0,--,125,87500,卖盘,2017-08-03,2017-08-03 10:34:51
10:34:54,10:34:54,7.0,--,84,58800,卖盘,2017-08-03,2017-08-03 10:34:54
10:34:57,10:34:57,7.0,--,113,79520,卖盘,2017-08-03,2017-08-03 10:34:57
10:35:00,10:35:00,7.0,--,426,298200,卖盘,2017-08-03,2017-08-03 10:35:00
10:35:03,10:35:03,7.0,--,113,79100,卖盘,2017-08-03,2017-08-03 10:35:03
10:35:06,10:35:06,7.0,--,314,219800,卖盘,2017-08-03,2017-08-03 10:35:06
10:35:09,10:35:09,7.0,--,33,23100,卖盘,2017-08-03,2017-08-03 10:35:09
10:35:12,10:35:12,7.0,--,1180,826280,卖盘,2017-08-03,2017-08-03 10:35:12
10:35:15,10:35:15,7.0,--,314,219800,卖盘,2017-08-03,2017-08-03 10:35:15
10:35:18,10:35:18,7.0,--,133,93100,卖盘,2017-08-03,2017-08-03 10:35:18
10:35:21,10:35:21,7.0,--,24,16800,卖盘,2017-08-03,2017-08-03 10:35:21
10:35:24,10:35:24,7.0,--,164,115360,卖盘,2017-08-03,2017-08-03 10:35:24
10:35:27,10:35:27,7.0,--,64,44800,卖盘,2017-08-03,2017-08-03 10:35:27
10:35:30,10:35:30,7.0,--,126,88340,卖盘,2017-08-03,2017-08-03 10:35:30
10:35:33,10:35:33,7.0,--,80,56140,卖盘,2017-08-03,2017-08-03 10:35:33
10:35:36,10:35:36,7.0,--,166,116200,卖盘,2017-08-03,2017-08-03 10:35:36
10:35:39,10:35:39,7.0,--,102,71680,卖盘,2017-08-03,2017-08-03 10:35:39
10:35:42,10:35:42,7.0,--,25,17500,卖盘,2017-08-03,2017-08-03 10:35:42
10:35:45,10:35:45,7.0,--,326,228620,卖盘,2017-08-03,2017-08-03 10:35:45
10:35:48,10:35:48,7.0,--,508,355880,卖盘,2017-08-03,2017-08-03 10:35:48
10:35:51,10:35:51,7.0,--,540,378000,卖盘,2017-08-03,2017-08-03 10:35:51
10:35:54,10:35:54,7.0,--,153,107100,卖盘,2017-08-03,2017-08-03 10:35:54
10:35:57,10:35:57,7.0,--,47,32900,卖盘,2017-08-03,2017-08-03 10:35:57
10:36:00,10:36:00,7.0,--,223,156100,卖盘,2017-08-03,2017-08-03 10:36:00
10:36:03,10:36:03,7.0,--,254,178360,卖盘,2017-08-03,2017-08-03 10:36:03
10:36:06,10:36:06,7.0,--,145,101500,卖盘,2017-08-03,2017-08-03 10:36:06
10:36:09,10:36:09,7.0,--,42,29820,卖盘,2017-08-03,2017-08-03 10:36:09
10:36:12,10:36:12,7.0,--,18,13020,卖盘,2017-08-03,2017-08-03 10:36:12
10:36:15,10:36:15,7.0,--,37,25900,卖盘,2017-08-03,2017-08-03 10:36:15
10:36:18,10:36:18,7.0,--,53,37100,卖盘,2017-08-03,2017-08-03 10:36:18
10:36:21,10:36:21,7.0,--,337,235900,卖盘,2017-08-03,2017-08-03 10:36:21
10:36:24,10:36:24,7.0,--,125,87500,卖盘,2017-08-03,2017-08-03 10:36:24
10:36:27,10:36:27,7.0,--,310,217420,卖盘,2017-08-03,2017-08-03 10:36:27
10:36:30,10:36:30,7.0,--,337,235900,卖盘,2017-08-03,2017-08-03 10:36:30
10:36:36,10:36:36,7.0,--,11,7700,卖盘,2017-08-03,2017-08-03 10:36:36
10:36:39,10:36:39,7.0,--,69,48300,卖盘,2017-08-03,2017-08-03 10:36:39
10:36:42,10:36:42,7.0,--,57,39900,卖盘,2017-08-03,2017-08-03 10:36:42
10:36:45,10:36:45,7.0,--,30,21000,卖盘,2017-08-03,2017-08-03 10:36:45
10:36:48,10:36:48,7.0,--,53,37100,卖盘,2017-08-03,2017-08-03 10:36:48
10:36:51,10:36:51,7.0,--,83,58380,卖盘,2017-08-03,2017-08-03 10:36:51
10:36:54,10:36:54,7.0,--,70,49420,卖盘,2017-08-03,2017-08-03 10:36:54
10:36:57,10:36:57,7.0,--,30,21000,卖盘,2017-08-03,2017-08-03 10:36:57
10:37:00,10:37:00,7.0,--,89,62720,卖盘,2017-08-03,2017-08-03 10:37:00
10:37:03,10:37:03,7.0,--,631,442120,卖盘,2017-08-03,2017-08-03 10:37:03
10:37:06,10:37:06,7.0,--,20,14000,卖盘,2017-08-03,2017-08-03 10:37:06
10:37:09,10:37:09,7.0,--,30,21000,卖盘,2017-08-03,2017-08-03 10:37:09
10:37:12,10:37:12,7.0,--,48,33600,卖盘,2017-08-03,2017-08-03 10:37:12
10:37:15,10:37:15,7.0,--,940,658560,卖盘,2017-08-03,2017-08-03 10:37:15
10:37:18,10:37:18,7.0,--,222,155400,卖盘,2017-08-03,2017-08-03 10:37:18
10:37:21,10:37:21,7.0,--,104,72800,卖盘,2017-08-03,2017-08-03 10:37:21
10:37:24,10:37:24,7.0,--,44,30800,卖盘,2017-08-03,2017-08-03 10:37:24
10:37:27,10:37:27,7.0,--,29,20300,卖盘,2017-08-03,2017-08-03 10:37:27
10:37:30,10:37:30,7.0,--,41,29120,卖盘,2017-08-03,2017-08-03 10:37:30
10:37:33,10:37:33,7.0,--,10,7000,卖盘,2017-08-03,2017-08-03 10:37:33
10:37:36,10:37:36,7.0,--,32,22820,卖盘,2017-08-03,2017-08-03 10:37:36
10:37:39,10:37:39,7.0,--,69,48300,卖盘,2017-08-03,2017-08-03 10:37:39
10:37:42,10:37:42,7.0,--,30,21000,卖盘,2017-08-03,2017-08-03 10:37:42
10:37:45,10:37:45,7.0,--,10,7000,卖盘,2017-08-03,2017-08-03 10:37:45
10:37:48,10:37:48,7.0,--,92,64540,卖盘,2017-08-03,2017-08-03 10:37:48
10:37:51,10:37:51,7.0,--,45,31920,卖盘,2017-08-03,2017-08-03 10:37:51
10:37:54,10:37:54,7.0,--,20,14000,卖盘,2017-08-03,2017-08-03 10:37:54
10:37:57,10:37:57,7.0,--,250,175000,卖盘,2017-08-03,2017-08-03 10:37:57
10:38:00,10:38:00,7.0,--,1,980,卖盘,2017-08-03,2017-08-03 10:38:00
10:38:03,10:38:03,7.0,--,63,44100,卖盘,2017-08-03,2017-08-03 10:38:03
10:38:09,10:38:09,7.0,--,164,114800,卖盘,2017-08-03,2017-08-03 10:38:09
10:38:12,10:38:12,7.0,--,20,14140,卖盘,2017-08-03,2017-08-03 10:38:12
10:38:15,10:38:15,7.0,--,26,18200,卖盘,2017-08-03,2017-08-03 10:38:15
10:38:18,10:38:18,7.0,--,40,28000,卖盘,2017-08-03,2017-08-03 10:38:18
10:38:21,10:38:21,7.0,--,51,35700,卖盘,2017-08-03,2017-08-03 10:38:21
10:38:24,10:38:24,7.0,--,7,4900,卖盘,2017-08-03,2017-08-03 10:38:24
10:38:27,10:38:27,7.0,--,166,116200,卖盘,2017-08-03,2017-08-03 10:38:27
10:38:30,10:38:30,7.0,--,300,210000,卖盘,2017-08-03,2017-08-03 10:38:30
10:38:33,10:38:33,7.0,--,142,99820,卖盘,2017-08-03,2017-08-03 10:38:33
10:38:36,10:38:36,7.0,--,130,91000,卖盘,2017-08-03,2017-08-03 10:38:36
10:38:39,10:38:39,7.0,--,78,54600,卖盘,2017-08-03,2017-08-03 10:38:39
10:38:45,10:38:45,7.0,--,128,89880,卖盘,2017-08-03,2017-08-03 10:38:45
10:38:48,10:38:48,7.0,--,33,23100,卖盘,2017-08-03,2017-08-03 10:38:48
10:38:51,10:38:51,7.0,--,112,78400,卖盘,2017-08-03,2017-08-03 10:38:51
10:39:03,10:39:03,7.0,--,13,9240,卖盘,2017-08-03,2017-08-03 10:39:03
10:39:06,10:39:06,7.0,--,22,15400,卖盘,2017-08-03,2017-08-03 10:39:06
10:39:09,10:39:09,7.0,--,2,1680,卖盘,2017-08-03,2017-08-03 10:39:09
10:39:12,10:39:12,7.0,--,65,45500,卖盘,2017-08-03,2017-08-03 10:39:12
10:39:18,10:39:18,7.0,--,58,40600,卖盘,2017-08-03,2017-08-03 10:39:18
10:39:21,10:39:21,7.0,--,17,12460,卖盘,2017-08-03,2017-08-03 10:39:21
10:39:24,10:39:24,7.0,--,95,66500,卖盘,2017-08-03,2017-08-03 10:39:24
10:39:27,10:39:27,7.0,--,124,86800,卖盘,2017-08-03,2017-08-03 10:39:27
10:39:30,10:39:30,7.0,--,103,72100,卖盘,2017-08-03,2017-08-03 10:39:30
10:39:39,10:39:39,7.0,--,272,190400,卖盘,2017-08-03,2017-08-03 10:39:39
10:39:45,10:39:45,7.0,--,94,65800,卖盘,2017-08-03,2017-08-03 10:39:45
10:39:48,10:39:48,7.0,--,10,7000,卖盘,2017-08-03,2017-08-03 10:39:48
10:39:51,10:39:51,7.0,--,28,19600,卖盘,2017-08-03,2017-08-03 10:39:51
10:39:54,10:39:54,7.0,--,166,116200,卖盘,2017-08-03,2017-08-03 10:39:54
10:39:57,10:39:57,7.0,--,3,2100,卖盘,2017-08-03,2017-08-03 10:39:57
10:40:00,10:40:00,7.0,--,24,16800,卖盘,2017-08-03,2017-08-03 10:40:00
10:40:06,10:40:06,7.0,--,13,9100,卖盘,2017-08-03,2017-08-03 10:40:06
10:40:09,10:40:09,7.0,--,32,22400,卖盘,2017-08-03,2017-08-03 10:40:09
10:40:12,10:40:12,7.0,--,135,94500,卖盘,2017-08-03,2017-08-03 10:40:12
10:40:15,10:40:15,7.0,--,1,700,卖盘,2017-08-03,2017-08-03 10:40:15
10:40:18,10:40:18,7.0,--,22,15820,卖盘,2017-08-03,2017-08-03 10:40:18
10:40:21,10:40:21,7.0,--,150,105000,卖盘,2017-08-03,2017-08-03 10:40:21
10:40:24,10:40:24,7.0,--,8,5600,卖盘,2017-08-03,2017-08-03 10:40:24
10:40:27,10:40:27,7.0,--,38,27020,卖盘,2017-08-03,2017-08-03 10:40:27
10:40:30,10:40:30,7.0,--,543,380100,卖盘,2017-08-03,2017-08-03 10:40:30
10:40:39,10:40:39,7.0,--,15,10500,卖盘,2017-08-03,2017-08-03 10:40:39
10:40:48,10:40:48,7.0,--,8,6020,卖盘,2017-08-03,2017-08-03 10:40:48
10:40:51,10:40:51,7.0,--,112,78400,卖盘,2017-08-03,2017-08-03 10:40:51
10:40:57,10:40:57,7.0,--,17,12180,卖盘,2017-08-03,2017-08-03 10:40:57
10:41:03,10:41:03,7.0,--,40,28000,卖盘,2017-08-03,2017-08-03 10:41:03
10:41:06,10:41:06,7.0,--,168,117600,卖盘,2017-08-03,2017-08-03 10:41:06
10:41:09,10:41:09,7.0,--,15,10920,卖盘,2017-08-03,2017-08-03 10:41:09
10:41:12,10:41:12,7.0,--,10,7000,卖盘,2017-08-03,2017-08-03 10:41:12
10:41:15,10:41:15,7.0,--,132,92400,卖盘,2017-08-03,2017-08-03 10:41:15
10:41:18,10:41:18,7.0,--,36,25200,卖盘,2017-08-03,2017-08-03 10:41:18
10:41:21,10:41:21,7.0,--,50,35000,卖盘,2017-08-03,2017-08-03 10:41:21
10:41:24,10:41:24,7.0,--,5,3500,卖盘,2017-08-03,2017-08-03 10:41:24
10:41:27,10:41:27,7.0,--,31,21980,卖盘,2017-08-03,2017-08-03 10:41:27
10:41:30,10:41:30,7.0,--,55,38500,卖盘,2017-08-03,2017-08-03 10:41:30
10:41:33,10:41:33,7.0,--,262,183400,卖盘,2017-08-03,2017-08-03 10:41:33
10:41:39,10:41:39,7.0,--,2,1400,卖盘,2017-08-03,2017-08-03 10:41:39
10:41:42,10:41:42,7.0,--,9,6300,卖盘,2017-08-03,2017-08-03 10:41:42
10:41:45,10:41:45,7.0,--,117,81900,卖盘,2017-08-03,2017-08-03 10:41:45
10:41:48,10:41:48,7.0,--,24,17360,卖盘,2017-08-03,2017-08-03 10:41:48
10:41:51,10:41:51,7.0,--,15,10500,卖盘,2017-08-03,2017-08-03 10:41:51
10:41:54,10:41:54,7.0,--,32,22400,卖盘,2017-08-03,2017-08-03 10:41:54
10:41:57,10:41:57,7.0,--,41,28980,卖盘,2017-08-03,2017-08-03 10:41:57
10:42:00,10:42:00,7.0,--,84,58800,卖盘,2017-08-03,2017-08-03 10:42:00
10:42:03,10:42:03,7.0,--,47,32900,卖盘,2017-08-03,2017-08-03 10:42:03
10:42:09,10:42:09,7.0,--,200,140000,卖盘,2017-08-03,2017-08-03 10:42:09
10:42:12,10:42:12,7.0,--,10,7000,卖盘,2017-08-03,2017-08-03 10:42:12
10:42:18,10:42:18,7.0,--,20,14000,卖盘,2017-08-03,2017-08-03 10:42:18
10:42:21,10:42:21,7.0,--,380,266000,卖盘,2017-08-03,2017-08-03 10:42:21
10:42:24,10:42:24,7.0,--,1,700,卖盘,2017-08-03,2017-08-03 10:42:24
10:42:30,10:42:30,7.0,--,1,1260,卖盘,2017-08-03,2017-08-03 10:42:30
10:42:36,10:42:36,7.0,--,80,56000,卖盘,2017-08-03,2017-08-03 10:42:36
10:42:39,10:42:39,7.0,--,29,20300,卖盘,2017-08-03,2017-08-03 10:42:39
10:42:45,10:42:45,7.0,--,43,30240,卖盘,2017-08-03,2017-08-03 10:42:45
10:42:54,10:42:54,7.0,--,22,15400,卖盘,2017-08-03,2017-08-03 10:42:54
10:42:57,10:42:57,7.0,--,24,17220,卖盘,2017-08-03,2017-08-03 10:42:57
10:43:00,10:43:00,7.0,--,2,1680,卖盘,2017-08-03,2017-08-03 10:43:00
10:43:06,10:43:06,7.0,--,96,67200,卖盘,2017-08-03,2017-08-03 10:43:06
10:43:09,10:43:09,7.0,--,29,20300,卖盘,2017-08-03,2017-08-03 10:43:09
10:43:15,10:43:15,7.0,--,40,28000,卖盘,2017-08-03,2017-08-03 10:43:15
10:43:18,10:43:18,7.0,--,70,49000,卖盘,2017-08-03,2017-08-03 10:43:18
10:43:24,10:43:24,7.0,--,16,11200,卖盘,2017-08-03,2017-08-03 10:43:24
10:43:30,10:43:30,7.0,--,29,20720,卖盘,2017-08-03,2017-08-03 10:43:30
10:43:33,10:43:33,7.0,--,24,16800,卖盘,2017-08-03,2017-08-03 10:43:33
10:43:36,10:43:36,7.0,--,10,7000,卖盘,2017-08-03,2017-08-03 10:43:36
10:43:39,10:43:39,7.0,--,28,19880,卖盘,2017-08-03,2017-08-03 10:43:39
10:43:42,10:43:42,7.0,--,1,700,卖盘,2017-08-03,2017-08-03 10:43:42
10:43:48,10:43:48,7.0,--,177,123900,卖盘,2017-08-03,2017-08-03 10:43:48
10:43:51,10:43:51,7.0,--,5,3500,卖盘,2017-08-03,2017-08-03 10:43:51
10:43:54,10:43:54,7.0,--,14,9940,卖盘,2017-08-03,2017-08-03 10:43:54
10:44:00,10:44:00,7.0,--,23,16100,卖盘,2017-08-03,2017-08-03 10:44:00
10:44:03,10:44:03,7.0,--,104,73360,卖盘,2017-08-03,2017-08-03 10:44:03
10:44:06,10:44:06,7.0,--,32,22400,卖盘,2017-08-03,2017-08-03 10:44:06
10:44:09,10:44:09,7.0,--,20,14000,卖盘,2017-08-03,2017-08-03 10:44:09
10:44:12,10:44:12,7.0,--,308,215600,卖盘,2017-08-03,2017-08-03 10:44:12
10:44:15,10:44:15,7.0,--,23,16240,卖盘,2017-08-03,2017-08-03 10:44:15
10:44:18,10:44:18,7.0,--,109,76300,卖盘,2017-08-03,2017-08-03 10:44:18
10:44:21,10:44:21,7.0,--,66,46760,卖盘,2017-08-03,2017-08-03 10:44:21
10:44:24,10:44:24,7.0,--,1,700,卖盘,2017-08-03,2017-08-03 10:44:24
10:44:27,10:44:27,7.0,--,52,36400,卖盘,2017-08-03,2017-08-03 10:44:27
10:44:33,10:44:33,7.0,--,12,8400,卖盘,2017-08-03,2017-08-03 10:44:33
10:44:36,10:44:36,7.0,--,100,70000,卖盘,2017-08-03,2017-08-03 10:44:36
10:44:39,10:44:39,7.0,--,22,15400,卖盘,2017-08-03,2017-08-03 10:44:39
10:44:45,10:44:45,7.0,--,20,14000,卖盘,2017-08-03,2017-08-03 10:44:45
10:44:48,10:44:48,7.0,--,81,57120,卖盘,2017-08-03,2017-08-03 10:44:48
10:44:51,10:44:51,7.0,--,240,168000,卖盘,2017-08-03,2017-08-03 10:44:51
10:44:54,10:44:54,7.0,--,20,14000,卖盘,2017-08-03,2017-08-03 10:44:54
10:44:57,10:44:57,7.0,--,890,623000,卖盘,2017-08-03,2017-08-03 10:44:57
10:45:00,10:45:00,7.0,--,33,23660,卖盘,2017-08-03,2017-08-03 10:45:00
10:45:03,10:45:03,7.0,--,5,3500,卖盘,2017-08-03,2017-08-03 10:45:03
10:45:06,10:45:06,7.0,--,325,227500,卖盘,2017-08-03,2017-08-03 10:45:06
10:45:09,10:45:09,7.0,--,112,78400,卖盘,2017-08-03,2017-08-03 10:45:09
10:45:12,10:45:12,7.0,--,6,4200,卖盘,2017-08-03,2017-08-03 10:45:12
10:45:15,10:45:15,7.0,--,53,37520,卖盘,2017-08-03,2017-08-03 10:45:15
10:45:18,10:45:18,7.0,--,5,3500,卖盘,2017-08-03,2017-08-03 10:45:18
10:45:21,10:45:21,7.0,--,20,14140,卖盘,2017-08-03,2017-08-03 10:45:21
10:45:24,10:45:24,7.0,--,57,39900,卖盘,2017-08-03,2017-08-03 10:45:24
10:45:27,10:45:27,7.0,--,30,21000,卖盘,2017-08-03,2017-08-03 10:45:27
10:45:30,10:45:30,7.0,--,77,53900,卖盘,2017-08-03,2017-08-03 10:45:30
10:45:33,10:45:33,7.0,--,30,21000,卖盘,2017-08-03,2017-08-03 10:45:33
10:45:36,10:45:36,7.0,--,60,42000,卖盘,2017-08-03,2017-08-03 10:45:36
10:45:39,10:45:39,7.0,--,16,11200,卖盘,2017-08-03,2017-08-03 10:45:39
10:45:42,10:45:42,7.0,--,90,63000,卖盘,2017-08-03,2017-08-03 10:45:42
10:45:48,10:45:48,7.0,--,83,58100,卖盘,2017-08-03,2017-08-03 10:45:48
10:45:51,10:45:51,7.0,--,4,2800,卖盘,2017-08-03,2017-08-03 10:45:51
10:45:54,10:45:54,7.0,--,21,14700,卖盘,2017-08-03,2017-08-03 10:45:54
10:45:57,10:45:57,7.0,--,2,1400,卖盘,2017-08-03,2017-08-03 10:45:57
10:46:00,10:46:00,7.0,--,13,9520,卖盘,2017-08-03,2017-08-03 10:46:00
10:46:03,10:46:03,7.0,--,45,31500,卖盘,2017-08-03,2017-08-03 10:46:03
10:46:06,10:46:06,7.0,--,10,7000,卖盘,2017-08-03,2017-08-03 10:46:06
10:46:12,10:46:12,7.0,--,413,289100,卖盘,2017-08-03,2017-08-03 10:46:12
10:46:18,10:46:18,7.0,--,22,15400,卖盘,2017-08-03,2017-08-03 10:46:18
10:46:21,10:46:21,7.0,--,43,30100,卖盘,2017-08-03,2017-08-03 10:46:21
10:46:24,10:46:24,7.0,--,5,3500,卖盘,2017-08-03,2017-08-03 10:46:24
10:46:27,10:46:27,7.0,--,7,4900,卖盘,2017-08-03,2017-08-03 10:46:27
10:46:30,10:46:30,7.0,--,53,37100,卖盘,2017-08-03,2017-08-03 10:46:30
10:46:33,10:46:33,7.0,--,34,23940,卖盘,2017-08-03,2017-08-03 10:46:33
10:46:36,10:46:36,7.0,--,10,7000,卖盘,2017-08-03,2017-08-03 10:46:36
10:46:42,10:46:42,7.0,--,45,31500,卖盘,2017-08-03,2017-08-03 10:46:42
10:46:45,10:46:45,7.0,--,62,43400,卖盘,2017-08-03,2017-08-03 10:46:45
10:46:51,10:46:51,7.0,--,6,4200,卖盘,2017-08-03,2017-08-03 10:46:51
10:46:54,10:46:54,7.0,--,1,700,卖盘,2017-08-03,2017-08-03 10:46:54
10:46:57,10:46:57,7.0,--,15,10500,卖盘,2017-08-03,2017-08-03 10:46:57
10:47:00,10:47:00,7.0,--,43,30380,卖盘,2017-08-03,2017-08-03 10:47:00
10:47:03,10:47:03,7.0,--,19,13860,卖盘,2017-08-03,2017-08-03 10:47:03
10:47:09,10:47:09,7.0,--,10,7000,卖盘,2017-08-03,2017-08-03 10:47:09
10:47:27,10:47:27,7.0,--,10,7000,卖盘,2017-08-03,2017-08-03 10:47:27
10:47:33,10:47:33,7.0,--,10,7000,卖盘,2017-08-03,2017-08-03 10:47:33
10:47:36,10:47:36,7.0,--,61,42700,卖盘,2017-08-03,2017-08-03 10:47:36
10:47:42,10:47:42,7.0,--,116,81200,卖盘,2017-08-03,2017-08-03 10:47:42
10:47:45,10:47:45,7.0,--,3,2100,卖盘,2017-08-03,2017-08-03 10:47:45
10:47:48,10:47:48,7.0,--,62,43400,卖盘,2017-08-03,2017-08-03 10:47:48
10:47:51,10:47:51,7.0,--,30,21000,卖盘,2017-08-03,2017-08-03 10:47:51
10:47:54,10:47:54,7.0,--,34,23800,卖盘,2017-08-03,2017-08-03 10:47:54
10:48:03,10:48:03,7.0,--,25,17500,卖盘,2017-08-03,2017-08-03 10:48:03
10:48:06,10:48:06,7.0,--,88,61600,卖盘,2017-08-03,2017-08-03 10:48:06
10:48:09,10:48:09,7.0,--,14,9800,卖盘,2017-08-03,2017-08-03 10:48:09
10:48:15,10:48:15,7.0,--,100,70000,卖盘,2017-08-03,2017-08-03 10:48:15
10:48:24,10:48:24,7.0,--,46,32200,卖盘,2017-08-03,2017-08-03 10:48:24
10:48:27,10:48:27,7.0,--,11,7700,卖盘,2017-08-03,2017-08-03 10:48:27
10:48:33,10:48:33,7.0,--,62,43400,卖盘,2017-08-03,2017-08-03 10:48:33
10:48:36,10:48:36,7.0,--,5,3640,卖盘,2017-08-03,2017-08-03 10:48:36
10:48:39,10:48:39,7.0,--,2,1680,卖盘,2017-08-03,2017-08-03 10:48:39
10:48:45,10:48:45,7.0,--,110,77000,卖盘,2017-08-03,2017-08-03 10:48:45
10:48:51,10:48:51,7.0,--,40,28000,卖盘,2017-08-03,2017-08-03 10:48:51
10:48:54,10:48:54,7.0,--,51,35700,卖盘,2017-08-03,2017-08-03 10:48:54
10:48:57,10:48:57,7.0,--,3,2100,卖盘,2017-08-03,2017-08-03 10:48:57
10:49:00,10:49:00,7.0,--,12,8400,卖盘,2017-08-03,2017-08-03 10:49:00
10:49:03,10:49:03,7.0,--,40,28000,卖盘,2017-08-03,2017-08-03 10:49:03
10:49:06,10:49:06,7.0,--,9,6300,卖盘,2017-08-03,2017-08-03 10:49:06
10:49:09,10:49:09,7.0,--,8,6020,卖盘,2017-08-03,2017-08-03 10:49:09
10:49:15,10:49:15,7.0,--,202,141400,卖盘,2017-08-03,2017-08-03 10:49:15
10:49:18,10:49:18,7.0,--,10,7000,卖盘,2017-08-03,2017-08-03 10:49:18
10:49:30,10:49:30,7.0,--,25,17500,卖盘,2017-08-03,2017-08-03 10:49:30
10:49:36,10:49:36,7.0,--,1,700,卖盘,2017-08-03,2017-08-03 10:49:36
10:49:42,10:49:42,7.0,--,2,1400,卖盘,2017-08-03,2017-08-03 10:49:42
10:49:51,10:49:51,7.0,--,16,11480,卖盘,2017-08-03,2017-08-03 10:49:51
10:49:54,10:49:54,7.0,--,3,2100,卖盘,2017-08-03,2017-08-03 10:49:54
10:49:57,10:49:57,7.0,--,14,9800,卖盘,2017-08-03,2017-08-03 10:49:57
10:50:00,10:50:00,7.0,--,10,7000,卖盘,2017-08-03,2017-08-03 10:50:00
10:50:09,10:50:09,7.0,--,1,840,卖盘,2017-08-03,2017-08-03 10:50:09
10:50:12,10:50:12,7.0,--,39,27720,卖盘,2017-08-03,2017-08-03 10:50:12
10:50:18,10:50:18,7.0,--,10,7000,卖盘,2017-08-03,2017-08-03 10:50:18
10:50:21,10:50:21,7.0,--,30,21000,卖盘,2017-08-03,2017-08-03 10:50:21
10:50:33,10:50:33,7.0,--,65,45500,卖盘,2017-08-03,2017-08-03 10:50:33
10:50:36,10:50:36,7.0,--,10,7000,卖盘,2017-08-03,2017-08-03 10:50:36
10:50:39,10:50:39,7.0,--,2,1400,卖盘,2017-08-03,2017-08-03 10:50:39
10:50:42,10:50:42,7.0,--,5,3500,卖盘,2017-08-03,2017-08-03 10:50:42
10:50:48,10:50:48,7.0,--,3,2100,卖盘,2017-08-03,2017-08-03 10:50:48
10:50:51,10:50:51,7.0,--,6,4200,卖盘,2017-08-03,2017-08-03 10:50:51
10:50:54,10:50:54,7.0,--,8,5600,卖盘,2017-08-03,2017-08-03 10:50:54
10:50:57,10:50:57,7.0,--,100,70000,卖盘,2017-08-03,2017-08-03 10:50:57
10:51:03,10:51:03,7.0,--,70,49560,卖盘,2017-08-03,2017-08-03 10:51:03
10:51:06,10:51:06,7.0,--,20,14000,卖盘,2017-08-03,2017-08-03 10:51:06
10:51:12,10:51:12,7.0,--,22,15680,卖盘,2017-08-03,2017-08-03 10:51:12
10:51:24,10:51:24,7.0,--,77,53900,卖盘,2017-08-03,2017-08-03 10:51:24
10:51:30,10:51:30,7.0,--,28,20160,卖盘,2017-08-03,2017-08-03 10:51:30
10:51:36,10:51:36,7.0,--,42,29400,卖盘,2017-08-03,2017-08-03 10:51:36
10:51:39,10:51:39,7.0,--,1084,759185,卖盘,2017-08-03,2017-08-03 10:51:39
10:51:45,10:51:45,7.0,--,16,11620,卖盘,2017-08-03,2017-08-03 10:51:45
10:51:48,10:51:48,7.0,--,10,7000,卖盘,2017-08-03,2017-08-03 10:51:48
10:51:51,10:51:51,7.0,--,246,172200,卖盘,2017-08-03,2017-08-03 10:51:51
10:51:54,10:51:54,7.0,--,41,28700,卖盘,2017-08-03,2017-08-03 10:51:54
10:52:03,10:52:03,7.0,--,46,32200,卖盘,2017-08-03,2017-08-03 10:52:03
10:52:09,10:52:09,7.0,--,33,23100,卖盘,2017-08-03,2017-08-03 10:52:09
10:52:15,10:52:15,7.0,--,10,7000,卖盘,2017-08-03,2017-08-03 10:52:15
10:52:18,10:52:18,7.0,--,63,44660,卖盘,2017-08-03,2017-08-03 10:52:18
10:52:21,10:52:21,7.0,--,350,245000,卖盘,2017-08-03,2017-08-03 10:52:21
10:52:27,10:52:27,7.0,--,50,35000,卖盘,2017-08-03,2017-08-03 10:52:27
10:52:36,10:52:36,7.0,--,15,10500,卖盘,2017-08-03,2017-08-03 10:52:36
10:52:42,10:52:42,7.0,--,30,21000,卖盘,2017-08-03,2017-08-03 10:52:42
10:52:48,10:52:48,7.0,--,40,28000,卖盘,2017-08-03,2017-08-03 10:52:48
10:53:00,10:53:00,7.0,--,360,252000,卖盘,2017-08-03,2017-08-03 10:53:00
10:53:03,10:53:03,7.0,--,6,4200,卖盘,2017-08-03,2017-08-03 10:53:03
10:53:09,10:53:09,7.0,--,10,7000,卖盘,2017-08-03,2017-08-03 10:53:09
10:53:18,10:53:18,7.0,--,13,9660,卖盘,2017-08-03,2017-08-03 10:53:18
10:53:21,10:53:21,7.0,--,113,79100,卖盘,2017-08-03,2017-08-03 10:53:21
10:53:24,10:53:24,7.0,--,20,14000,卖盘,2017-08-03,2017-08-03 10:53:24
10:53:33,10:53:33,7.0,--,12,8400,卖盘,2017-08-03,2017-08-03 10:53:33
10:53:36,10:53:36,7.0,--,10,7000,卖盘,2017-08-03,2017-08-03 10:53:36
10:54:00,10:54:00,7.0,--,5,3500,卖盘,2017-08-03,2017-08-03 10:54:00
10:54:03,10:54:03,7.0,--,222,155400,卖盘,2017-08-03,2017-08-03 10:54:03
10:54:06,10:54:06,7.0,--,4,3080,卖盘,2017-08-03,2017-08-03 10:54:06
10:54:21,10:54:21,7.0,--,100,70000,卖盘,2017-08-03,2017-08-03 10:54:21
10:54:24,10:54:24,7.0,--,82,57400,卖盘,2017-08-03,2017-08-03 10:54:24
10:54:33,10:54:33,7.0,--,28,20020,卖盘,2017-08-03,2017-08-03 10:54:33
10:54:36,10:54:36,7.0,--,2,1400,卖盘,2017-08-03,2017-08-03 10:54:36
10:54:39,10:54:39,7.0,--,5,3500,卖盘,2017-08-03,2017-08-03 10:54:39
10:54:42,10:54:42,7.0,--,6,4200,卖盘,2017-08-03,2017-08-03 10:54:42
10:54:51,10:54:51,7.0,--,50,35000,卖盘,2017-08-03,2017-08-03 10:54:51
10:54:54,10:54:54,7.0,--,2,1400,卖盘,2017-08-03,2017-08-03 10:54:54
10:55:00,10:55:00,7.0,--,18,12600,卖盘,2017-08-03,2017-08-03 10:55:00
10:55:06,10:55:06,7.0,--,26,18200,卖盘,2017-08-03,2017-08-03 10:55:06
10:55:12,10:55:12,7.0,--,10,7000,卖盘,2017-08-03,2017-08-03 10:55:12
10:55:15,10:55:15,7.0,--,15,10500,卖盘,2017-08-03,2017-08-03 10:55:15
10:55:18,10:55:18,7.0,--,102,71400,卖盘,2017-08-03,2017-08-03 10:55:18
10:55:21,10:55:21,7.0,--,7,4900,卖盘,2017-08-03,2017-08-03 10:55:21
10:55:24,10:55:24,7.0,--,110,77560,卖盘,2017-08-03,2017-08-03 10:55:24
10:55:33,10:55:33,7.0,--,10,7000,卖盘,2017-08-03,2017-08-03 10:55:33
10:55:42,10:55:42,7.0,--,1,840,卖盘,2017-08-03,2017-08-03 10:55:42
10:55:57,10:55:57,7.0,--,16,11480,卖盘,2017-08-03,2017-08-03 10:55:57
10:56:06,10:56:06,7.0,--,1,840,卖盘,2017-08-03,2017-08-03 10:56:06
10:56:18,10:56:18,7.0,--,40,28000,卖盘,2017-08-03,2017-08-03 10:56:18
10:56:33,10:56:33,7.0,--,25,17500,卖盘,2017-08-03,2017-08-03 10:56:33
10:56:36,10:56:36,7.0,--,6,4340,卖盘,2017-08-03,2017-08-03 10:56:36
10:56:39,10:56:39,7.0,--,1,700,卖盘,2017-08-03,2017-08-03 10:56:39
10:56:45,10:56:45,7.0,--,15,10500,卖盘,2017-08-03,2017-08-03 10:56:45
10:56:54,10:56:54,7.0,--,10,7000,卖盘,2017-08-03,2017-08-03 10:56:54
10:57:03,10:57:03,7.0,--,50,35000,卖盘,2017-08-03,2017-08-03 10:57:03
10:57:06,10:57:06,7.0,--,22,15400,卖盘,2017-08-03,2017-08-03 10:57:06
10:57:12,10:57:12,7.0,--,10,7000,卖盘,2017-08-03,2017-08-03 10:57:12
10:57:15,10:57:15,7.0,--,38,26600,卖盘,2017-08-03,2017-08-03 10:57:15
10:57:18,10:57:18,7.0,--,12,8400,卖盘,2017-08-03,2017-08-03 10:57:18
10:57:33,10:57:33,7.0,--,26,18200,卖盘,2017-08-03,2017-08-03 10:57:33
10:57:36,10:57:36,7.0,--,60,42000,卖盘,2017-08-03,2017-08-03 10:57:36
10:57:42,10:57:42,7.0,--,125,87780,卖盘,2017-08-03,2017-08-03 10:57:42
10:57:51,10:57:51,7.0,--,13,9100,卖盘,2017-08-03,2017-08-03 10:57:51
10:57:54,10:57:54,7.0,--,2,1400,卖盘,2017-08-03,2017-08-03 10:57:54
10:57:57,10:57:57,7.0,--,7,4900,卖盘,2017-08-03,2017-08-03 10:57:57
10:58:03,10:58:03,7.0,--,151,105700,卖盘,2017-08-03,2017-08-03 10:58:03
10:58:06,10:58:06,7.0,--,10,7000,卖盘,2017-08-03,2017-08-03 10:58:06
10:58:12,10:58:12,7.0,--,9,6300,卖盘,2017-08-03,2017-08-03 10:58:12
10:58:15,10:58:15,7.0,--,21,14840,卖盘,2017-08-03,2017-08-03 10:58:15
10:58:21,10:58:21,7.0,--,0,140,卖盘,2017-08-03,2017-08-03 10:58:21
10:58:24,10:58:24,7.0,--,67,47320,卖盘,2017-08-03,2017-08-03 10:58:24
10:58:27,10:58:27,7.0,--,257,180180,卖盘,2017-08-03,2017-08-03 10:58:27
10:58:30,10:58:30,7.0,--,4,2800,卖盘,2017-08-03,2017-08-03 10:58:30
10:58:33,10:58:33,7.0,--,19,13300,卖盘,2017-08-03,2017-08-03 10:58:33
10:58:39,10:58:39,7.0,--,3,2100,卖盘,2017-08-03,2017-08-03 10:58:39
10:58:42,10:58:42,7.0,--,50,35000,卖盘,2017-08-03,2017-08-03 10:58:42
10:58:48,10:58:48,7.0,--,10,7000,卖盘,2017-08-03,2017-08-03 10:58:48
10:58:51,10:58:51,7.0,--,6,4200,卖盘,2017-08-03,2017-08-03 10:58:51
10:58:57,10:58:57,7.0,--,100,70000,卖盘,2017-08-03,2017-08-03 10:58:57
10:59:03,10:59:03,7.0,--,8,5600,卖盘,2017-08-03,2017-08-03 10:59:03
10:59:09,10:59:09,7.0,--,25,17500,卖盘,2017-08-03,2017-08-03 10:59:09
10:59:15,10:59:15,7.0,--,13,9100,卖盘,2017-08-03,2017-08-03 10:59:15
10:59:18,10:59:18,7.0,--,50,35000,卖盘,2017-08-03,2017-08-03 10:59:18
10:59:30,10:59:30,7.0,--,1,700,卖盘,2017-08-03,2017-08-03 10:59:30
10:59:36,10:59:36,7.0,--,15,10500,卖盘,2017-08-03,2017-08-03 10:59:36
10:59:39,10:59:39,7.0,--,10,7000,卖盘,2017-08-03,2017-08-03 10:59:39
10:59:48,10:59:48,7.0,--,200,140000,卖盘,2017-08-03,2017-08-03 10:59:48
11:00:06,11:00:06,7.0,--,12,8400,卖盘,2017-08-03,2017-08-03 11:00:06
11:00:09,11:00:09,7.0,--,84,58800,卖盘,2017-08-03,2017-08-03 11:00:09
11:00:12,11:00:12,7.0,--,10,7000,卖盘,2017-08-03,2017-08-03 11:00:12
11:00:15,11:00:15,7.0,--,60,42000,卖盘,2017-08-03,2017-08-03 11:00:15
11:00:21,11:00:21,7.0,--,2,1708,卖盘,2017-08-03,2017-08-03 11:00:21
11:00:24,11:00:24,7.0,--,19,13300,卖盘,2017-08-03,2017-08-03 11:00:24
11:00:27,11:00:27,7.0,--,66,46200,卖盘,2017-08-03,2017-08-03 11:00:27
11:00:33,11:00:33,7.0,--,30,21000,卖盘,2017-08-03,2017-08-03 11:00:33
11:00:36,11:00:36,7.0,--,35,24500,卖盘,2017-08-03,2017-08-03 11:00:36
11:00:42,11:00:42,7.0,--,10,7000,卖盘,2017-08-03,2017-08-03 11:00:42
11:01:15,11:01:15,7.0,--,4,2800,卖盘,2017-08-03,2017-08-03 11:01:15
11:01:18,11:01:18,7.0,--,6,4200,卖盘,2017-08-03,2017-08-03 11:01:18
11:01:21,11:01:21,7.0,--,150,105000,卖盘,2017-08-03,2017-08-03 11:01:21
11:01:33,11:01:33,7.0,--,1,700,卖盘,2017-08-03,2017-08-03 11:01:33
11:01:42,11:01:42,7.0,--,35,24500,卖盘,2017-08-03,2017-08-03 11:01:42
11:01:45,11:01:45,7.0,--,52,36400,卖盘,2017-08-03,2017-08-03 11:01:45
11:01:54,11:01:54,7.0,--,10,7000,卖盘,2017-08-03,2017-08-03 11:01:54
11:02:00,11:02:00,7.0,--,20,14000,卖盘,2017-08-03,2017-08-03 11:02:00
11:02:03,11:02:03,7.0,--,30,21000,卖盘,2017-08-03,2017-08-03 11:02:03
11:02:15,11:02:15,7.0,--,10,7000,卖盘,2017-08-03,2017-08-03 11:02:15
11:02:18,11:02:18,7.0,--,10,7000,卖盘,2017-08-03,2017-08-03 11:02:18
11:02:24,11:02:24,7.0,--,38,26740,卖盘,2017-08-03,2017-08-03 11:02:24
11:02:33,11:02:33,7.0,--,10,7000,卖盘,2017-08-03,2017-08-03 11:02:33
11:02:36,11:02:36,7.0,--,26,18200,卖盘,2017-08-03,2017-08-03 11:02:36
11:02:39,11:02:39,7.0,--,15,10500,卖盘,2017-08-03,2017-08-03 11:02:39
11:02:51,11:02:51,7.0,--,20,14000,卖盘,2017-08-03,2017-08-03 11:02:51
11:02:54,11:02:54,7.0,--,10,7000,卖盘,2017-08-03,2017-08-03 11:02:54
11:03:03,11:03:03,7.0,--,12,8400,卖盘,2017-08-03,2017-08-03 11:03:03
11:03:18,11:03:18,7.0,--,2,1820,卖盘,2017-08-03,2017-08-03 11:03:18
11:03:21,11:03:21,7.0,--,240,168000,卖盘,2017-08-03,2017-08-03 11:03:21
11:03:24,11:03:24,7.0,--,12,8400,卖盘,2017-08-03,2017-08-03 11:03:24
11:03:48,11:03:48,7.0,--,22,15400,卖盘,2017-08-03,2017-08-03 11:03:48
11:04:03,11:04:03,7.0,--,6,4480,卖盘,2017-08-03,2017-08-03 11:04:03
11:04:06,11:04:06,7.0,--,8,5600,卖盘,2017-08-03,2017-08-03 11:04:06
11:04:12,11:04:12,7.0,--,15,10500,卖盘,2017-08-03,2017-08-03 11:04:12
11:04:15,11:04:15,7.0,--,4,3360,卖盘,2017-08-03,2017-08-03 11:04:15
11:04:33,11:04:33,7.0,--,1,1120,卖盘,2017-08-03,2017-08-03 11:04:33
11:04:39,11:04:39,7.0,--,10,7000,卖盘,2017-08-03,2017-08-03 11:04:39
11:04:45,11:04:45,7.0,--,1,700,卖盘,2017-08-03,2017-08-03 11:04:45
11:05:03,11:05:03,7.0,--,1,700,卖盘,2017-08-03,2017-08-03 11:05:03
11:05:21,11:05:21,7.0,--,20,14000,卖盘,2017-08-03,2017-08-03 11:05:21
11:05:36,11:05:36,7.0,--,2,1400,卖盘,2017-08-03,2017-08-03 11:05:36
11:05:42,11:05:42,7.0,--,20,14000,卖盘,2017-08-03,2017-08-03 11:05:42
11:05:45,11:05:45,7.0,--,20,14000,卖盘,2017-08-03,2017-08-03 11:05:45
11:05:48,11:05:48,7.0,--,10,7000,卖盘,2017-08-03,2017-08-03 11:05:48
11:05:54,11:05:54,7.0,--,10,7000,卖盘,2017-08-03,2017-08-03 11:05:54
11:06:03,11:06:03,7.0,--,10,7000,卖盘,2017-08-03,2017-08-03 11:06:03
11:06:12,11:06:12,7.0,--,148,104160,卖盘,2017-08-03,2017-08-03 11:06:12
11:06:15,11:06:15,7.0,--,3,2100,卖盘,2017-08-03,2017-08-03 11:06:15
11:06:18,11:06:18,7.0,--,121,85120,卖盘,2017-08-03,2017-08-03 11:06:18
11:06:27,11:06:27,7.0,--,3,2100,卖盘,2017-08-03,2017-08-03 11:06:27
11:06:33,11:06:33,7.0,--,30,21000,卖盘,2017-08-03,2017-08-03 11:06:33
11:06:45,11:06:45,7.0,--,5,3640,卖盘,2017-08-03,2017-08-03 11:06:45
11:06:51,11:06:51,7.0,--,10,7000,卖盘,2017-08-03,2017-08-03 11:06:51
11:07:12,11:07:12,7.0,--,8,5600,卖盘,2017-08-03,2017-08-03 11:07:12
11:07:15,11:07:15,7.0,--,7,4900,卖盘,2017-08-03,2017-08-03 11:07:15
11:07:21,11:07:21,7.0,--,109,76300,卖盘,2017-08-03,2017-08-03 11:07:21
11:07:24,11:07:24,7.0,--,102,71960,卖盘,2017-08-03,2017-08-03 11:07:24
11:07:42,11:07:42,7.0,--,1,840,卖盘,2017-08-03,2017-08-03 11:07:42
11:07:45,11:07:45,7.0,--,35,24738,卖盘,2017-08-03,2017-08-03 11:07:45
11:07:48,11:07:48,7.0,--,40,28000,卖盘,2017-08-03,2017-08-03 11:07:48
11:07:57,11:07:57,7.0,--,12,8400,卖盘,2017-08-03,2017-08-03 11:07:57
11:08:15,11:08:15,7.0,--,19,13720,卖盘,2017-08-03,2017-08-03 11:08:15
11:08:21,11:08:21,7.0,--,1,700,卖盘,2017-08-03,2017-08-03 11:08:21
11:08:24,11:08:24,7.0,--,14,9800,卖盘,2017-08-03,2017-08-03 11:08:24
11:08:33,11:08:33,7.0,--,35,24500,卖盘,2017-08-03,2017-08-03 11:08:33
11:08:36,11:08:36,7.0,--,20,14000,卖盘,2017-08-03,2017-08-03 11:08:36
11:08:39,11:08:39,7.0,--,9,6300,卖盘,2017-08-03,2017-08-03 11:08:39
11:08:42,11:08:42,7.0,--,22,15960,卖盘,2017-08-03,2017-08-03 11:08:42
11:08:51,11:08:51,7.0,--,270,189000,卖盘,2017-08-03,2017-08-03 11:08:51
11:08:57,11:08:57,7.0,--,120,84000,卖盘,2017-08-03,2017-08-03 11:08:57
11:09:12,11:09:12,7.0,--,10,7000,卖盘,2017-08-03,2017-08-03 11:09:12
11:09:21,11:09:21,7.0,--,61,43120,卖盘,2017-08-03,2017-08-03 11:09:21
11:09:24,11:09:24,7.0,--,10,7000,卖盘,2017-08-03,2017-08-03 11:09:24
11:09:27,11:09:27,7.0,--,10,7000,卖盘,2017-08-03,2017-08-03 11:09:27
11:09:33,11:09:33,7.0,--,30,21000,卖盘,2017-08-03,2017-08-03 11:09:33
11:09:45,11:09:45,7.0,--,27,18900,卖盘,2017-08-03,2017-08-03 11:09:45
11:10:00,11:10:00,7.0,--,300,210000,卖盘,2017-08-03,2017-08-03 11:10:00
11:10:03,11:10:03,7.0,--,2,1400,卖盘,2017-08-03,2017-08-03 11:10:03
11:10:06,11:10:06,7.0,--,18,12600,卖盘,2017-08-03,2017-08-03 11:10:06
11:10:27,11:10:27,7.0,--,138,96600,卖盘,2017-08-03,2017-08-03 11:10:27
11:10:33,11:10:33,7.0,--,50,35000,卖盘,2017-08-03,2017-08-03 11:10:33
11:10:42,11:10:42,7.0,--,10,7000,卖盘,2017-08-03,2017-08-03 11:10:42
11:10:57,11:10:57,7.0,--,400,280000,卖盘,2017-08-03,2017-08-03 11:10:57
11:11:00,11:11:00,7.0,--,44,30800,卖盘,2017-08-03,2017-08-03 11:11:00
11:11:54,11:11:54,7.0,--,26,18200,卖盘,2017-08-03,2017-08-03 11:11:54
11:11:57,11:11:57,7.0,--,96,67200,卖盘,2017-08-03,2017-08-03 11:11:57
11:12:09,11:12:09,7.0,--,6,4200,卖盘,2017-08-03,2017-08-03 11:12:09
11:12:18,11:12:18,7.0,--,35,24500,卖盘,2017-08-03,2017-08-03 11:12:18
11:12:21,11:12:21,7.0,--,600,420000,卖盘,2017-08-03,2017-08-03 11:12:21
11:12:27,11:12:27,7.0,--,8,5600,卖盘,2017-08-03,2017-08-03 11:12:27
11:12:33,11:12:33,7.0,--,6,4620,卖盘,2017-08-03,2017-08-03 11:12:33
11:13:06,11:13:06,7.0,--,9,6300,卖盘,2017-08-03,2017-08-03 11:13:06
11:13:15,11:13:15,7.0,--,15,10500,卖盘,2017-08-03,2017-08-03 11:13:15
11:13:21,11:13:21,7.0,--,30,21000,卖盘,2017-08-03,2017-08-03 11:13:21
11:13:24,11:13:24,7.0,--,5,3500,卖盘,2017-08-03,2017-08-03 11:13:24
11:14:06,11:14:06,7.0,--,58,40600,卖盘,2017-08-03,2017-08-03 11:14:06
11:14:12,11:14:12,7.0,--,24,16800,卖盘,2017-08-03,2017-08-03 11:14:12
11:14:24,11:14:24,7.0,--,40,28000,卖盘,2017-08-03,2017-08-03 11:14:24
11:14:42,11:14:42,7.0,--,2,1960,卖盘,2017-08-03,2017-08-03 11:14:42
11:15:03,11:15:03,7.0,--,10,7000,卖盘,2017-08-03,2017-08-03 11:15:03
11:15:39,11:15:39,7.0,--,2,1400,卖盘,2017-08-03,2017-08-03 11:15:39
11:15:42,11:15:42,7.0,--,3,2100,卖盘,2017-08-03,2017-08-03 11:15:42
11:15:57,11:15:57,7.0,--,30,21000,卖盘,2017-08-03,2017-08-03 11:15:57
11:16:54,11:16:54,7.0,--,10,7000,卖盘,2017-08-03,2017-08-03 11:16:54
11:17:12,11:17:12,7.0,--,1,700,卖盘,2017-08-03,2017-08-03 11:17:12
11:17:30,11:17:30,7.0,--,100,70000,卖盘,2017-08-03,2017-08-03 11:17:30
11:17:39,11:17:39,7.0,--,54,37800,卖盘,2017-08-03,2017-08-03 11:17:39
11:17:57,11:17:57,7.0,--,3,2100,卖盘,2017-08-03,2017-08-03 11:17:57
11:18:00,11:18:00,7.0,--,2,1400,卖盘,2017-08-03,2017-08-03 11:18:00
11:18:03,11:18:03,7.0,--,50,35000,卖盘,2017-08-03,2017-08-03 11:18:03
11:18:09,11:18:09,7.0,--,75,52500,卖盘,2017-08-03,2017-08-03 11:18:09
11:18:42,11:18:42,7.0,--,170,119000,卖盘,2017-08-03,2017-08-03 11:18:42
11:18:48,11:18:48,7.0,--,23,16100,卖盘,2017-08-03,2017-08-03 11:18:48
11:18:57,11:18:57,7.0,--,1,700,卖盘,2017-08-03,2017-08-03 11:18:57
11:19:27,11:19:27,7.0,--,100,70000,卖盘,2017-08-03,2017-08-03 11:19:27
11:19:48,11:19:48,7.0,--,74,52080,卖盘,2017-08-03,2017-08-03 11:19:48
11:20:06,11:20:06,7.0,--,6,4200,卖盘,2017-08-03,2017-08-03 11:20:06
11:20:12,11:20:12,7.0,--,30,21000,卖盘,2017-08-03,2017-08-03 11:20:12
11:20:18,11:20:18,7.0,--,200,140000,卖盘,2017-08-03,2017-08-03 11:20:18
11:20:24,11:20:24,7.0,--,242,169400,卖盘,2017-08-03,2017-08-03 11:20:24
11:20:39,11:20:39,7.0,--,12,8400,卖盘,2017-08-03,2017-08-03 11:20:39
11:20:42,11:20:42,7.0,--,1,700,卖盘,2017-08-03,2017-08-03 11:20:42
11:20:51,11:20:51,7.0,--,200,140000,卖盘,2017-08-03,2017-08-03 11:20:51
11:21:12,11:21:12,7.0,--,5,3500,卖盘,2017-08-03,2017-08-03 11:21:12
11:21:21,11:21:21,7.0,--,18,12600,卖盘,2017-08-03,2017-08-03 11:21:21
11:21:33,11:21:33,7.0,--,170,119000,卖盘,2017-08-03,2017-08-03 11:21:33
11:21:42,11:21:42,7.0,--,50,35000,卖盘,2017-08-03,2017-08-03 11:21:42
11:21:48,11:21:48,7.0,--,7,5040,卖盘,2017-08-03,2017-08-03 11:21:48
11:21:51,11:21:51,7.0,--,1,700,卖盘,2017-08-03,2017-08-03 11:21:51
11:21:57,11:21:57,7.0,--,10,7000,卖盘,2017-08-03,2017-08-03 11:21:57
11:22:00,11:22:00,7.0,--,4,2800,卖盘,2017-08-03,2017-08-03 11:22:00
11:22:09,11:22:09,7.0,--,7,5040,卖盘,2017-08-03,2017-08-03 11:22:09
11:22:21,11:22:21,7.0,--,29,20300,卖盘,2017-08-03,2017-08-03 11:22:21
11:22:24,11:22:24,7.0,--,50,35000,卖盘,2017-08-03,2017-08-03 11:22:24
11:22:27,11:22:27,7.0,--,5,3500,卖盘,2017-08-03,2017-08-03 11:22:27
11:22:30,11:22:30,7.0,--,100,70000,卖盘,2017-08-03,2017-08-03 11:22:30
11:22:42,11:22:42,7.0,--,18,12600,卖盘,2017-08-03,2017-08-03 11:22:42
11:22:57,11:22:57,7.0,--,1,700,卖盘,2017-08-03,2017-08-03 11:22:57
11:23:09,11:23:09,7.0,--,5,3500,卖盘,2017-08-03,2017-08-03 11:23:09
11:23:12,11:23:12,7.0,--,30,21140,卖盘,2017-08-03,2017-08-03 11:23:12
11:23:36,11:23:36,7.0,--,6,4200,卖盘,2017-08-03,2017-08-03 11:23:36
11:23:42,11:23:42,7.0,--,100,70000,卖盘,2017-08-03,2017-08-03 11:23:42
11:23:45,11:23:45,7.0,--,10,7000,卖盘,2017-08-03,2017-08-03 11:23:45
11:24:06,11:24:06,7.0,--,2,1400,卖盘,2017-08-03,2017-08-03 11:24:06
11:24:09,11:24:09,7.0,--,10,7000,卖盘,2017-08-03,2017-08-03 11:24:09
11:24:18,11:24:18,7.0,--,20,14000,卖盘,2017-08-03,2017-08-03 11:24:18
11:24:48,11:24:48,7.0,--,6,4200,卖盘,2017-08-03,2017-08-03 11:24:48
11:25:06,11:25:06,7.0,--,1,700,卖盘,2017-08-03,2017-08-03 11:25:06
11:25:12,11:25:12,7.0,--,3,2100,卖盘,2017-08-03,2017-08-03 11:25:12
11:25:18,11:25:18,7.0,--,1,700,卖盘,2017-08-03,2017-08-03 11:25:18
11:25:24,11:25:24,7.0,--,4,2800,卖盘,2017-08-03,2017-08-03 11:25:24
11:25:42,11:25:42,7.0,--,21,15120,卖盘,2017-08-03,2017-08-03 11:25:42
11:25:45,11:25:45,7.0,--,10,7000,卖盘,2017-08-03,2017-08-03 11:25:45
11:25:51,11:25:51,7.0,--,10,7000,卖盘,2017-08-03,2017-08-03 11:25:51
11:26:09,11:26:09,7.0,--,87,61460,卖盘,2017-08-03,2017-08-03 11:26:09
11:26:21,11:26:21,7.0,--,25,17500,卖盘,2017-08-03,2017-08-03 11:26:21
11:26:24,11:26:24,7.0,--,5,3500,卖盘,2017-08-03,2017-08-03 11:26:24
11:26:39,11:26:39,7.0,--,6,4760,卖盘,2017-08-03,2017-08-03 11:26:39
11:26:45,11:26:45,7.0,--,5,3640,卖盘,2017-08-03,2017-08-03 11:26:45
11:26:48,11:26:48,7.0,--,54,37940,卖盘,2017-08-03,2017-08-03 11:26:48
11:27:00,11:27:00,7.0,--,30,21000,卖盘,2017-08-03,2017-08-03 11:27:00
11:27:06,11:27:06,7.0,--,64,44800,卖盘,2017-08-03,2017-08-03 11:27:06
11:27:09,11:27:09,7.0,--,50,35000,卖盘,2017-08-03,2017-08-03 11:27:09
11:27:30,11:27:30,7.0,--,61,43337,卖盘,2017-08-03,2017-08-03 11:27:30
11:27:36,11:27:36,7.0,--,15,10500,卖盘,2017-08-03,2017-08-03 11:27:36
11:27:51,11:27:51,7.0,--,10,7000,卖盘,2017-08-03,2017-08-03 11:27:51
11:28:09,11:28:09,7.0,--,30,21000,卖盘,2017-08-03,2017-08-03 11:28:09
11:28:12,11:28:12,7.0,--,12,8400,卖盘,2017-08-03,2017-08-03 11:28:12
11:28:27,11:28:27,7.0,--,24,17220,卖盘,2017-08-03,2017-08-03 11:28:27
11:28:33,11:28:33,7.0,--,5,3500,卖盘,2017-08-03,2017-08-03 11:28:33
11:28:54,11:28:54,7.0,--,3,2100,卖盘,2017-08-03,2017-08-03 11:28:54
11:29:24,11:29:24,7.0,--,10,7000,卖盘,2017-08-03,2017-08-03 11:29:24
11:29:27,11:29:27,7.0,--,4,2800,卖盘,2017-08-03,2017-08-03 11:29:27
11:29:30,11:29:30,7.0,--,20,14000,卖盘,2017-08-03,2017-08-03 11:29:30
11:29:51,11:29:51,7.0,--,71,49700,卖盘,2017-08-03,2017-08-03 11:29:51
11:30:03,11:30:03,7.0,--,0,0,卖盘,2017-08-03,2017-08-03 11:30:03
13:00:03,13:00:03,7.0,--,19,13300,卖盘,2017-08-03,2017-08-03 13:00:03
13:00:06,13:00:06,7.0,--,415,290780,卖盘,2017-08-03,2017-08-03 13:00:06
13:00:09,13:00:09,7.0,--,246,172200,卖盘,2017-08-03,2017-08-03 13:00:09
13:00:12,13:00:12,7.0,--,500,350000,卖盘,2017-08-03,2017-08-03 13:00:12
13:00:42,13:00:42,7.0,--,4,2800,卖盘,2017-08-03,2017-08-03 13:00:42
13:01:30,13:01:30,7.0,--,9,6300,卖盘,2017-08-03,2017-08-03 13:01:30
13:01:48,13:01:48,7.0,--,30,21000,卖盘,2017-08-03,2017-08-03 13:01:48
13:01:51,13:01:51,7.0,--,40,28000,卖盘,2017-08-03,2017-08-03 13:01:51
13:02:27,13:02:27,7.0,--,30,21000,卖盘,2017-08-03,2017-08-03 13:02:27
13:02:30,13:02:30,7.0,--,10,7000,卖盘,2017-08-03,2017-08-03 13:02:30
13:02:42,13:02:42,7.0,--,4,2800,卖盘,2017-08-03,2017-08-03 13:02:42
13:03:30,13:03:30,7.0,--,18,12600,卖盘,2017-08-03,2017-08-03 13:03:30
13:03:57,13:03:57,7.0,--,5,3920,卖盘,2017-08-03,2017-08-03 13:03:57
13:04:09,13:04:09,7.0,--,10,7000,卖盘,2017-08-03,2017-08-03 13:04:09
13:04:21,13:04:21,7.0,--,10,7000,卖盘,2017-08-03,2017-08-03 13:04:21
13:04:27,13:04:27,7.0,--,3,2100,卖盘,2017-08-03,2017-08-03 13:04:27
13:04:36,13:04:36,7.0,--,12,8400,卖盘,2017-08-03,2017-08-03 13:04:36
13:04:48,13:04:48,7.0,--,6,4200,卖盘,2017-08-03,2017-08-03 13:04:48
13:05:15,13:05:15,7.0,--,10,7000,卖盘,2017-08-03,2017-08-03 13:05:15
13:05:27,13:05:27,7.0,--,31,21840,卖盘,2017-08-03,2017-08-03 13:05:27
13:06:00,13:06:00,7.0,--,10,7000,卖盘,2017-08-03,2017-08-03 13:06:00
13:06:18,13:06:18,7.0,--,3,2100,卖盘,2017-08-03,2017-08-03 13:06:18
13:06:21,13:06:21,7.0,--,0,560,卖盘,2017-08-03,2017-08-03 13:06:21
13:06:30,13:06:30,7.0,--,10,7000,卖盘,2017-08-03,2017-08-03 13:06:30
13:07:42,13:07:42,7.0,--,120,84280,卖盘,2017-08-03,2017-08-03 13:07:42
13:07:54,13:07:54,7.0,--,39,27720,卖盘,2017-08-03,2017-08-03 13:07:54
13:08:09,13:08:09,7.0,--,8,5600,卖盘,2017-08-03,2017-08-03 13:08:09
13:08:12,13:08:12,7.0,--,2,1400,卖盘,2017-08-03,2017-08-03 13:08:12
13:08:18,13:08:18,7.0,--,2,1400,卖盘,2017-08-03,2017-08-03 13:08:18
13:08:42,13:08:42,7.0,--,50,35000,卖盘,2017-08-03,2017-08-03 13:08:42
13:09:24,13:09:24,7.0,--,14,10080,卖盘,2017-08-03,2017-08-03 13:09:24
13:09:36,13:09:36,7.0,--,21,14700,卖盘,2017-08-03,2017-08-03 13:09:36
13:10:09,13:10:09,7.0,--,14,9800,卖盘,2017-08-03,2017-08-03 13:10:09
13:10:21,13:10:21,7.0,--,10,7000,卖盘,2017-08-03,2017-08-03 13:10:21
13:10:39,13:10:39,7.0,--,8,5600,卖盘,2017-08-03,2017-08-03 13:10:39
13:10:51,13:10:51,7.0,--,11,7700,卖盘,2017-08-03,2017-08-03 13:10:51
13:11:36,13:11:36,7.0,--,4,2800,卖盘,2017-08-03,2017-08-03 13:11:36
13:11:39,13:11:39,7.0,--,20,14000,卖盘,2017-08-03,2017-08-03 13:11:39
13:12:06,13:12:06,7.0,--,10,7000,卖盘,2017-08-03,2017-08-03 13:12:06
13:12:09,13:12:09,7.0,--,9,6580,卖盘,2017-08-03,2017-08-03 13:12:09
13:12:21,13:12:21,7.0,--,6,4200,卖盘,2017-08-03,2017-08-03 13:12:21
13:12:27,13:12:27,7.0,--,20,14000,卖盘,2017-08-03,2017-08-03 13:12:27
13:12:39,13:12:39,7.0,--,10,7000,卖盘,2017-08-03,2017-08-03 13:12:39
13:12:57,13:12:57,7.0,--,10,7000,卖盘,2017-08-03,2017-08-03 13:12:57
13:13:18,13:13:18,7.0,--,10,7000,卖盘,2017-08-03,2017-08-03 13:13:18
13:13:24,13:13:24,7.0,--,4,2800,卖盘,2017-08-03,2017-08-03 13:13:24
13:13:45,13:13:45,7.0,--,11,7700,卖盘,2017-08-03,2017-08-03 13:13:45
13:13:48,13:13:48,7.0,--,40,28000,卖盘,2017-08-03,2017-08-03 13:13:48
13:14:33,13:14:33,7.0,--,20,14000,卖盘,2017-08-03,2017-08-03 13:14:33
13:14:36,13:14:36,7.0,--,5,3500,卖盘,2017-08-03,2017-08-03 13:14:36
13:15:06,13:15:06,7.0,--,10,7000,卖盘,2017-08-03,2017-08-03 13:15:06
13:15:27,13:15:27,7.0,--,2,1680,卖盘,2017-08-03,2017-08-03 13:15:27
13:15:45,13:15:45,7.0,--,14,9800,卖盘,2017-08-03,2017-08-03 13:15:45
13:16:18,13:16:18,7.0,--,27,18900,卖盘,2017-08-03,2017-08-03 13:16:18
13:16:21,13:16:21,7.0,--,40,28000,卖盘,2017-08-03,2017-08-03 13:16:21
13:17:00,13:17:00,7.0,--,20,14000,卖盘,2017-08-03,2017-08-03 13:17:00
13:17:21,13:17:21,7.0,--,4,2800,卖盘,2017-08-03,2017-08-03 13:17:21
13:17:48,13:17:48,7.0,--,2,1400,卖盘,2017-08-03,2017-08-03 13:17:48
13:17:54,13:17:54,7.0,--,70,49000,卖盘,2017-08-03,2017-08-03 13:17:54
13:18:48,13:18:48,7.0,--,50,35000,卖盘,2017-08-03,2017-08-03 13:18:48
13:18:51,13:18:51,7.0,--,54,38080,卖盘,2017-08-03,2017-08-03 13:18:51
13:19:57,13:19:57,7.0,--,400,280000,卖盘,2017-08-03,2017-08-03 13:19:57
13:20:15,13:20:15,7.0,--,32,22400,卖盘,2017-08-03,2017-08-03 13:20:15
13:20:24,13:20:24,7.0,--,50,35000,卖盘,2017-08-03,2017-08-03 13:20:24
13:20:30,13:20:30,7.0,--,30,21000,卖盘,2017-08-03,2017-08-03 13:20:30
13:20:42,13:20:42,7.0,--,8,5600,卖盘,2017-08-03,2017-08-03 13:20:42
13:20:45,13:20:45,7.0,--,9,6440,卖盘,2017-08-03,2017-08-03 13:20:45
13:21:12,13:21:12,7.0,--,9,6300,卖盘,2017-08-03,2017-08-03 13:21:12
13:21:27,13:21:27,7.0,--,38,26600,卖盘,2017-08-03,2017-08-03 13:21:27
13:21:30,13:21:30,7.0,--,4241,2968840,卖盘,2017-08-03,2017-08-03 13:21:30
13:21:36,13:21:36,7.0,--,10,7000,卖盘,2017-08-03,2017-08-03 13:21:36
13:22:24,13:22:24,7.0,--,30,21000,卖盘,2017-08-03,2017-08-03 13:22:24
13:22:39,13:22:39,7.0,--,30,21000,卖盘,2017-08-03,2017-08-03 13:22:39
13:22:54,13:22:54,7.0,--,2,1400,卖盘,2017-08-03,2017-08-03 13:22:54
13:23:03,13:23:03,7.0,--,346,242200,卖盘,2017-08-03,2017-08-03 13:23:03
13:23:09,13:23:09,7.0,--,300,210000,卖盘,2017-08-03,2017-08-03 13:23:09
13:23:15,13:23:15,7.0,--,5,3640,卖盘,2017-08-03,2017-08-03 13:23:15
13:23:21,13:23:21,7.0,--,9,6300,卖盘,2017-08-03,2017-08-03 13:23:21
13:23:30,13:23:30,7.0,--,15,10500,卖盘,2017-08-03,2017-08-03 13:23:30
13:23:42,13:23:42,7.0,--,5,3500,卖盘,2017-08-03,2017-08-03 13:23:42
13:23:45,13:23:45,7.0,--,686,480200,卖盘,2017-08-03,2017-08-03 13:23:45
13:24:03,13:24:03,7.0,--,10,7000,卖盘,2017-08-03,2017-08-03 13:24:03
13:24:12,13:24:12,7.0,--,10,7000,卖盘,2017-08-03,2017-08-03 13:24:12
13:24:33,13:24:33,7.0,--,10,7000,卖盘,2017-08-03,2017-08-03 13:24:33
13:24:45,13:24:45,7.0,--,20,14000,卖盘,2017-08-03,2017-08-03 13:24:45
13:25:03,13:25:03,7.0,--,64,44800,卖盘,2017-08-03,2017-08-03 13:25:03
13:25:27,13:25:27,7.0,--,4,2800,卖盘,2017-08-03,2017-08-03 13:25:27
13:25:36,13:25:36,7.0,--,48,34160,卖盘,2017-08-03,2017-08-03 13:25:36
13:25:45,13:25:45,7.0,--,82,57400,卖盘,2017-08-03,2017-08-03 13:25:45
13:25:54,13:25:54,7.0,--,20,14000,卖盘,2017-08-03,2017-08-03 13:25:54
13:26:36,13:26:36,7.0,--,640,448000,卖盘,2017-08-03,2017-08-03 13:26:36
13:26:45,13:26:45,7.0,--,5,3500,卖盘,2017-08-03,2017-08-03 13:26:45
13:27:15,13:27:15,7.0,--,50,35000,卖盘,2017-08-03,2017-08-03 13:27:15
13:27:27,13:27:27,7.0,--,5,3500,卖盘,2017-08-03,2017-08-03 13:27:27
13:27:39,13:27:39,7.0,--,2,1400,卖盘,2017-08-03,2017-08-03 13:27:39
13:27:42,13:27:42,7.0,--,50,35000,卖盘,2017-08-03,2017-08-03 13:27:42
13:27:45,13:27:45,7.0,--,40,28000,卖盘,2017-08-03,2017-08-03 13:27:45
13:28:00,13:28:00,7.0,--,90,63000,卖盘,2017-08-03,2017-08-03 13:28:00
13:28:24,13:28:24,7.0,--,12,8400,卖盘,2017-08-03,2017-08-03 13:28:24
13:28:33,13:28:33,7.0,--,20,14000,卖盘,2017-08-03,2017-08-03 13:28:33
13:28:39,13:28:39,7.0,--,20,14000,卖盘,2017-08-03,2017-08-03 13:28:39
13:29:06,13:29:06,7.0,--,10,7000,卖盘,2017-08-03,2017-08-03 13:29:06
13:29:09,13:29:09,7.0,--,40,28000,卖盘,2017-08-03,2017-08-03 13:29:09
13:29:27,13:29:27,7.0,--,4,2800,卖盘,2017-08-03,2017-08-03 13:29:27
13:29:36,13:29:36,7.0,--,20,14000,卖盘,2017-08-03,2017-08-03 13:29:36
13:29:45,13:29:45,7.0,--,10,7000,卖盘,2017-08-03,2017-08-03 13:29:45
13:29:51,13:29:51,7.0,--,120,84000,卖盘,2017-08-03,2017-08-03 13:29:51
13:30:03,13:30:03,7.0,--,180,126000,卖盘,2017-08-03,2017-08-03 13:30:03
13:30:21,13:30:21,7.0,--,5,4060,卖盘,2017-08-03,2017-08-03 13:30:21
13:31:09,13:31:09,7.0,--,12,8400,卖盘,2017-08-03,2017-08-03 13:31:09
13:31:15,13:31:15,7.0,--,1,700,卖盘,2017-08-03,2017-08-03 13:31:15
13:31:18,13:31:18,7.0,--,91,63700,卖盘,2017-08-03,2017-08-03 13:31:18
13:31:27,13:31:27,7.0,--,20,14000,卖盘,2017-08-03,2017-08-03 13:31:27
13:31:39,13:31:39,7.0,--,10,7000,卖盘,2017-08-03,2017-08-03 13:31:39
13:32:00,13:32:00,7.0,--,14,9800,卖盘,2017-08-03,2017-08-03 13:32:00
13:32:06,13:32:06,7.0,--,8,5600,卖盘,2017-08-03,2017-08-03 13:32:06
13:32:09,13:32:09,7.0,--,14,9800,卖盘,2017-08-03,2017-08-03 13:32:09
13:32:15,13:32:15,7.0,--,2,1400,卖盘,2017-08-03,2017-08-03 13:32:15
13:32:48,13:32:48,7.0,--,3,2100,卖盘,2017-08-03,2017-08-03 13:32:48
13:33:18,13:33:18,7.0,--,20,14000,卖盘,2017-08-03,2017-08-03 13:33:18
13:33:27,13:33:27,7.0,--,4,2800,卖盘,2017-08-03,2017-08-03 13:33:27
13:33:33,13:33:33,7.0,--,10,7000,卖盘,2017-08-03,2017-08-03 13:33:33
13:33:36,13:33:36,7.0,--,34,24360,卖盘,2017-08-03,2017-08-03 13:33:36
13:33:39,13:33:39,7.0,--,5,3500,卖盘,2017-08-03,2017-08-03 13:33:39
13:33:42,13:33:42,7.0,--,2,1400,卖盘,2017-08-03,2017-08-03 13:33:42
13:34:33,13:34:33,7.0,--,50,35000,卖盘,2017-08-03,2017-08-03 13:34:33
13:34:42,13:34:42,7.0,--,9,6300,卖盘,2017-08-03,2017-08-03 13:34:42
13:35:27,13:35:27,7.0,--,0,637,卖盘,2017-08-03,2017-08-03 13:35:27
13:35:33,13:35:33,7.0,--,40,28000,卖盘,2017-08-03,2017-08-03 13:35:33
13:35:45,13:35:45,7.0,--,32,22960,卖盘,2017-08-03,2017-08-03 13:35:45
13:36:03,13:36:03,7.0,--,25,17500,卖盘,2017-08-03,2017-08-03 13:36:03
13:36:09,13:36:09,7.0,--,1,700,卖盘,2017-08-03,2017-08-03 13:36:09
13:36:15,13:36:15,7.0,--,72,50400,卖盘,2017-08-03,2017-08-03 13:36:15
13:36:18,13:36:18,7.0,--,5,3500,卖盘,2017-08-03,2017-08-03 13:36:18
13:36:21,13:36:21,7.0,--,30,21000,卖盘,2017-08-03,2017-08-03 13:36:21
13:36:33,13:36:33,7.0,--,16,11200,卖盘,2017-08-03,2017-08-03 13:36:33
13:36:42,13:36:42,7.0,--,14,9800,卖盘,2017-08-03,2017-08-03 13:36:42
13:36:45,13:36:45,7.0,--,3,2100,卖盘,2017-08-03,2017-08-03 13:36:45
