idx_time,time,price,change,volume,amount,type,date,date_time
09:25:03,09:25:03,37.5,37.5,67,251250,买盘,2017-06-29,2017-06-29 09:25:03
09:30:03,09:30:03,37.51,0.01,3,11253,中性盘,2017-06-29,2017-06-29 09:30:03
09:30:06,09:30:06,37.66,0.15,180,677879,买盘,2017-06-29,2017-06-29 09:30:06
09:30:09,09:30:09,37.6,-0.06,53,199280,卖盘,2017-06-29,2017-06-29 09:30:09
09:30:15,09:30:15,37.61,0.01,10,37610,中性盘,2017-06-29,2017-06-29 09:30:15
09:30:24,09:30:24,37.6,-0.01,186,699360,卖盘,2017-06-29,2017-06-29 09:30:24
09:30:39,09:30:39,37.52,-0.08,82,307664,中性盘,2017-06-29,2017-06-29 09:30:39
09:30:42,09:30:42,37.5,-0.02,142,532500,卖盘,2017-06-29,2017-06-29 09:30:42
09:30:48,09:30:48,37.5,--,7,26250,买盘,2017-06-29,2017-06-29 09:30:48
09:30:51,09:30:51,37.5,--,130,487500,买盘,2017-06-29,2017-06-29 09:30:51
09:30:57,09:30:57,37.47,-0.03,30,112410,卖盘,2017-06-29,2017-06-29 09:30:57
09:31:00,09:31:00,37.47,--,16,59952,买盘,2017-06-29,2017-06-29 09:31:00
09:31:06,09:31:06,37.45,-0.02,315,1179675,卖盘,2017-06-29,2017-06-29 09:31:06
09:31:09,09:31:09,37.45,--,3,11235,买盘,2017-06-29,2017-06-29 09:31:09
09:31:12,09:31:12,37.45,--,1,3745,买盘,2017-06-29,2017-06-29 09:31:12
09:31:15,09:31:15,37.43,-0.02,4,14972,卖盘,2017-06-29,2017-06-29 09:31:15
09:31:21,09:31:21,37.49,0.06,126,472374,买盘,2017-06-29,2017-06-29 09:31:21
09:31:24,09:31:24,37.5,0.01,114,427500,买盘,2017-06-29,2017-06-29 09:31:24
09:31:27,09:31:27,37.4,-0.1,134,501160,卖盘,2017-06-29,2017-06-29 09:31:27
09:31:30,09:31:30,37.43,0.03,30,112290,买盘,2017-06-29,2017-06-29 09:31:30
09:31:33,09:31:33,37.43,--,6,22458,买盘,2017-06-29,2017-06-29 09:31:33
09:31:48,09:31:48,37.49,0.06,3,11247,卖盘,2017-06-29,2017-06-29 09:31:48
09:31:51,09:31:51,37.49,--,9,33741,卖盘,2017-06-29,2017-06-29 09:31:51
09:31:54,09:31:54,37.49,--,154,577346,买盘,2017-06-29,2017-06-29 09:31:54
09:32:00,09:32:00,37.49,--,14,52486,买盘,2017-06-29,2017-06-29 09:32:00
09:32:09,09:32:09,37.48,-0.01,5,18740,中性盘,2017-06-29,2017-06-29 09:32:09
09:32:12,09:32:12,37.36,-0.12,3,11208,卖盘,2017-06-29,2017-06-29 09:32:12
09:32:24,09:32:24,37.47,0.11,1,3747,中性盘,2017-06-29,2017-06-29 09:32:24
09:32:27,09:32:27,37.4,-0.07,1,3740,卖盘,2017-06-29,2017-06-29 09:32:27
09:32:30,09:32:30,37.4,--,11,41140,卖盘,2017-06-29,2017-06-29 09:32:30
09:32:33,09:32:33,37.41,0.01,11,41150,卖盘,2017-06-29,2017-06-29 09:32:33
09:32:39,09:32:39,37.34,-0.07,216,806544,卖盘,2017-06-29,2017-06-29 09:32:39
09:32:45,09:32:45,37.41,0.07,3,11222,中性盘,2017-06-29,2017-06-29 09:32:45
09:32:51,09:32:51,37.35,-0.06,20,74700,中性盘,2017-06-29,2017-06-29 09:32:51
09:32:54,09:32:54,37.35,--,2,7470,卖盘,2017-06-29,2017-06-29 09:32:54
09:32:57,09:32:57,37.34,-0.01,39,145626,卖盘,2017-06-29,2017-06-29 09:32:57
09:33:00,09:33:00,37.41,0.07,24,89783,买盘,2017-06-29,2017-06-29 09:33:00
09:33:03,09:33:03,37.42,0.01,1,3742,卖盘,2017-06-29,2017-06-29 09:33:03
09:33:06,09:33:06,37.42,--,3,11226,卖盘,2017-06-29,2017-06-29 09:33:06
09:33:12,09:33:12,37.45,0.03,1,3745,买盘,2017-06-29,2017-06-29 09:33:12
09:33:15,09:33:15,37.42,-0.03,119,445298,卖盘,2017-06-29,2017-06-29 09:33:15
09:33:18,09:33:18,37.42,--,56,209552,买盘,2017-06-29,2017-06-29 09:33:18
09:33:21,09:33:21,37.42,--,100,374200,买盘,2017-06-29,2017-06-29 09:33:21
09:33:27,09:33:27,37.42,--,5,18710,买盘,2017-06-29,2017-06-29 09:33:27
09:33:30,09:33:30,37.41,-0.01,2,7481,卖盘,2017-06-29,2017-06-29 09:33:30
09:33:33,09:33:33,37.41,--,4,14963,卖盘,2017-06-29,2017-06-29 09:33:33
09:33:36,09:33:36,37.41,--,2,7481,买盘,2017-06-29,2017-06-29 09:33:36
09:33:39,09:33:39,37.41,--,1,3740,买盘,2017-06-29,2017-06-29 09:33:39
09:33:42,09:33:42,37.41,--,1,3740,买盘,2017-06-29,2017-06-29 09:33:42
09:33:45,09:33:45,37.41,--,6,22445,买盘,2017-06-29,2017-06-29 09:33:45
09:33:48,09:33:48,37.41,--,36,134676,买盘,2017-06-29,2017-06-29 09:33:48
09:33:51,09:33:51,37.4,-0.01,4,14960,卖盘,2017-06-29,2017-06-29 09:33:51
09:33:54,09:33:54,37.37,-0.03,14,52318,卖盘,2017-06-29,2017-06-29 09:33:54
09:34:03,09:34:03,37.4,0.03,2,7480,买盘,2017-06-29,2017-06-29 09:34:03
09:34:09,09:34:09,37.36,-0.04,25,93400,卖盘,2017-06-29,2017-06-29 09:34:09
09:34:18,09:34:18,37.4,0.04,13,48620,买盘,2017-06-29,2017-06-29 09:34:18
09:34:30,09:34:30,37.34,-0.06,200,746800,卖盘,2017-06-29,2017-06-29 09:34:30
09:34:33,09:34:33,37.4,0.06,14,52360,买盘,2017-06-29,2017-06-29 09:34:33
09:34:39,09:34:39,37.11,-0.29,353,1309983,卖盘,2017-06-29,2017-06-29 09:34:39
09:34:48,09:34:48,37.36,0.25,7,26152,中性盘,2017-06-29,2017-06-29 09:34:48
09:34:51,09:34:51,37.35,-0.01,14,52290,卖盘,2017-06-29,2017-06-29 09:34:51
09:35:06,09:35:06,37.15,-0.2,42,156030,中性盘,2017-06-29,2017-06-29 09:35:06
09:35:09,09:35:09,37.15,--,3,11145,买盘,2017-06-29,2017-06-29 09:35:09
09:35:12,09:35:12,37.13,-0.02,19,70547,卖盘,2017-06-29,2017-06-29 09:35:12
09:35:18,09:35:18,37.13,--,25,92825,卖盘,2017-06-29,2017-06-29 09:35:18
09:35:21,09:35:21,37.13,--,124,460412,卖盘,2017-06-29,2017-06-29 09:35:21
09:35:24,09:35:24,37.12,-0.01,94,348928,卖盘,2017-06-29,2017-06-29 09:35:24
09:35:27,09:35:27,37.13,0.01,118,438134,买盘,2017-06-29,2017-06-29 09:35:27
09:35:30,09:35:30,37.12,-0.01,23,85376,卖盘,2017-06-29,2017-06-29 09:35:30
09:35:33,09:35:33,37.13,0.01,65,241345,买盘,2017-06-29,2017-06-29 09:35:33
09:35:39,09:35:39,37.11,-0.02,112,415632,卖盘,2017-06-29,2017-06-29 09:35:39
09:35:42,09:35:42,37.13,0.02,19,70547,卖盘,2017-06-29,2017-06-29 09:35:42
09:35:48,09:35:48,37.13,--,3,11139,买盘,2017-06-29,2017-06-29 09:35:48
09:35:51,09:35:51,37.12,-0.01,8,29695,卖盘,2017-06-29,2017-06-29 09:35:51
09:35:54,09:35:54,37.08,-0.04,37,137196,卖盘,2017-06-29,2017-06-29 09:35:54
09:35:57,09:35:57,37.12,0.04,10,37120,买盘,2017-06-29,2017-06-29 09:35:57
09:36:00,09:36:00,37.12,--,1,3711,买盘,2017-06-29,2017-06-29 09:36:00
09:36:03,09:36:03,37.12,--,6,22272,买盘,2017-06-29,2017-06-29 09:36:03
09:36:09,09:36:09,37.11,-0.01,7,25977,中性盘,2017-06-29,2017-06-29 09:36:09
09:36:12,09:36:12,37.12,0.01,1,3711,买盘,2017-06-29,2017-06-29 09:36:12
09:36:15,09:36:15,37.13,0.01,5,18565,买盘,2017-06-29,2017-06-29 09:36:15
09:36:18,09:36:18,37.12,-0.01,10,37120,卖盘,2017-06-29,2017-06-29 09:36:18
09:36:21,09:36:21,37.14,0.02,43,159702,买盘,2017-06-29,2017-06-29 09:36:21
09:36:24,09:36:24,37.12,-0.02,12,44544,中性盘,2017-06-29,2017-06-29 09:36:24
09:36:27,09:36:27,37.12,--,2,7423,卖盘,2017-06-29,2017-06-29 09:36:27
09:36:33,09:36:33,37.13,0.01,5,18565,中性盘,2017-06-29,2017-06-29 09:36:33
09:36:36,09:36:36,37.11,-0.02,66,246002,卖盘,2017-06-29,2017-06-29 09:36:36
09:36:45,09:36:45,37.14,0.03,12,44568,买盘,2017-06-29,2017-06-29 09:36:45
09:36:48,09:36:48,37.1,-0.04,202,749420,卖盘,2017-06-29,2017-06-29 09:36:48
09:36:51,09:36:51,37.1,--,3,11130,买盘,2017-06-29,2017-06-29 09:36:51
09:36:54,09:36:54,37.12,0.02,14,51968,买盘,2017-06-29,2017-06-29 09:36:54
09:37:00,09:37:00,37.1,-0.02,25,92750,卖盘,2017-06-29,2017-06-29 09:37:00
09:37:03,09:37:03,37.1,--,1,3710,卖盘,2017-06-29,2017-06-29 09:37:03
09:37:09,09:37:09,37.12,0.02,1,3711,卖盘,2017-06-29,2017-06-29 09:37:09
09:37:12,09:37:12,37.11,-0.01,105,389655,买盘,2017-06-29,2017-06-29 09:37:12
09:37:15,09:37:15,37.11,--,5,18555,买盘,2017-06-29,2017-06-29 09:37:15
09:37:18,09:37:18,37.1,-0.01,53,196630,卖盘,2017-06-29,2017-06-29 09:37:18
09:37:21,09:37:21,37.09,-0.01,146,541514,卖盘,2017-06-29,2017-06-29 09:37:21
09:37:27,09:37:27,37.12,0.03,105,389760,买盘,2017-06-29,2017-06-29 09:37:27
09:37:30,09:37:30,37.13,0.01,14,51982,卖盘,2017-06-29,2017-06-29 09:37:30
09:37:33,09:37:33,37.13,--,5,18565,卖盘,2017-06-29,2017-06-29 09:37:33
09:37:36,09:37:36,37.13,--,100,371300,卖盘,2017-06-29,2017-06-29 09:37:36
09:37:39,09:37:39,37.14,0.01,5,18570,买盘,2017-06-29,2017-06-29 09:37:39
09:37:42,09:37:42,37.14,--,1,3714,买盘,2017-06-29,2017-06-29 09:37:42
09:37:48,09:37:48,37.58,0.44,159,597522,买盘,2017-06-29,2017-06-29 09:37:48
09:38:09,09:38:09,37.12,-0.46,83,308096,中性盘,2017-06-29,2017-06-29 09:38:09
09:38:15,09:38:15,37.12,--,38,141056,买盘,2017-06-29,2017-06-29 09:38:15
09:38:18,09:38:18,37.12,--,29,107647,买盘,2017-06-29,2017-06-29 09:38:18
09:38:24,09:38:24,37.39,0.27,2,7478,中性盘,2017-06-29,2017-06-29 09:38:24
09:38:39,09:38:39,37.16,-0.23,1,3715,中性盘,2017-06-29,2017-06-29 09:38:39
09:39:30,09:39:30,37.19,0.03,6,22314,中性盘,2017-06-29,2017-06-29 09:39:30
09:39:42,09:39:42,37.28,0.09,1,3728,买盘,2017-06-29,2017-06-29 09:39:42
09:39:51,09:39:51,37.29,0.01,15,55935,买盘,2017-06-29,2017-06-29 09:39:51
09:40:03,09:40:03,37.23,-0.06,2,7445,中性盘,2017-06-29,2017-06-29 09:40:03
09:40:06,09:40:06,37.22,-0.01,1,3722,卖盘,2017-06-29,2017-06-29 09:40:06
09:40:09,09:40:09,37.26,0.04,2,7452,买盘,2017-06-29,2017-06-29 09:40:09
09:40:18,09:40:18,37.27,0.01,10,37270,买盘,2017-06-29,2017-06-29 09:40:18
09:40:21,09:40:21,37.27,--,5,18635,买盘,2017-06-29,2017-06-29 09:40:21
09:40:27,09:40:27,37.27,--,2,7454,卖盘,2017-06-29,2017-06-29 09:40:27
09:40:33,09:40:33,37.23,-0.04,68,253163,卖盘,2017-06-29,2017-06-29 09:40:33
09:40:36,09:40:36,37.23,--,2,7445,买盘,2017-06-29,2017-06-29 09:40:36
09:40:39,09:40:39,37.23,--,5,18615,买盘,2017-06-29,2017-06-29 09:40:39
09:40:42,09:40:42,37.23,--,5,18615,买盘,2017-06-29,2017-06-29 09:40:42
09:40:48,09:40:48,37.22,-0.01,25,93050,卖盘,2017-06-29,2017-06-29 09:40:48
09:40:51,09:40:51,37.23,0.01,5,18615,买盘,2017-06-29,2017-06-29 09:40:51
09:40:54,09:40:54,37.22,-0.01,46,171212,卖盘,2017-06-29,2017-06-29 09:40:54
09:41:03,09:41:03,37.22,--,45,167490,买盘,2017-06-29,2017-06-29 09:41:03
09:41:06,09:41:06,37.22,--,40,148880,买盘,2017-06-29,2017-06-29 09:41:06
09:41:09,09:41:09,37.21,-0.01,3,11163,卖盘,2017-06-29,2017-06-29 09:41:09
09:41:12,09:41:12,37.22,0.01,6,22332,买盘,2017-06-29,2017-06-29 09:41:12
09:41:15,09:41:15,37.21,-0.01,34,126514,卖盘,2017-06-29,2017-06-29 09:41:15
09:41:21,09:41:21,37.22,0.01,8,29776,中性盘,2017-06-29,2017-06-29 09:41:21
09:41:30,09:41:30,37.29,0.07,20,74580,买盘,2017-06-29,2017-06-29 09:41:30
09:41:39,09:41:39,37.28,-0.01,28,104384,卖盘,2017-06-29,2017-06-29 09:41:39
09:41:48,09:41:48,37.3,0.02,22,82060,买盘,2017-06-29,2017-06-29 09:41:48
09:41:51,09:41:51,37.28,-0.02,22,82016,卖盘,2017-06-29,2017-06-29 09:41:51
09:42:06,09:42:06,37.28,--,75,279600,买盘,2017-06-29,2017-06-29 09:42:06
09:42:18,09:42:18,37.3,0.02,8,29839,买盘,2017-06-29,2017-06-29 09:42:18
09:42:36,09:42:36,37.37,0.07,17,63528,买盘,2017-06-29,2017-06-29 09:42:36
09:42:48,09:42:48,37.37,--,4,14947,买盘,2017-06-29,2017-06-29 09:42:48
09:42:54,09:42:54,37.37,--,20,74740,买盘,2017-06-29,2017-06-29 09:42:54
09:42:57,09:42:57,37.37,--,3,11211,买盘,2017-06-29,2017-06-29 09:42:57
09:43:00,09:43:00,37.37,--,2,7473,买盘,2017-06-29,2017-06-29 09:43:00
09:43:06,09:43:06,37.37,--,7,26159,买盘,2017-06-29,2017-06-29 09:43:06
09:43:12,09:43:12,37.37,--,30,112109,卖盘,2017-06-29,2017-06-29 09:43:12
09:43:15,09:43:15,37.38,0.01,1,3738,买盘,2017-06-29,2017-06-29 09:43:15
09:43:18,09:43:18,37.38,--,8,29904,买盘,2017-06-29,2017-06-29 09:43:18
09:43:21,09:43:21,37.4,0.02,4,14960,买盘,2017-06-29,2017-06-29 09:43:21
09:43:24,09:43:24,37.36,-0.04,105,392280,卖盘,2017-06-29,2017-06-29 09:43:24
09:43:27,09:43:27,37.4,0.04,4,14960,买盘,2017-06-29,2017-06-29 09:43:27
09:43:42,09:43:42,37.42,0.02,3,11226,买盘,2017-06-29,2017-06-29 09:43:42
09:43:45,09:43:45,37.37,-0.05,29,108372,卖盘,2017-06-29,2017-06-29 09:43:45
09:44:00,09:44:00,37.38,0.01,1,3738,中性盘,2017-06-29,2017-06-29 09:44:00
09:44:03,09:44:03,37.36,-0.02,40,149440,卖盘,2017-06-29,2017-06-29 09:44:03
09:44:18,09:44:18,37.4,0.04,7,26180,买盘,2017-06-29,2017-06-29 09:44:18
09:44:24,09:44:24,37.4,--,2,7480,买盘,2017-06-29,2017-06-29 09:44:24
09:44:27,09:44:27,37.4,--,10,37400,买盘,2017-06-29,2017-06-29 09:44:27
09:44:30,09:44:30,37.4,--,10,37400,买盘,2017-06-29,2017-06-29 09:44:30
09:44:39,09:44:39,37.38,-0.02,48,179424,卖盘,2017-06-29,2017-06-29 09:44:39
09:44:45,09:44:45,37.38,--,10,37380,卖盘,2017-06-29,2017-06-29 09:44:45
09:44:48,09:44:48,37.36,-0.02,1,3736,卖盘,2017-06-29,2017-06-29 09:44:48
09:44:51,09:44:51,37.39,0.03,33,123387,买盘,2017-06-29,2017-06-29 09:44:51
09:44:54,09:44:54,37.39,--,5,18695,卖盘,2017-06-29,2017-06-29 09:44:54
09:45:00,09:45:00,37.4,0.01,7,26180,买盘,2017-06-29,2017-06-29 09:45:00
09:45:03,09:45:03,37.39,-0.01,10,37390,卖盘,2017-06-29,2017-06-29 09:45:03
09:45:06,09:45:06,37.39,--,1,3739,卖盘,2017-06-29,2017-06-29 09:45:06
09:45:12,09:45:12,37.41,0.02,3,11222,买盘,2017-06-29,2017-06-29 09:45:12
09:45:21,09:45:21,37.41,--,7,26186,买盘,2017-06-29,2017-06-29 09:45:21
09:45:24,09:45:24,37.41,--,10,37410,卖盘,2017-06-29,2017-06-29 09:45:24
09:45:27,09:45:27,37.39,-0.02,50,186950,卖盘,2017-06-29,2017-06-29 09:45:27
09:45:36,09:45:36,37.39,--,156,583284,卖盘,2017-06-29,2017-06-29 09:45:36
09:45:54,09:45:54,37.4,0.01,3,11220,中性盘,2017-06-29,2017-06-29 09:45:54
09:45:57,09:45:57,37.5,0.1,24,90000,买盘,2017-06-29,2017-06-29 09:45:57
09:46:06,09:46:06,37.4,-0.1,29,108460,中性盘,2017-06-29,2017-06-29 09:46:06
09:46:12,09:46:12,37.38,-0.02,7,26166,卖盘,2017-06-29,2017-06-29 09:46:12
09:46:30,09:46:30,37.36,-0.02,3,11208,卖盘,2017-06-29,2017-06-29 09:46:30
09:46:33,09:46:33,37.32,-0.04,11,41052,卖盘,2017-06-29,2017-06-29 09:46:33
09:46:36,09:46:36,37.3,-0.02,10,37300,卖盘,2017-06-29,2017-06-29 09:46:36
09:46:39,09:46:39,37.32,0.02,2,7464,买盘,2017-06-29,2017-06-29 09:46:39
09:46:45,09:46:45,37.3,-0.02,24,89520,卖盘,2017-06-29,2017-06-29 09:46:45
09:46:48,09:46:48,37.28,-0.02,30,111840,卖盘,2017-06-29,2017-06-29 09:46:48
09:47:00,09:47:00,37.31,0.03,10,37310,买盘,2017-06-29,2017-06-29 09:47:00
09:47:06,09:47:06,37.3,-0.01,1,3729,中性盘,2017-06-29,2017-06-29 09:47:06
09:47:30,09:47:30,37.25,-0.05,9,33525,中性盘,2017-06-29,2017-06-29 09:47:30
09:47:33,09:47:33,37.25,--,12,44700,卖盘,2017-06-29,2017-06-29 09:47:33
09:47:54,09:47:54,37.28,0.03,5,18640,中性盘,2017-06-29,2017-06-29 09:47:54
09:47:57,09:47:57,37.3,0.02,1,3729,买盘,2017-06-29,2017-06-29 09:47:57
09:48:03,09:48:03,37.28,-0.02,100,372800,卖盘,2017-06-29,2017-06-29 09:48:03
09:48:15,09:48:15,37.31,0.03,30,111930,买盘,2017-06-29,2017-06-29 09:48:15
09:48:18,09:48:18,37.28,-0.03,4,14912,买盘,2017-06-29,2017-06-29 09:48:18
09:48:24,09:48:24,37.28,--,5,18640,买盘,2017-06-29,2017-06-29 09:48:24
09:48:33,09:48:33,37.28,--,4,14912,买盘,2017-06-29,2017-06-29 09:48:33
09:48:42,09:48:42,37.25,-0.03,13,48425,卖盘,2017-06-29,2017-06-29 09:48:42
09:48:48,09:48:48,37.28,0.03,2,7456,买盘,2017-06-29,2017-06-29 09:48:48
09:48:54,09:48:54,37.23,-0.05,110,409529,卖盘,2017-06-29,2017-06-29 09:48:54
09:49:06,09:49:06,37.26,0.03,19,70794,中性盘,2017-06-29,2017-06-29 09:49:06
09:49:18,09:49:18,37.26,--,6,22356,卖盘,2017-06-29,2017-06-29 09:49:18
09:49:24,09:49:24,37.25,-0.01,50,186250,卖盘,2017-06-29,2017-06-29 09:49:24
09:49:27,09:49:27,37.25,--,3,11175,卖盘,2017-06-29,2017-06-29 09:49:27
09:49:45,09:49:45,37.25,--,1,3725,中性盘,2017-06-29,2017-06-29 09:49:45
09:49:48,09:49:48,37.24,-0.01,3,11172,卖盘,2017-06-29,2017-06-29 09:49:48
09:49:54,09:49:54,37.25,0.01,1,3725,买盘,2017-06-29,2017-06-29 09:49:54
09:50:00,09:50:00,37.25,--,21,78225,买盘,2017-06-29,2017-06-29 09:50:00
09:50:03,09:50:03,37.25,--,22,81950,卖盘,2017-06-29,2017-06-29 09:50:03
09:50:18,09:50:18,37.25,--,3,11175,卖盘,2017-06-29,2017-06-29 09:50:18
09:50:24,09:50:24,37.26,0.01,2,7452,买盘,2017-06-29,2017-06-29 09:50:24
09:50:27,09:50:27,37.25,-0.01,1,3725,卖盘,2017-06-29,2017-06-29 09:50:27
09:50:30,09:50:30,37.25,--,25,93125,买盘,2017-06-29,2017-06-29 09:50:30
09:50:33,09:50:33,37.25,--,10,37250,买盘,2017-06-29,2017-06-29 09:50:33
09:50:36,09:50:36,37.25,--,1,3725,买盘,2017-06-29,2017-06-29 09:50:36
09:50:39,09:50:39,37.25,--,23,85675,买盘,2017-06-29,2017-06-29 09:50:39
09:50:45,09:50:45,37.25,--,5,18625,买盘,2017-06-29,2017-06-29 09:50:45
09:51:00,09:51:00,37.26,0.01,6,22356,买盘,2017-06-29,2017-06-29 09:51:00
09:51:03,09:51:03,37.26,--,2,7452,卖盘,2017-06-29,2017-06-29 09:51:03
09:51:12,09:51:12,37.26,--,7,26082,卖盘,2017-06-29,2017-06-29 09:51:12
09:51:36,09:51:36,37.26,--,2,7452,卖盘,2017-06-29,2017-06-29 09:51:36
09:51:39,09:51:39,37.31,0.05,5,18655,买盘,2017-06-29,2017-06-29 09:51:39
09:51:57,09:51:57,37.32,0.01,3,11196,买盘,2017-06-29,2017-06-29 09:51:57
09:52:03,09:52:03,37.32,--,2,7464,买盘,2017-06-29,2017-06-29 09:52:03
09:52:15,09:52:15,37.32,--,2,7464,卖盘,2017-06-29,2017-06-29 09:52:15
09:52:18,09:52:18,37.32,--,5,18660,卖盘,2017-06-29,2017-06-29 09:52:18
09:52:39,09:52:39,37.33,0.01,88,328504,卖盘,2017-06-29,2017-06-29 09:52:39
09:52:42,09:52:42,37.35,0.02,1,3735,买盘,2017-06-29,2017-06-29 09:52:42
09:52:45,09:52:45,37.35,--,3,11205,买盘,2017-06-29,2017-06-29 09:52:45
09:52:51,09:52:51,37.35,--,10,37350,买盘,2017-06-29,2017-06-29 09:52:51
09:52:54,09:52:54,37.35,--,1,3735,买盘,2017-06-29,2017-06-29 09:52:54
09:53:12,09:53:12,37.34,-0.01,2,7468,中性盘,2017-06-29,2017-06-29 09:53:12
09:53:18,09:53:18,37.35,0.01,21,78435,买盘,2017-06-29,2017-06-29 09:53:18
09:53:21,09:53:21,37.35,--,13,48555,卖盘,2017-06-29,2017-06-29 09:53:21
09:53:30,09:53:30,37.38,0.03,57,213066,买盘,2017-06-29,2017-06-29 09:53:30
09:53:33,09:53:33,37.38,--,32,119616,买盘,2017-06-29,2017-06-29 09:53:33
09:53:45,09:53:45,37.4,0.02,5,18700,买盘,2017-06-29,2017-06-29 09:53:45
09:53:48,09:53:48,37.4,--,10,37400,买盘,2017-06-29,2017-06-29 09:53:48
09:53:54,09:53:54,37.4,--,16,59840,买盘,2017-06-29,2017-06-29 09:53:54
09:54:00,09:54:00,37.38,-0.02,303,1132614,卖盘,2017-06-29,2017-06-29 09:54:00
09:54:06,09:54:06,37.38,--,5,18690,买盘,2017-06-29,2017-06-29 09:54:06
09:54:15,09:54:15,37.38,--,5,18690,买盘,2017-06-29,2017-06-29 09:54:15
09:54:21,09:54:21,37.4,0.02,29,108460,买盘,2017-06-29,2017-06-29 09:54:21
09:54:27,09:54:27,37.45,0.05,38,142310,买盘,2017-06-29,2017-06-29 09:54:27
09:54:30,09:54:30,37.45,--,2,7490,卖盘,2017-06-29,2017-06-29 09:54:30
09:54:33,09:54:33,37.4,-0.05,4,14960,卖盘,2017-06-29,2017-06-29 09:54:33
09:54:45,09:54:45,37.45,0.05,5,18725,中性盘,2017-06-29,2017-06-29 09:54:45
09:54:48,09:54:48,37.4,-0.05,1,3740,卖盘,2017-06-29,2017-06-29 09:54:48
09:55:03,09:55:03,37.41,0.01,2,7481,中性盘,2017-06-29,2017-06-29 09:55:03
09:55:06,09:55:06,37.48,0.07,10,37480,买盘,2017-06-29,2017-06-29 09:55:06
09:55:15,09:55:15,37.45,-0.03,5,18725,中性盘,2017-06-29,2017-06-29 09:55:15
09:55:24,09:55:24,37.48,0.03,20,74960,买盘,2017-06-29,2017-06-29 09:55:24
09:55:36,09:55:36,37.48,--,18,67464,买盘,2017-06-29,2017-06-29 09:55:36
09:55:39,09:55:39,37.41,-0.07,8,29927,卖盘,2017-06-29,2017-06-29 09:55:39
09:55:54,09:55:54,37.41,--,40,149640,卖盘,2017-06-29,2017-06-29 09:55:54
09:56:03,09:56:03,37.42,0.01,12,44904,中性盘,2017-06-29,2017-06-29 09:56:03
09:56:12,09:56:12,37.42,--,8,29936,卖盘,2017-06-29,2017-06-29 09:56:12
09:56:21,09:56:21,37.42,--,88,329296,卖盘,2017-06-29,2017-06-29 09:56:21
09:56:33,09:56:33,37.4,-0.02,31,115940,卖盘,2017-06-29,2017-06-29 09:56:33
09:56:36,09:56:36,37.38,-0.02,144,538272,卖盘,2017-06-29,2017-06-29 09:56:36
09:56:42,09:56:42,37.38,--,23,85974,卖盘,2017-06-29,2017-06-29 09:56:42
09:56:51,09:56:51,37.38,--,15,56070,买盘,2017-06-29,2017-06-29 09:56:51
09:57:00,09:57:00,37.38,--,1,3738,买盘,2017-06-29,2017-06-29 09:57:00
09:57:03,09:57:03,37.36,-0.02,10,37360,卖盘,2017-06-29,2017-06-29 09:57:03
09:57:09,09:57:09,37.38,0.02,10,37380,买盘,2017-06-29,2017-06-29 09:57:09
09:57:15,09:57:15,37.36,-0.02,1,3736,卖盘,2017-06-29,2017-06-29 09:57:15
09:57:18,09:57:18,37.36,--,10,37360,卖盘,2017-06-29,2017-06-29 09:57:18
09:57:24,09:57:24,37.35,-0.01,2,7470,卖盘,2017-06-29,2017-06-29 09:57:24
09:57:30,09:57:30,37.32,-0.03,25,93300,卖盘,2017-06-29,2017-06-29 09:57:30
09:57:42,09:57:42,37.36,0.04,200,747200,买盘,2017-06-29,2017-06-29 09:57:42
09:57:45,09:57:45,37.28,-0.08,17,63376,卖盘,2017-06-29,2017-06-29 09:57:45
09:58:12,09:58:12,37.28,--,8,29824,卖盘,2017-06-29,2017-06-29 09:58:12
09:58:18,09:58:18,37.28,--,49,182672,卖盘,2017-06-29,2017-06-29 09:58:18
09:58:21,09:58:21,37.28,--,68,253504,买盘,2017-06-29,2017-06-29 09:58:21
09:58:45,09:58:45,37.29,0.01,77,288699,卖盘,2017-06-29,2017-06-29 09:58:45
09:58:48,09:58:48,37.3,0.01,1,3729,买盘,2017-06-29,2017-06-29 09:58:48
09:58:57,09:58:57,37.29,-0.01,30,111870,卖盘,2017-06-29,2017-06-29 09:58:57
09:59:12,09:59:12,37.29,--,1,3729,卖盘,2017-06-29,2017-06-29 09:59:12
09:59:18,09:59:18,37.29,--,10,37290,卖盘,2017-06-29,2017-06-29 09:59:18
09:59:21,09:59:21,37.3,0.01,3,11190,买盘,2017-06-29,2017-06-29 09:59:21
09:59:27,09:59:27,37.29,-0.01,1,3729,卖盘,2017-06-29,2017-06-29 09:59:27
09:59:51,09:59:51,37.3,0.01,15,55949,中性盘,2017-06-29,2017-06-29 09:59:51
09:59:54,09:59:54,37.3,--,3,11190,卖盘,2017-06-29,2017-06-29 09:59:54
10:00:00,10:00:00,37.3,--,8,29839,卖盘,2017-06-29,2017-06-29 10:00:00
10:00:03,10:00:03,37.3,--,9,33570,卖盘,2017-06-29,2017-06-29 10:00:03
10:00:21,10:00:21,37.29,-0.01,63,234927,卖盘,2017-06-29,2017-06-29 10:00:21
10:00:27,10:00:27,37.29,--,11,43181,卖盘,2017-06-29,2017-06-29 10:00:27
10:00:30,10:00:30,37.28,-0.01,4,14912,卖盘,2017-06-29,2017-06-29 10:00:30
10:00:39,10:00:39,37.28,--,38,141664,卖盘,2017-06-29,2017-06-29 10:00:39
10:00:45,10:00:45,37.27,-0.01,23,85721,卖盘,2017-06-29,2017-06-29 10:00:45
10:00:51,10:00:51,37.27,--,15,55905,卖盘,2017-06-29,2017-06-29 10:00:51
10:00:57,10:00:57,37.26,-0.01,50,186300,卖盘,2017-06-29,2017-06-29 10:00:57
10:01:00,10:01:00,37.26,--,4,14904,卖盘,2017-06-29,2017-06-29 10:01:00
10:01:06,10:01:06,37.25,-0.01,22,81950,卖盘,2017-06-29,2017-06-29 10:01:06
10:01:12,10:01:12,37.25,--,3,11175,买盘,2017-06-29,2017-06-29 10:01:12
10:01:15,10:01:15,37.23,-0.02,12,44675,卖盘,2017-06-29,2017-06-29 10:01:15
10:01:24,10:01:24,37.2,-0.03,109,405480,卖盘,2017-06-29,2017-06-29 10:01:24
10:01:33,10:01:33,37.2,--,285,1060200,卖盘,2017-06-29,2017-06-29 10:01:33
10:01:36,10:01:36,37.2,--,2,7440,买盘,2017-06-29,2017-06-29 10:01:36
10:01:48,10:01:48,37.18,-0.02,23,85514,卖盘,2017-06-29,2017-06-29 10:01:48
10:01:57,10:01:57,37.18,--,11,40898,买盘,2017-06-29,2017-06-29 10:01:57
10:02:00,10:02:00,37.18,--,10,37180,买盘,2017-06-29,2017-06-29 10:02:00
10:02:03,10:02:03,37.16,-0.02,25,92899,卖盘,2017-06-29,2017-06-29 10:02:03
10:02:06,10:02:06,37.18,0.02,30,111540,买盘,2017-06-29,2017-06-29 10:02:06
10:02:09,10:02:09,37.15,-0.03,122,453230,卖盘,2017-06-29,2017-06-29 10:02:09
10:02:12,10:02:12,37.14,-0.01,1,3714,卖盘,2017-06-29,2017-06-29 10:02:12
10:02:15,10:02:15,37.15,0.01,3,11145,买盘,2017-06-29,2017-06-29 10:02:15
10:02:18,10:02:18,37.18,0.03,59,219362,买盘,2017-06-29,2017-06-29 10:02:18
10:02:21,10:02:21,37.14,-0.04,12,44568,卖盘,2017-06-29,2017-06-29 10:02:21
10:02:24,10:02:24,37.14,--,3,11142,卖盘,2017-06-29,2017-06-29 10:02:24
10:02:27,10:02:27,37.12,-0.02,24,89088,卖盘,2017-06-29,2017-06-29 10:02:27
10:02:30,10:02:30,37.15,0.03,2,7430,卖盘,2017-06-29,2017-06-29 10:02:30
10:02:33,10:02:33,37.1,-0.05,75,278250,卖盘,2017-06-29,2017-06-29 10:02:33
10:02:42,10:02:42,37.1,--,11,40810,卖盘,2017-06-29,2017-06-29 10:02:42
10:02:45,10:02:45,37.12,0.02,1,3711,买盘,2017-06-29,2017-06-29 10:02:45
10:02:48,10:02:48,37.12,--,10,37120,卖盘,2017-06-29,2017-06-29 10:02:48
10:02:51,10:02:51,37.14,0.02,50,185700,买盘,2017-06-29,2017-06-29 10:02:51
10:02:54,10:02:54,37.11,-0.03,1,3711,卖盘,2017-06-29,2017-06-29 10:02:54
10:02:57,10:02:57,37.1,-0.01,5,18550,卖盘,2017-06-29,2017-06-29 10:02:57
10:03:00,10:03:00,37.1,--,2,7420,卖盘,2017-06-29,2017-06-29 10:03:00
10:03:03,10:03:03,37.11,0.01,7,25977,中性盘,2017-06-29,2017-06-29 10:03:03
10:03:06,10:03:06,37.11,--,53,196683,卖盘,2017-06-29,2017-06-29 10:03:06
10:03:09,10:03:09,37.11,--,5,18555,买盘,2017-06-29,2017-06-29 10:03:09
10:03:12,10:03:12,37.11,--,13,48243,买盘,2017-06-29,2017-06-29 10:03:12
10:03:18,10:03:18,37.1,-0.01,30,111300,卖盘,2017-06-29,2017-06-29 10:03:18
10:03:21,10:03:21,37.1,--,28,103880,卖盘,2017-06-29,2017-06-29 10:03:21
10:03:24,10:03:24,37.1,--,2,7420,买盘,2017-06-29,2017-06-29 10:03:24
10:03:30,10:03:30,37.1,--,3,11130,买盘,2017-06-29,2017-06-29 10:03:30
10:03:36,10:03:36,37.1,--,31,115010,买盘,2017-06-29,2017-06-29 10:03:36
10:03:39,10:03:39,37.11,0.01,18,66798,买盘,2017-06-29,2017-06-29 10:03:39
10:03:45,10:03:45,37.14,0.03,36,133704,买盘,2017-06-29,2017-06-29 10:03:45
10:03:48,10:03:48,37.1,-0.04,21,77910,中性盘,2017-06-29,2017-06-29 10:03:48
10:03:51,10:03:51,37.09,-0.01,107,396863,卖盘,2017-06-29,2017-06-29 10:03:51
10:03:54,10:03:54,37.14,0.05,17,64697,买盘,2017-06-29,2017-06-29 10:03:54
10:03:57,10:03:57,37.15,0.01,5,18575,卖盘,2017-06-29,2017-06-29 10:03:57
10:04:12,10:04:12,37.15,--,26,96590,卖盘,2017-06-29,2017-06-29 10:04:12
10:04:33,10:04:33,37.18,0.03,19,70642,中性盘,2017-06-29,2017-06-29 10:04:33
10:04:45,10:04:45,37.19,0.01,1,3719,买盘,2017-06-29,2017-06-29 10:04:45
10:04:48,10:04:48,37.19,--,2,7438,卖盘,2017-06-29,2017-06-29 10:04:48
10:04:57,10:04:57,37.19,--,32,119008,卖盘,2017-06-29,2017-06-29 10:04:57
10:05:03,10:05:03,37.19,--,10,37190,卖盘,2017-06-29,2017-06-29 10:05:03
10:05:12,10:05:12,37.2,0.01,3,11160,买盘,2017-06-29,2017-06-29 10:05:12
10:05:18,10:05:18,37.2,--,1,3720,买盘,2017-06-29,2017-06-29 10:05:18
10:05:21,10:05:21,37.2,--,20,74400,买盘,2017-06-29,2017-06-29 10:05:21
10:05:27,10:05:27,37.19,-0.01,2,7438,卖盘,2017-06-29,2017-06-29 10:05:27
10:05:30,10:05:30,37.19,--,1,3719,卖盘,2017-06-29,2017-06-29 10:05:30
10:05:33,10:05:33,37.2,0.01,25,93000,买盘,2017-06-29,2017-06-29 10:05:33
10:05:39,10:05:39,37.18,-0.02,51,189618,卖盘,2017-06-29,2017-06-29 10:05:39
10:05:51,10:05:51,37.2,0.02,20,74400,买盘,2017-06-29,2017-06-29 10:05:51
10:06:03,10:06:03,37.15,-0.05,83,308345,卖盘,2017-06-29,2017-06-29 10:06:03
10:06:18,10:06:18,37.15,--,2,7430,卖盘,2017-06-29,2017-06-29 10:06:18
10:06:27,10:06:27,37.15,--,51,191619,卖盘,2017-06-29,2017-06-29 10:06:27
10:06:42,10:06:42,37.14,-0.01,4,14856,卖盘,2017-06-29,2017-06-29 10:06:42
10:06:45,10:06:45,37.11,-0.03,9,33399,卖盘,2017-06-29,2017-06-29 10:06:45
10:07:00,10:07:00,37.11,--,10,37110,卖盘,2017-06-29,2017-06-29 10:07:00
10:07:06,10:07:06,37.11,--,10,37110,卖盘,2017-06-29,2017-06-29 10:07:06
10:07:09,10:07:09,37.1,-0.01,25,92750,卖盘,2017-06-29,2017-06-29 10:07:09
10:07:24,10:07:24,37.1,--,11,40810,卖盘,2017-06-29,2017-06-29 10:07:24
10:07:27,10:07:27,37.11,0.01,2,7422,买盘,2017-06-29,2017-06-29 10:07:27
10:07:33,10:07:33,37.11,--,15,55665,买盘,2017-06-29,2017-06-29 10:07:33
10:07:45,10:07:45,37.11,--,3,11133,卖盘,2017-06-29,2017-06-29 10:07:45
10:07:48,10:07:48,37.1,-0.01,35,129850,卖盘,2017-06-29,2017-06-29 10:07:48
10:07:57,10:07:57,37.1,--,1,3710,买盘,2017-06-29,2017-06-29 10:07:57
10:08:00,10:08:00,37.1,--,1,3710,买盘,2017-06-29,2017-06-29 10:08:00
10:08:03,10:08:03,37.1,--,1,3710,买盘,2017-06-29,2017-06-29 10:08:03
10:08:06,10:08:06,37.09,-0.01,4,14836,卖盘,2017-06-29,2017-06-29 10:08:06
10:08:09,10:08:09,37.09,--,18,66762,卖盘,2017-06-29,2017-06-29 10:08:09
10:08:12,10:08:12,37.1,0.01,1,3710,买盘,2017-06-29,2017-06-29 10:08:12
10:08:18,10:08:18,37.09,-0.01,87,322683,卖盘,2017-06-29,2017-06-29 10:08:18
10:08:27,10:08:27,37.08,-0.01,3,11124,卖盘,2017-06-29,2017-06-29 10:08:27
10:08:33,10:08:33,37.08,--,7,25956,卖盘,2017-06-29,2017-06-29 10:08:33
10:08:39,10:08:39,37.08,--,11,40788,卖盘,2017-06-29,2017-06-29 10:08:39
10:08:42,10:08:42,37.08,--,27,100116,卖盘,2017-06-29,2017-06-29 10:08:42
10:08:45,10:08:45,37.08,--,9,33372,买盘,2017-06-29,2017-06-29 10:08:45
10:08:48,10:08:48,37.07,-0.01,25,92675,卖盘,2017-06-29,2017-06-29 10:08:48
10:08:57,10:08:57,37.08,0.01,42,155736,买盘,2017-06-29,2017-06-29 10:08:57
10:09:00,10:09:00,37.07,-0.01,4,14828,卖盘,2017-06-29,2017-06-29 10:09:00
10:09:03,10:09:03,37.07,--,36,133452,卖盘,2017-06-29,2017-06-29 10:09:03
10:09:06,10:09:06,37.07,--,21,80478,卖盘,2017-06-29,2017-06-29 10:09:06
10:09:12,10:09:12,37.07,--,19,70433,买盘,2017-06-29,2017-06-29 10:09:12
10:09:27,10:09:27,37.06,-0.01,3,11118,卖盘,2017-06-29,2017-06-29 10:09:27
10:09:30,10:09:30,37.07,0.01,50,185350,买盘,2017-06-29,2017-06-29 10:09:30
10:09:33,10:09:33,37.06,-0.01,1,3706,卖盘,2017-06-29,2017-06-29 10:09:33
10:09:48,10:09:48,37.05,-0.01,116,429779,中性盘,2017-06-29,2017-06-29 10:09:48
10:09:54,10:09:54,36.98,-0.07,280,1035439,卖盘,2017-06-29,2017-06-29 10:09:54
10:09:57,10:09:57,37.0,0.02,56,207200,中性盘,2017-06-29,2017-06-29 10:09:57
10:10:00,10:10:00,36.98,-0.02,30,110939,卖盘,2017-06-29,2017-06-29 10:10:00
10:10:03,10:10:03,37.0,0.02,3,11100,买盘,2017-06-29,2017-06-29 10:10:03
10:10:06,10:10:06,36.98,-0.02,1,3697,卖盘,2017-06-29,2017-06-29 10:10:06
10:10:09,10:10:09,36.98,--,19,70262,卖盘,2017-06-29,2017-06-29 10:10:09
10:10:12,10:10:12,36.98,--,111,410477,卖盘,2017-06-29,2017-06-29 10:10:12
10:10:15,10:10:15,36.98,--,48,177503,卖盘,2017-06-29,2017-06-29 10:10:15
10:10:18,10:10:18,36.95,-0.03,8,29560,卖盘,2017-06-29,2017-06-29 10:10:18
10:10:21,10:10:21,36.92,-0.03,11,40612,卖盘,2017-06-29,2017-06-29 10:10:21
10:10:24,10:10:24,36.95,0.03,1,3695,买盘,2017-06-29,2017-06-29 10:10:24
10:10:30,10:10:30,36.91,-0.04,20,73820,卖盘,2017-06-29,2017-06-29 10:10:30
10:10:33,10:10:33,36.95,0.04,2,7390,买盘,2017-06-29,2017-06-29 10:10:33
10:10:36,10:10:36,36.92,-0.03,12,44304,中性盘,2017-06-29,2017-06-29 10:10:36
10:10:39,10:10:39,36.91,-0.01,18,66438,中性盘,2017-06-29,2017-06-29 10:10:39
10:10:45,10:10:45,36.85,-0.06,135,497475,卖盘,2017-06-29,2017-06-29 10:10:45
10:10:48,10:10:48,36.85,--,27,99495,买盘,2017-06-29,2017-06-29 10:10:48
10:10:54,10:10:54,36.85,--,7,25795,买盘,2017-06-29,2017-06-29 10:10:54
10:10:57,10:10:57,36.85,--,50,184250,买盘,2017-06-29,2017-06-29 10:10:57
10:11:00,10:11:00,36.83,-0.02,114,419862,卖盘,2017-06-29,2017-06-29 10:11:00
10:11:03,10:11:03,36.85,0.02,8,29480,卖盘,2017-06-29,2017-06-29 10:11:03
10:11:06,10:11:06,36.85,--,7,25795,卖盘,2017-06-29,2017-06-29 10:11:06
10:11:09,10:11:09,36.8,-0.05,601,2211680,卖盘,2017-06-29,2017-06-29 10:11:09
10:11:12,10:11:12,36.85,0.05,14,51590,卖盘,2017-06-29,2017-06-29 10:11:12
10:11:15,10:11:15,36.85,--,6,22110,买盘,2017-06-29,2017-06-29 10:11:15
10:11:18,10:11:18,36.85,--,6,22110,卖盘,2017-06-29,2017-06-29 10:11:18
10:11:21,10:11:21,36.85,--,2,7370,买盘,2017-06-29,2017-06-29 10:11:21
10:11:27,10:11:27,36.83,-0.02,5,18415,卖盘,2017-06-29,2017-06-29 10:11:27
10:11:30,10:11:30,36.85,0.02,131,482735,买盘,2017-06-29,2017-06-29 10:11:30
10:11:33,10:11:33,36.85,--,3,11055,卖盘,2017-06-29,2017-06-29 10:11:33
10:11:36,10:11:36,36.85,--,5,18425,卖盘,2017-06-29,2017-06-29 10:11:36
10:11:39,10:11:39,36.85,--,50,184250,卖盘,2017-06-29,2017-06-29 10:11:39
10:11:42,10:11:42,36.89,0.04,20,73780,买盘,2017-06-29,2017-06-29 10:11:42
10:11:45,10:11:45,36.89,--,19,70091,买盘,2017-06-29,2017-06-29 10:11:45
10:11:48,10:11:48,36.8,-0.09,172,632960,卖盘,2017-06-29,2017-06-29 10:11:48
10:11:51,10:11:51,36.85,0.05,6,22110,中性盘,2017-06-29,2017-06-29 10:11:51
10:12:00,10:12:00,36.85,--,6,22110,卖盘,2017-06-29,2017-06-29 10:12:00
10:12:03,10:12:03,36.85,--,1,3685,买盘,2017-06-29,2017-06-29 10:12:03
10:12:12,10:12:12,36.85,--,5,18425,买盘,2017-06-29,2017-06-29 10:12:12
10:12:15,10:12:15,36.85,--,38,140030,买盘,2017-06-29,2017-06-29 10:12:15
10:12:18,10:12:18,36.85,--,2,7370,买盘,2017-06-29,2017-06-29 10:12:18
10:12:21,10:12:21,36.85,--,42,154770,买盘,2017-06-29,2017-06-29 10:12:21
10:12:24,10:12:24,36.85,--,4,14740,买盘,2017-06-29,2017-06-29 10:12:24
10:12:30,10:12:30,36.85,--,41,151085,卖盘,2017-06-29,2017-06-29 10:12:30
10:12:36,10:12:36,36.85,--,59,217415,卖盘,2017-06-29,2017-06-29 10:12:36
10:12:39,10:12:39,36.85,--,5,21520,买盘,2017-06-29,2017-06-29 10:12:39
10:12:42,10:12:42,36.85,--,37,136345,卖盘,2017-06-29,2017-06-29 10:12:42
10:12:54,10:12:54,36.92,0.07,1,3692,买盘,2017-06-29,2017-06-29 10:12:54
10:13:00,10:13:00,36.92,--,90,332280,买盘,2017-06-29,2017-06-29 10:13:00
10:13:18,10:13:18,36.98,0.06,10,36980,买盘,2017-06-29,2017-06-29 10:13:18
10:13:21,10:13:21,36.95,-0.03,1,3695,卖盘,2017-06-29,2017-06-29 10:13:21
10:13:24,10:13:24,36.95,--,18,66510,卖盘,2017-06-29,2017-06-29 10:13:24
10:13:27,10:13:27,37.0,0.05,35,129500,买盘,2017-06-29,2017-06-29 10:13:27
10:13:39,10:13:39,37.0,--,2,7400,买盘,2017-06-29,2017-06-29 10:13:39
10:13:42,10:13:42,36.98,-0.02,11,40678,卖盘,2017-06-29,2017-06-29 10:13:42
10:13:48,10:13:48,36.98,--,7,25885,卖盘,2017-06-29,2017-06-29 10:13:48
10:13:51,10:13:51,36.98,--,3,11093,买盘,2017-06-29,2017-06-29 10:13:51
10:13:57,10:13:57,37.0,0.02,29,107300,买盘,2017-06-29,2017-06-29 10:13:57
10:14:03,10:14:03,36.95,-0.05,4,14780,卖盘,2017-06-29,2017-06-29 10:14:03
10:14:12,10:14:12,36.95,--,10,36950,卖盘,2017-06-29,2017-06-29 10:14:12
10:14:15,10:14:15,36.98,0.03,10,36980,买盘,2017-06-29,2017-06-29 10:14:15
10:14:18,10:14:18,36.95,-0.03,64,236480,卖盘,2017-06-29,2017-06-29 10:14:18
10:14:21,10:14:21,36.95,--,1,3695,买盘,2017-06-29,2017-06-29 10:14:21
10:14:30,10:14:30,36.94,-0.01,2,7388,中性盘,2017-06-29,2017-06-29 10:14:30
10:14:39,10:14:39,36.92,-0.02,10,36920,卖盘,2017-06-29,2017-06-29 10:14:39
10:14:45,10:14:45,36.92,--,20,73840,买盘,2017-06-29,2017-06-29 10:14:45
10:14:51,10:14:51,36.89,-0.03,5,18445,中性盘,2017-06-29,2017-06-29 10:14:51
10:14:54,10:14:54,36.93,0.04,41,151413,买盘,2017-06-29,2017-06-29 10:14:54
10:14:57,10:14:57,36.88,-0.05,30,110640,卖盘,2017-06-29,2017-06-29 10:14:57
10:15:03,10:15:03,36.88,--,16,59008,卖盘,2017-06-29,2017-06-29 10:15:03
10:15:12,10:15:12,36.88,--,22,81136,买盘,2017-06-29,2017-06-29 10:15:12
10:15:15,10:15:15,36.87,-0.01,5,18435,卖盘,2017-06-29,2017-06-29 10:15:15
10:15:18,10:15:18,36.87,--,3,11061,卖盘,2017-06-29,2017-06-29 10:15:18
10:15:21,10:15:21,36.88,0.01,4,14752,买盘,2017-06-29,2017-06-29 10:15:21
10:15:24,10:15:24,36.87,-0.01,3,11061,卖盘,2017-06-29,2017-06-29 10:15:24
10:15:27,10:15:27,36.87,--,1,3686,买盘,2017-06-29,2017-06-29 10:15:27
10:15:30,10:15:30,36.87,--,12,44244,买盘,2017-06-29,2017-06-29 10:15:30
10:15:42,10:15:42,36.88,0.01,159,586392,买盘,2017-06-29,2017-06-29 10:15:42
10:15:54,10:15:54,36.89,0.01,15,55335,中性盘,2017-06-29,2017-06-29 10:15:54
10:15:57,10:15:57,36.93,0.04,50,184650,买盘,2017-06-29,2017-06-29 10:15:57
10:16:00,10:16:00,36.88,-0.05,74,275087,卖盘,2017-06-29,2017-06-29 10:16:00
10:16:06,10:16:06,36.94,0.06,10,36940,买盘,2017-06-29,2017-06-29 10:16:06
10:16:09,10:16:09,36.94,--,22,81268,买盘,2017-06-29,2017-06-29 10:16:09
10:16:24,10:16:24,36.98,0.04,3,11093,买盘,2017-06-29,2017-06-29 10:16:24
10:16:27,10:16:27,36.97,-0.01,50,184850,卖盘,2017-06-29,2017-06-29 10:16:27
10:16:30,10:16:30,37.09,0.12,81,300429,买盘,2017-06-29,2017-06-29 10:16:30
10:16:36,10:16:36,37.0,-0.09,100,370000,卖盘,2017-06-29,2017-06-29 10:16:36
10:16:39,10:16:39,37.0,--,2,7400,卖盘,2017-06-29,2017-06-29 10:16:39
10:16:48,10:16:48,37.05,0.05,6,22230,中性盘,2017-06-29,2017-06-29 10:16:48
10:16:54,10:16:54,37.05,--,10,37050,买盘,2017-06-29,2017-06-29 10:16:54
10:16:57,10:16:57,37.01,-0.04,7,25907,卖盘,2017-06-29,2017-06-29 10:16:57
10:17:00,10:17:00,37.05,0.04,10,37050,买盘,2017-06-29,2017-06-29 10:17:00
10:17:12,10:17:12,37.08,0.03,1,3708,买盘,2017-06-29,2017-06-29 10:17:12
10:17:15,10:17:15,37.05,-0.03,6,22230,卖盘,2017-06-29,2017-06-29 10:17:15
10:17:24,10:17:24,37.08,0.03,10,37080,买盘,2017-06-29,2017-06-29 10:17:24
10:17:33,10:17:33,37.05,-0.03,50,185250,卖盘,2017-06-29,2017-06-29 10:17:33
10:17:36,10:17:36,37.05,--,10,37050,买盘,2017-06-29,2017-06-29 10:17:36
10:17:42,10:17:42,37.05,--,36,133380,买盘,2017-06-29,2017-06-29 10:17:42
10:17:45,10:17:45,37.05,--,1,3704,买盘,2017-06-29,2017-06-29 10:17:45
10:18:09,10:18:09,37.05,--,7,25934,买盘,2017-06-29,2017-06-29 10:18:09
10:18:21,10:18:21,37.05,--,4,14819,买盘,2017-06-29,2017-06-29 10:18:21
10:18:24,10:18:24,37.04,-0.01,49,181496,卖盘,2017-06-29,2017-06-29 10:18:24
10:18:33,10:18:33,37.03,-0.01,1,3703,卖盘,2017-06-29,2017-06-29 10:18:33
10:18:36,10:18:36,37.03,--,17,62951,卖盘,2017-06-29,2017-06-29 10:18:36
10:18:39,10:18:39,37.03,--,1,3703,买盘,2017-06-29,2017-06-29 10:18:39
10:18:51,10:18:51,37.03,--,9,33327,买盘,2017-06-29,2017-06-29 10:18:51
10:19:03,10:19:03,37.04,0.01,18,66672,买盘,2017-06-29,2017-06-29 10:19:03
10:19:06,10:19:06,37.03,-0.01,10,37030,卖盘,2017-06-29,2017-06-29 10:19:06
10:19:12,10:19:12,37.04,0.01,50,185200,买盘,2017-06-29,2017-06-29 10:19:12
10:19:21,10:19:21,37.03,-0.01,1,3703,中性盘,2017-06-29,2017-06-29 10:19:21
10:19:27,10:19:27,37.03,--,12,44436,买盘,2017-06-29,2017-06-29 10:19:27
10:19:39,10:19:39,37.03,--,8,29624,卖盘,2017-06-29,2017-06-29 10:19:39
10:19:42,10:19:42,37.02,-0.01,2,7404,卖盘,2017-06-29,2017-06-29 10:19:42
10:19:45,10:19:45,37.01,-0.01,12,44412,卖盘,2017-06-29,2017-06-29 10:19:45
10:19:57,10:19:57,37.04,0.03,2,7408,买盘,2017-06-29,2017-06-29 10:19:57
10:20:09,10:20:09,37.04,--,10,37040,中性盘,2017-06-29,2017-06-29 10:20:09
10:20:12,10:20:12,37.04,--,1,3704,卖盘,2017-06-29,2017-06-29 10:20:12
10:20:15,10:20:15,37.04,--,7,25928,卖盘,2017-06-29,2017-06-29 10:20:15
10:20:24,10:20:24,37.04,--,2,7408,卖盘,2017-06-29,2017-06-29 10:20:24
10:20:27,10:20:27,37.05,0.01,3,11115,买盘,2017-06-29,2017-06-29 10:20:27
10:20:30,10:20:30,37.04,-0.01,4,14816,卖盘,2017-06-29,2017-06-29 10:20:30
10:20:36,10:20:36,37.07,0.03,11,40777,买盘,2017-06-29,2017-06-29 10:20:36
10:20:39,10:20:39,37.09,0.02,107,397938,买盘,2017-06-29,2017-06-29 10:20:39
10:20:42,10:20:42,37.09,--,16,59344,卖盘,2017-06-29,2017-06-29 10:20:42
10:20:45,10:20:45,37.09,--,4,14836,卖盘,2017-06-29,2017-06-29 10:20:45
10:20:48,10:20:48,37.09,--,1,3709,卖盘,2017-06-29,2017-06-29 10:20:48
10:20:51,10:20:51,37.09,--,15,55635,卖盘,2017-06-29,2017-06-29 10:20:51
10:20:57,10:20:57,37.09,--,56,210337,卖盘,2017-06-29,2017-06-29 10:20:57
10:21:00,10:21:00,37.09,--,30,111270,买盘,2017-06-29,2017-06-29 10:21:00
10:21:03,10:21:03,37.1,0.01,26,96460,买盘,2017-06-29,2017-06-29 10:21:03
10:21:12,10:21:12,37.07,-0.03,10,37070,卖盘,2017-06-29,2017-06-29 10:21:12
10:21:30,10:21:30,37.07,--,5,18535,卖盘,2017-06-29,2017-06-29 10:21:30
10:21:33,10:21:33,37.09,0.02,3,11127,买盘,2017-06-29,2017-06-29 10:21:33
10:21:39,10:21:39,37.01,-0.08,202,747602,卖盘,2017-06-29,2017-06-29 10:21:39
10:21:51,10:21:51,37.0,-0.01,100,370000,卖盘,2017-06-29,2017-06-29 10:21:51
10:21:54,10:21:54,37.01,0.01,50,185050,买盘,2017-06-29,2017-06-29 10:21:54
10:22:00,10:22:00,37.0,-0.01,31,114700,卖盘,2017-06-29,2017-06-29 10:22:00
10:22:12,10:22:12,37.0,--,16,59200,卖盘,2017-06-29,2017-06-29 10:22:12
10:22:18,10:22:18,36.94,-0.06,249,919806,卖盘,2017-06-29,2017-06-29 10:22:18
10:22:33,10:22:33,37.01,0.07,6,22206,中性盘,2017-06-29,2017-06-29 10:22:33
10:22:36,10:22:36,36.94,-0.07,1,3694,卖盘,2017-06-29,2017-06-29 10:22:36
10:22:45,10:22:45,36.94,--,5,18470,卖盘,2017-06-29,2017-06-29 10:22:45
10:22:51,10:22:51,36.95,0.01,10,36950,中性盘,2017-06-29,2017-06-29 10:22:51
10:23:03,10:23:03,37.06,0.11,2,7412,买盘,2017-06-29,2017-06-29 10:23:03
10:23:06,10:23:06,37.06,--,40,148240,卖盘,2017-06-29,2017-06-29 10:23:06
10:23:09,10:23:09,37.06,--,3,11118,卖盘,2017-06-29,2017-06-29 10:23:09
10:23:12,10:23:12,37.06,--,1,3706,卖盘,2017-06-29,2017-06-29 10:23:12
10:23:15,10:23:15,37.06,--,1,3706,卖盘,2017-06-29,2017-06-29 10:23:15
10:23:27,10:23:27,37.04,-0.02,5,18520,中性盘,2017-06-29,2017-06-29 10:23:27
10:23:39,10:23:39,37.06,0.02,1,3706,中性盘,2017-06-29,2017-06-29 10:23:39
10:23:45,10:23:45,37.06,--,1,3706,卖盘,2017-06-29,2017-06-29 10:23:45
10:23:48,10:23:48,37.06,--,8,29648,卖盘,2017-06-29,2017-06-29 10:23:48
10:24:06,10:24:06,37.06,--,10,37060,买盘,2017-06-29,2017-06-29 10:24:06
10:24:09,10:24:09,37.07,0.01,9,33363,买盘,2017-06-29,2017-06-29 10:24:09
10:24:42,10:24:42,37.01,-0.06,10,37010,卖盘,2017-06-29,2017-06-29 10:24:42
10:24:48,10:24:48,37.02,0.01,5,18510,中性盘,2017-06-29,2017-06-29 10:24:48
10:24:57,10:24:57,37.02,--,5,18510,卖盘,2017-06-29,2017-06-29 10:24:57
10:25:09,10:25:09,37.02,--,5,18510,买盘,2017-06-29,2017-06-29 10:25:09
10:25:27,10:25:27,37.02,--,10,37020,卖盘,2017-06-29,2017-06-29 10:25:27
10:25:30,10:25:30,37.05,0.03,2,7409,买盘,2017-06-29,2017-06-29 10:25:30
10:25:33,10:25:33,37.02,-0.03,10,37020,卖盘,2017-06-29,2017-06-29 10:25:33
10:25:48,10:25:48,37.01,-0.01,3,11103,卖盘,2017-06-29,2017-06-29 10:25:48
10:25:51,10:25:51,37.01,--,5,18505,卖盘,2017-06-29,2017-06-29 10:25:51
10:25:57,10:25:57,37.02,0.01,68,251736,买盘,2017-06-29,2017-06-29 10:25:57
10:26:18,10:26:18,37.01,-0.01,2,7402,买盘,2017-06-29,2017-06-29 10:26:18
10:26:27,10:26:27,37.0,-0.01,32,118400,卖盘,2017-06-29,2017-06-29 10:26:27
10:26:42,10:26:42,37.0,--,1,3700,买盘,2017-06-29,2017-06-29 10:26:42
10:26:48,10:26:48,36.96,-0.04,10,36960,卖盘,2017-06-29,2017-06-29 10:26:48
10:26:51,10:26:51,36.96,--,10,36960,买盘,2017-06-29,2017-06-29 10:26:51
10:26:54,10:26:54,36.95,-0.01,5,18475,卖盘,2017-06-29,2017-06-29 10:26:54
10:27:00,10:27:00,36.95,--,1,3695,卖盘,2017-06-29,2017-06-29 10:27:00
10:27:03,10:27:03,36.95,--,12,44340,卖盘,2017-06-29,2017-06-29 10:27:03
10:27:18,10:27:18,36.95,--,5,18475,买盘,2017-06-29,2017-06-29 10:27:18
10:27:24,10:27:24,36.95,--,1,3695,买盘,2017-06-29,2017-06-29 10:27:24
10:27:27,10:27:27,36.93,-0.02,43,158799,卖盘,2017-06-29,2017-06-29 10:27:27
10:27:48,10:27:48,36.93,--,7,25851,买盘,2017-06-29,2017-06-29 10:27:48
10:27:51,10:27:51,36.91,-0.02,23,84892,卖盘,2017-06-29,2017-06-29 10:27:51
10:27:57,10:27:57,36.91,--,7,25836,买盘,2017-06-29,2017-06-29 10:27:57
10:28:00,10:28:00,36.93,0.02,15,55395,买盘,2017-06-29,2017-06-29 10:28:00
10:28:06,10:28:06,36.91,-0.02,25,92274,卖盘,2017-06-29,2017-06-29 10:28:06
10:28:12,10:28:12,36.95,0.04,17,62815,买盘,2017-06-29,2017-06-29 10:28:12
10:28:24,10:28:24,36.9,-0.05,39,143910,卖盘,2017-06-29,2017-06-29 10:28:24
10:28:30,10:28:30,36.99,0.09,5,18495,买盘,2017-06-29,2017-06-29 10:28:30
10:28:54,10:28:54,36.95,-0.04,3,11085,卖盘,2017-06-29,2017-06-29 10:28:54
10:28:57,10:28:57,36.99,0.04,3,11097,买盘,2017-06-29,2017-06-29 10:28:57
10:29:12,10:29:12,37.0,0.01,1,3700,买盘,2017-06-29,2017-06-29 10:29:12
10:29:21,10:29:21,36.95,-0.05,6,22170,卖盘,2017-06-29,2017-06-29 10:29:21
10:29:27,10:29:27,36.95,--,19,70205,卖盘,2017-06-29,2017-06-29 10:29:27
10:29:36,10:29:36,36.95,--,3,11085,卖盘,2017-06-29,2017-06-29 10:29:36
10:29:57,10:29:57,36.91,-0.04,5,18455,卖盘,2017-06-29,2017-06-29 10:29:57
10:30:24,10:30:24,36.92,0.01,10,36920,中性盘,2017-06-29,2017-06-29 10:30:24
10:30:30,10:30:30,36.91,-0.01,6,22145,卖盘,2017-06-29,2017-06-29 10:30:30
10:30:33,10:30:33,36.95,0.04,10,36950,买盘,2017-06-29,2017-06-29 10:30:33
10:30:36,10:30:36,36.91,-0.04,3,11072,卖盘,2017-06-29,2017-06-29 10:30:36
10:30:39,10:30:39,36.91,--,6,22145,卖盘,2017-06-29,2017-06-29 10:30:39
10:30:45,10:30:45,36.92,0.01,6,22152,卖盘,2017-06-29,2017-06-29 10:30:45
10:30:48,10:30:48,36.91,-0.01,20,73820,卖盘,2017-06-29,2017-06-29 10:30:48
10:31:00,10:31:00,36.92,0.01,5,18460,中性盘,2017-06-29,2017-06-29 10:31:00
10:31:03,10:31:03,36.95,0.03,1,3695,买盘,2017-06-29,2017-06-29 10:31:03
10:31:33,10:31:33,36.95,--,11,40645,卖盘,2017-06-29,2017-06-29 10:31:33
10:31:51,10:31:51,36.95,--,17,62815,卖盘,2017-06-29,2017-06-29 10:31:51
10:32:00,10:32:00,36.92,-0.03,3,11076,卖盘,2017-06-29,2017-06-29 10:32:00
10:32:03,10:32:03,36.92,--,2,7384,卖盘,2017-06-29,2017-06-29 10:32:03
10:32:12,10:32:12,36.92,--,7,25844,卖盘,2017-06-29,2017-06-29 10:32:12
10:32:15,10:32:15,36.92,--,17,62764,卖盘,2017-06-29,2017-06-29 10:32:15
10:32:27,10:32:27,36.92,--,1,3692,买盘,2017-06-29,2017-06-29 10:32:27
10:32:30,10:32:30,36.91,-0.01,4,14763,卖盘,2017-06-29,2017-06-29 10:32:30
10:32:33,10:32:33,36.92,0.01,2,7384,买盘,2017-06-29,2017-06-29 10:32:33
10:32:48,10:32:48,36.92,--,66,243672,买盘,2017-06-29,2017-06-29 10:32:48
10:32:51,10:32:51,36.91,-0.01,22,81201,卖盘,2017-06-29,2017-06-29 10:32:51
10:33:00,10:33:00,36.91,--,5,18455,卖盘,2017-06-29,2017-06-29 10:33:00
10:33:03,10:33:03,36.9,-0.01,46,169740,卖盘,2017-06-29,2017-06-29 10:33:03
10:33:06,10:33:06,36.91,0.01,9,33219,买盘,2017-06-29,2017-06-29 10:33:06
10:33:15,10:33:15,36.92,0.01,2,7384,卖盘,2017-06-29,2017-06-29 10:33:15
10:33:30,10:33:30,36.92,--,5,18460,买盘,2017-06-29,2017-06-29 10:33:30
10:33:33,10:33:33,36.92,--,10,36920,买盘,2017-06-29,2017-06-29 10:33:33
10:33:36,10:33:36,36.92,--,2,7384,买盘,2017-06-29,2017-06-29 10:33:36
10:33:39,10:33:39,36.92,--,29,107068,买盘,2017-06-29,2017-06-29 10:33:39
10:33:42,10:33:42,36.95,0.03,122,450790,买盘,2017-06-29,2017-06-29 10:33:42
10:34:03,10:34:03,36.92,-0.03,53,195676,卖盘,2017-06-29,2017-06-29 10:34:03
10:34:06,10:34:06,36.92,--,5,18460,卖盘,2017-06-29,2017-06-29 10:34:06
10:34:09,10:34:09,36.95,0.03,55,203225,买盘,2017-06-29,2017-06-29 10:34:09
10:34:27,10:34:27,36.95,--,5,18475,卖盘,2017-06-29,2017-06-29 10:34:27
10:34:30,10:34:30,36.95,--,1,3695,卖盘,2017-06-29,2017-06-29 10:34:30
10:34:33,10:34:33,36.97,0.02,2,7394,买盘,2017-06-29,2017-06-29 10:34:33
10:34:42,10:34:42,36.95,-0.02,23,84985,卖盘,2017-06-29,2017-06-29 10:34:42
10:34:45,10:34:45,36.98,0.03,6,22187,买盘,2017-06-29,2017-06-29 10:34:45
10:34:51,10:34:51,36.99,0.01,86,318114,买盘,2017-06-29,2017-06-29 10:34:51
10:35:03,10:35:03,36.95,-0.04,3,11085,卖盘,2017-06-29,2017-06-29 10:35:03
10:35:06,10:35:06,36.95,--,2,7390,卖盘,2017-06-29,2017-06-29 10:35:06
10:35:09,10:35:09,36.99,0.04,1,3699,买盘,2017-06-29,2017-06-29 10:35:09
10:35:15,10:35:15,36.96,-0.03,1,3696,卖盘,2017-06-29,2017-06-29 10:35:15
10:35:27,10:35:27,36.99,0.03,10,36990,买盘,2017-06-29,2017-06-29 10:35:27
10:35:33,10:35:33,36.96,-0.03,15,55440,卖盘,2017-06-29,2017-06-29 10:35:33
10:35:42,10:35:42,36.96,--,5,18480,买盘,2017-06-29,2017-06-29 10:35:42
10:36:06,10:36:06,36.95,-0.01,7,25865,卖盘,2017-06-29,2017-06-29 10:36:06
10:36:15,10:36:15,36.96,0.01,9,33264,买盘,2017-06-29,2017-06-29 10:36:15
10:36:18,10:36:18,36.96,--,7,25872,买盘,2017-06-29,2017-06-29 10:36:18
10:36:21,10:36:21,36.96,--,7,25872,卖盘,2017-06-29,2017-06-29 10:36:21
10:36:27,10:36:27,36.96,--,1,3696,卖盘,2017-06-29,2017-06-29 10:36:27
10:36:36,10:36:36,37.0,0.04,7,25900,买盘,2017-06-29,2017-06-29 10:36:36
10:36:48,10:36:48,36.96,-0.04,7,25872,卖盘,2017-06-29,2017-06-29 10:36:48
10:36:57,10:36:57,36.96,--,2,7392,卖盘,2017-06-29,2017-06-29 10:36:57
10:37:06,10:37:06,36.96,--,3,11088,卖盘,2017-06-29,2017-06-29 10:37:06
10:37:09,10:37:09,36.96,--,2,7392,卖盘,2017-06-29,2017-06-29 10:37:09
10:37:15,10:37:15,36.96,--,1,3696,卖盘,2017-06-29,2017-06-29 10:37:15
10:37:18,10:37:18,37.0,0.04,2,7400,买盘,2017-06-29,2017-06-29 10:37:18
10:37:27,10:37:27,37.0,--,43,159100,买盘,2017-06-29,2017-06-29 10:37:27
10:37:39,10:37:39,37.0,--,52,193954,买盘,2017-06-29,2017-06-29 10:37:39
10:37:42,10:37:42,37.0,--,1,3700,卖盘,2017-06-29,2017-06-29 10:37:42
10:37:45,10:37:45,37.0,--,0,2146,卖盘,2017-06-29,2017-06-29 10:37:45
10:37:51,10:37:51,37.0,--,4,16354,买盘,2017-06-29,2017-06-29 10:37:51
10:37:54,10:37:54,37.0,--,9,33300,卖盘,2017-06-29,2017-06-29 10:37:54
10:38:03,10:38:03,37.02,0.02,1,3702,买盘,2017-06-29,2017-06-29 10:38:03
10:38:09,10:38:09,37.0,-0.02,15,55500,卖盘,2017-06-29,2017-06-29 10:38:09
10:38:27,10:38:27,37.0,--,7,25900,卖盘,2017-06-29,2017-06-29 10:38:27
10:38:30,10:38:30,37.0,--,8,29600,卖盘,2017-06-29,2017-06-29 10:38:30
10:38:36,10:38:36,37.02,0.02,24,88848,买盘,2017-06-29,2017-06-29 10:38:36
10:38:39,10:38:39,37.02,--,5,18510,买盘,2017-06-29,2017-06-29 10:38:39
10:38:48,10:38:48,37.02,--,1,3702,买盘,2017-06-29,2017-06-29 10:38:48
10:39:12,10:39:12,37.0,-0.02,5,18500,卖盘,2017-06-29,2017-06-29 10:39:12
10:39:21,10:39:21,37.02,0.02,4,14808,买盘,2017-06-29,2017-06-29 10:39:21
10:39:24,10:39:24,37.02,--,6,22212,卖盘,2017-06-29,2017-06-29 10:39:24
10:39:51,10:39:51,37.02,--,2,7404,买盘,2017-06-29,2017-06-29 10:39:51
10:39:54,10:39:54,37.01,-0.01,3,11103,卖盘,2017-06-29,2017-06-29 10:39:54
10:40:03,10:40:03,37.02,0.01,6,22212,买盘,2017-06-29,2017-06-29 10:40:03
10:40:12,10:40:12,37.02,--,3,11106,卖盘,2017-06-29,2017-06-29 10:40:12
10:40:15,10:40:15,37.02,--,2,7404,卖盘,2017-06-29,2017-06-29 10:40:15
10:40:18,10:40:18,37.0,-0.02,64,236800,卖盘,2017-06-29,2017-06-29 10:40:18
10:40:33,10:40:33,37.01,0.01,3,11103,中性盘,2017-06-29,2017-06-29 10:40:33
10:40:48,10:40:48,37.01,--,20,74020,买盘,2017-06-29,2017-06-29 10:40:48
10:41:12,10:41:12,37.0,-0.01,3,11100,卖盘,2017-06-29,2017-06-29 10:41:12
10:41:15,10:41:15,37.0,--,51,188700,卖盘,2017-06-29,2017-06-29 10:41:15
10:41:45,10:41:45,37.0,--,15,57646,卖盘,2017-06-29,2017-06-29 10:41:45
10:42:03,10:42:03,37.0,--,3,11100,买盘,2017-06-29,2017-06-29 10:42:03
10:42:15,10:42:15,36.98,-0.02,5,18490,卖盘,2017-06-29,2017-06-29 10:42:15
10:42:18,10:42:18,36.97,-0.01,2,7394,卖盘,2017-06-29,2017-06-29 10:42:18
10:42:24,10:42:24,36.97,--,11,40667,卖盘,2017-06-29,2017-06-29 10:42:24
10:42:39,10:42:39,36.96,-0.01,5,18480,卖盘,2017-06-29,2017-06-29 10:42:39
10:42:42,10:42:42,36.96,--,2,7392,买盘,2017-06-29,2017-06-29 10:42:42
10:42:54,10:42:54,36.95,-0.01,3,11085,卖盘,2017-06-29,2017-06-29 10:42:54
10:42:57,10:42:57,36.95,--,16,59120,卖盘,2017-06-29,2017-06-29 10:42:57
10:43:00,10:43:00,36.92,-0.03,80,295360,卖盘,2017-06-29,2017-06-29 10:43:00
10:43:15,10:43:15,36.91,-0.01,20,73820,卖盘,2017-06-29,2017-06-29 10:43:15
10:43:18,10:43:18,36.92,0.01,40,147680,买盘,2017-06-29,2017-06-29 10:43:18
10:43:24,10:43:24,36.92,--,20,73840,卖盘,2017-06-29,2017-06-29 10:43:24
10:43:39,10:43:39,36.92,--,15,55380,卖盘,2017-06-29,2017-06-29 10:43:39
10:43:42,10:43:42,36.95,0.03,10,36950,买盘,2017-06-29,2017-06-29 10:43:42
10:44:09,10:44:09,36.96,0.01,20,73920,买盘,2017-06-29,2017-06-29 10:44:09
10:44:18,10:44:18,36.92,-0.04,26,95992,卖盘,2017-06-29,2017-06-29 10:44:18
10:44:21,10:44:21,36.92,--,17,62764,卖盘,2017-06-29,2017-06-29 10:44:21
10:44:42,10:44:42,36.93,0.01,3,11079,中性盘,2017-06-29,2017-06-29 10:44:42
10:44:54,10:44:54,36.95,0.02,6,22170,买盘,2017-06-29,2017-06-29 10:44:54
10:45:12,10:45:12,36.95,--,4,14780,卖盘,2017-06-29,2017-06-29 10:45:12
10:45:21,10:45:21,36.92,-0.03,5,18460,卖盘,2017-06-29,2017-06-29 10:45:21
10:45:27,10:45:27,36.95,0.03,20,73900,买盘,2017-06-29,2017-06-29 10:45:27
10:45:39,10:45:39,36.95,--,5,18475,买盘,2017-06-29,2017-06-29 10:45:39
10:45:42,10:45:42,36.95,--,1,3695,买盘,2017-06-29,2017-06-29 10:45:42
10:45:54,10:45:54,36.95,--,4,14780,卖盘,2017-06-29,2017-06-29 10:45:54
10:46:03,10:46:03,36.95,--,2,7390,买盘,2017-06-29,2017-06-29 10:46:03
10:46:06,10:46:06,36.96,0.01,21,77616,买盘,2017-06-29,2017-06-29 10:46:06
10:46:21,10:46:21,36.96,--,5,18480,卖盘,2017-06-29,2017-06-29 10:46:21
10:46:24,10:46:24,36.96,--,40,147840,卖盘,2017-06-29,2017-06-29 10:46:24
10:46:45,10:46:45,36.98,0.02,20,73960,买盘,2017-06-29,2017-06-29 10:46:45
10:47:03,10:47:03,36.96,-0.02,5,18480,卖盘,2017-06-29,2017-06-29 10:47:03
10:47:06,10:47:06,36.98,0.02,5,18490,买盘,2017-06-29,2017-06-29 10:47:06
10:47:15,10:47:15,36.96,-0.02,22,81312,卖盘,2017-06-29,2017-06-29 10:47:15
10:47:21,10:47:21,36.95,-0.01,3,11085,卖盘,2017-06-29,2017-06-29 10:47:21
10:47:24,10:47:24,36.95,--,2,7390,卖盘,2017-06-29,2017-06-29 10:47:24
10:47:27,10:47:27,36.95,--,18,66510,卖盘,2017-06-29,2017-06-29 10:47:27
10:47:45,10:47:45,36.92,-0.03,33,121836,卖盘,2017-06-29,2017-06-29 10:47:45
10:47:51,10:47:51,36.91,-0.01,16,59055,卖盘,2017-06-29,2017-06-29 10:47:51
10:48:03,10:48:03,36.95,0.04,6,22170,买盘,2017-06-29,2017-06-29 10:48:03
10:48:18,10:48:18,36.95,--,43,158885,买盘,2017-06-29,2017-06-29 10:48:18
10:48:24,10:48:24,36.95,--,5,18475,卖盘,2017-06-29,2017-06-29 10:48:24
10:48:27,10:48:27,36.95,--,10,36950,卖盘,2017-06-29,2017-06-29 10:48:27
10:48:33,10:48:33,36.95,--,5,18475,卖盘,2017-06-29,2017-06-29 10:48:33
10:48:39,10:48:39,36.96,0.01,5,18480,买盘,2017-06-29,2017-06-29 10:48:39
10:48:45,10:48:45,36.96,--,4,14784,买盘,2017-06-29,2017-06-29 10:48:45
10:49:09,10:49:09,36.99,0.03,11,40689,买盘,2017-06-29,2017-06-29 10:49:09
10:49:15,10:49:15,36.95,-0.04,20,73900,卖盘,2017-06-29,2017-06-29 10:49:15
10:49:24,10:49:24,36.96,0.01,2,7392,卖盘,2017-06-29,2017-06-29 10:49:24
10:49:33,10:49:33,36.96,--,2,7392,卖盘,2017-06-29,2017-06-29 10:49:33
10:49:57,10:49:57,36.99,0.03,10,36990,买盘,2017-06-29,2017-06-29 10:49:57
10:50:12,10:50:12,37.0,0.01,205,758500,买盘,2017-06-29,2017-06-29 10:50:12
10:50:15,10:50:15,37.0,--,1,5254,买盘,2017-06-29,2017-06-29 10:50:15
10:50:39,10:50:39,37.04,0.04,17,62968,买盘,2017-06-29,2017-06-29 10:50:39
10:50:57,10:50:57,37.06,0.02,3,11118,买盘,2017-06-29,2017-06-29 10:50:57
10:51:03,10:51:03,37.06,--,4,14824,卖盘,2017-06-29,2017-06-29 10:51:03
10:51:30,10:51:30,37.07,0.01,7,25949,买盘,2017-06-29,2017-06-29 10:51:30
10:51:48,10:51:48,37.08,0.01,10,37080,买盘,2017-06-29,2017-06-29 10:51:48
10:51:51,10:51:51,37.1,0.02,32,118720,买盘,2017-06-29,2017-06-29 10:51:51
10:51:57,10:51:57,37.1,--,10,37100,买盘,2017-06-29,2017-06-29 10:51:57
10:52:06,10:52:06,37.1,--,5,19625,买盘,2017-06-29,2017-06-29 10:52:06
10:52:18,10:52:18,37.1,--,5,18550,卖盘,2017-06-29,2017-06-29 10:52:18
10:52:27,10:52:27,37.1,--,4,17474,卖盘,2017-06-29,2017-06-29 10:52:27
10:52:30,10:52:30,37.11,0.01,15,55665,买盘,2017-06-29,2017-06-29 10:52:30
10:52:42,10:52:42,37.1,-0.01,3,11130,中性盘,2017-06-29,2017-06-29 10:52:42
10:52:57,10:52:57,37.09,-0.01,5,18545,中性盘,2017-06-29,2017-06-29 10:52:57
10:53:06,10:53:06,37.09,--,7,25963,卖盘,2017-06-29,2017-06-29 10:53:06
10:53:18,10:53:18,37.1,0.01,23,85330,买盘,2017-06-29,2017-06-29 10:53:18
10:53:21,10:53:21,37.12,0.02,58,216372,买盘,2017-06-29,2017-06-29 10:53:21
10:53:24,10:53:24,37.12,--,37,137344,卖盘,2017-06-29,2017-06-29 10:53:24
10:53:27,10:53:27,37.12,--,5,18560,卖盘,2017-06-29,2017-06-29 10:53:27
10:53:36,10:53:36,37.15,0.03,15,55725,买盘,2017-06-29,2017-06-29 10:53:36
10:53:54,10:53:54,37.19,0.04,47,174793,买盘,2017-06-29,2017-06-29 10:53:54
10:54:09,10:54:09,37.2,0.01,10,37200,买盘,2017-06-29,2017-06-29 10:54:09
10:54:39,10:54:39,37.25,0.05,20,74500,中性盘,2017-06-29,2017-06-29 10:54:39
10:54:45,10:54:45,37.2,-0.05,4,14880,卖盘,2017-06-29,2017-06-29 10:54:45
10:54:48,10:54:48,37.25,0.05,12,44700,买盘,2017-06-29,2017-06-29 10:54:48
10:55:00,10:55:00,37.24,-0.01,11,40964,中性盘,2017-06-29,2017-06-29 10:55:00
10:55:06,10:55:06,37.28,0.04,198,738144,买盘,2017-06-29,2017-06-29 10:55:06
10:55:45,10:55:45,37.28,--,47,175216,买盘,2017-06-29,2017-06-29 10:55:45
10:55:48,10:55:48,37.28,--,3,11184,卖盘,2017-06-29,2017-06-29 10:55:48
10:56:00,10:56:00,37.23,-0.05,5,18615,买盘,2017-06-29,2017-06-29 10:56:00
10:56:03,10:56:03,37.25,0.02,3,11175,买盘,2017-06-29,2017-06-29 10:56:03
10:56:18,10:56:18,37.25,--,11,40975,买盘,2017-06-29,2017-06-29 10:56:18
10:56:27,10:56:27,37.23,-0.02,11,40953,卖盘,2017-06-29,2017-06-29 10:56:27
10:56:33,10:56:33,37.25,0.02,4,14900,买盘,2017-06-29,2017-06-29 10:56:33
10:56:36,10:56:36,37.23,-0.02,71,264333,卖盘,2017-06-29,2017-06-29 10:56:36
10:56:45,10:56:45,37.23,--,12,44675,买盘,2017-06-29,2017-06-29 10:56:45
10:56:51,10:56:51,37.13,-0.1,195,724035,卖盘,2017-06-29,2017-06-29 10:56:51
10:57:00,10:57:00,37.12,-0.01,10,37120,买盘,2017-06-29,2017-06-29 10:57:00
10:57:12,10:57:12,37.12,--,3,11136,买盘,2017-06-29,2017-06-29 10:57:12
10:57:21,10:57:21,37.12,--,7,25984,买盘,2017-06-29,2017-06-29 10:57:21
10:57:33,10:57:33,37.1,-0.02,2,7420,卖盘,2017-06-29,2017-06-29 10:57:33
10:57:42,10:57:42,37.12,0.02,4,14847,买盘,2017-06-29,2017-06-29 10:57:42
10:57:48,10:57:48,37.1,-0.02,3,11130,卖盘,2017-06-29,2017-06-29 10:57:48
10:57:51,10:57:51,37.1,--,1,3710,卖盘,2017-06-29,2017-06-29 10:57:51
10:58:09,10:58:09,37.07,-0.03,9,33363,卖盘,2017-06-29,2017-06-29 10:58:09
10:58:18,10:58:18,37.1,0.03,2,7420,买盘,2017-06-29,2017-06-29 10:58:18
10:58:24,10:58:24,37.1,--,4,14840,买盘,2017-06-29,2017-06-29 10:58:24
10:58:51,10:58:51,37.1,--,57,211470,卖盘,2017-06-29,2017-06-29 10:58:51
10:59:00,10:59:00,37.1,--,18,66780,买盘,2017-06-29,2017-06-29 10:59:00
10:59:33,10:59:33,37.04,-0.06,60,222240,卖盘,2017-06-29,2017-06-29 10:59:33
10:59:42,10:59:42,37.1,0.06,23,85330,买盘,2017-06-29,2017-06-29 10:59:42
11:00:12,11:00:12,37.07,-0.03,3,11121,中性盘,2017-06-29,2017-06-29 11:00:12
11:00:27,11:00:27,37.07,--,7,25949,买盘,2017-06-29,2017-06-29 11:00:27
11:01:03,11:01:03,37.1,0.03,81,300510,买盘,2017-06-29,2017-06-29 11:01:03
11:01:15,11:01:15,37.1,--,98,363580,买盘,2017-06-29,2017-06-29 11:01:15
11:01:18,11:01:18,37.09,-0.01,50,185450,卖盘,2017-06-29,2017-06-29 11:01:18
11:01:21,11:01:21,37.09,--,20,74180,买盘,2017-06-29,2017-06-29 11:01:21
11:01:24,11:01:24,37.09,--,30,111270,买盘,2017-06-29,2017-06-29 11:01:24
11:01:30,11:01:30,37.09,--,20,74180,买盘,2017-06-29,2017-06-29 11:01:30
11:01:36,11:01:36,37.09,--,40,148360,买盘,2017-06-29,2017-06-29 11:01:36
11:01:57,11:01:57,37.09,--,36,133524,买盘,2017-06-29,2017-06-29 11:01:57
11:02:12,11:02:12,37.1,0.01,1,3710,买盘,2017-06-29,2017-06-29 11:02:12
11:02:45,11:02:45,37.09,-0.01,5,18545,卖盘,2017-06-29,2017-06-29 11:02:45
11:03:00,11:03:00,37.1,0.01,19,70490,买盘,2017-06-29,2017-06-29 11:03:00
11:03:06,11:03:06,37.1,--,3,11130,买盘,2017-06-29,2017-06-29 11:03:06
11:03:09,11:03:09,37.1,--,3,11130,买盘,2017-06-29,2017-06-29 11:03:09
11:03:12,11:03:12,37.1,--,3,11130,买盘,2017-06-29,2017-06-29 11:03:12
11:04:36,11:04:36,37.2,0.1,2,7440,买盘,2017-06-29,2017-06-29 11:04:36
11:04:42,11:04:42,37.16,-0.04,1,3715,卖盘,2017-06-29,2017-06-29 11:04:42
11:05:06,11:05:06,37.16,--,1,3715,卖盘,2017-06-29,2017-06-29 11:05:06
11:05:33,11:05:33,37.16,--,3,11147,买盘,2017-06-29,2017-06-29 11:05:33
11:06:06,11:06:06,37.16,--,7,26011,买盘,2017-06-29,2017-06-29 11:06:06
11:06:30,11:06:30,37.2,0.04,5,18600,买盘,2017-06-29,2017-06-29 11:06:30
11:07:09,11:07:09,37.16,-0.04,4,14863,卖盘,2017-06-29,2017-06-29 11:07:09
11:07:24,11:07:24,37.24,0.08,20,74480,买盘,2017-06-29,2017-06-29 11:07:24
11:07:48,11:07:48,37.25,0.01,1,3725,买盘,2017-06-29,2017-06-29 11:07:48
11:08:18,11:08:18,37.25,--,1,3725,买盘,2017-06-29,2017-06-29 11:08:18
11:08:21,11:08:21,37.24,-0.01,30,111720,卖盘,2017-06-29,2017-06-29 11:08:21
11:09:33,11:09:33,37.23,-0.01,40,148920,中性盘,2017-06-29,2017-06-29 11:09:33
11:09:48,11:09:48,37.23,--,5,18615,卖盘,2017-06-29,2017-06-29 11:09:48
11:09:51,11:09:51,37.23,--,3,11168,卖盘,2017-06-29,2017-06-29 11:09:51
11:09:54,11:09:54,37.23,--,20,74460,卖盘,2017-06-29,2017-06-29 11:09:54
11:10:18,11:10:18,37.23,--,3,11168,买盘,2017-06-29,2017-06-29 11:10:18
11:10:48,11:10:48,37.23,--,3,11168,买盘,2017-06-29,2017-06-29 11:10:48
11:10:57,11:10:57,37.24,0.01,167,621908,买盘,2017-06-29,2017-06-29 11:10:57
11:11:48,11:11:48,37.25,0.01,33,122925,买盘,2017-06-29,2017-06-29 11:11:48
11:11:57,11:11:57,37.24,-0.01,5,18620,卖盘,2017-06-29,2017-06-29 11:11:57
11:12:21,11:12:21,37.24,--,15,55860,卖盘,2017-06-29,2017-06-29 11:12:21
11:12:36,11:12:36,37.25,0.01,2,7450,买盘,2017-06-29,2017-06-29 11:12:36
11:12:45,11:12:45,37.24,-0.01,6,22344,卖盘,2017-06-29,2017-06-29 11:12:45
11:13:00,11:13:00,37.24,--,48,178752,买盘,2017-06-29,2017-06-29 11:13:00
11:13:42,11:13:42,37.25,0.01,61,227225,买盘,2017-06-29,2017-06-29 11:13:42
11:13:45,11:13:45,37.24,-0.01,10,37240,卖盘,2017-06-29,2017-06-29 11:13:45
11:13:51,11:13:51,37.25,0.01,1,3725,买盘,2017-06-29,2017-06-29 11:13:51
11:13:57,11:13:57,37.26,0.01,10,37260,买盘,2017-06-29,2017-06-29 11:13:57
11:14:00,11:14:00,37.24,-0.02,28,104272,卖盘,2017-06-29,2017-06-29 11:14:00
11:14:03,11:14:03,37.18,-0.06,112,416416,卖盘,2017-06-29,2017-06-29 11:14:03
11:14:06,11:14:06,37.18,--,10,37180,买盘,2017-06-29,2017-06-29 11:14:06
11:14:30,11:14:30,37.18,--,91,338338,买盘,2017-06-29,2017-06-29 11:14:30
11:14:42,11:14:42,37.18,--,40,148720,买盘,2017-06-29,2017-06-29 11:14:42
11:15:15,11:15:15,37.18,--,1,3718,卖盘,2017-06-29,2017-06-29 11:15:15
11:15:42,11:15:42,37.18,--,6,22308,卖盘,2017-06-29,2017-06-29 11:15:42
11:16:09,11:16:09,37.18,--,1,3718,卖盘,2017-06-29,2017-06-29 11:16:09
11:16:12,11:16:12,37.24,0.06,30,111720,买盘,2017-06-29,2017-06-29 11:16:12
11:16:39,11:16:39,37.24,--,72,268128,买盘,2017-06-29,2017-06-29 11:16:39
11:16:54,11:16:54,37.24,--,20,74480,买盘,2017-06-29,2017-06-29 11:16:54
11:16:57,11:16:57,37.24,--,2,7448,买盘,2017-06-29,2017-06-29 11:16:57
11:17:18,11:17:18,37.24,--,5,18620,买盘,2017-06-29,2017-06-29 11:17:18
11:17:24,11:17:24,37.22,-0.02,20,74440,卖盘,2017-06-29,2017-06-29 11:17:24
11:17:48,11:17:48,37.25,0.03,1,3725,中性盘,2017-06-29,2017-06-29 11:17:48
11:18:00,11:18:00,37.26,0.01,11,40986,买盘,2017-06-29,2017-06-29 11:18:00
11:18:06,11:18:06,37.0,-0.26,538,1990600,卖盘,2017-06-29,2017-06-29 11:18:06
11:18:21,11:18:21,37.0,--,112,414400,买盘,2017-06-29,2017-06-29 11:18:21
11:18:24,11:18:24,37.0,--,250,925000,买盘,2017-06-29,2017-06-29 11:18:24
11:18:42,11:18:42,37.01,0.01,35,129535,卖盘,2017-06-29,2017-06-29 11:18:42
11:18:45,11:18:45,37.05,0.04,2,7409,买盘,2017-06-29,2017-06-29 11:18:45
11:19:12,11:19:12,37.05,--,1,3704,买盘,2017-06-29,2017-06-29 11:19:12
11:20:24,11:20:24,37.06,0.01,1,3706,中性盘,2017-06-29,2017-06-29 11:20:24
11:20:39,11:20:39,37.06,--,10,37060,卖盘,2017-06-29,2017-06-29 11:20:39
11:20:42,11:20:42,37.06,--,5,18530,买盘,2017-06-29,2017-06-29 11:20:42
11:20:45,11:20:45,37.06,--,15,55590,买盘,2017-06-29,2017-06-29 11:20:45
11:20:54,11:20:54,37.06,--,2,7412,买盘,2017-06-29,2017-06-29 11:20:54
11:21:00,11:21:00,37.06,--,25,92650,买盘,2017-06-29,2017-06-29 11:21:00
11:21:03,11:21:03,37.06,--,1,3706,买盘,2017-06-29,2017-06-29 11:21:03
11:21:30,11:21:30,37.06,--,19,70414,卖盘,2017-06-29,2017-06-29 11:21:30
11:21:39,11:21:39,37.1,0.04,1,3710,买盘,2017-06-29,2017-06-29 11:21:39
11:21:51,11:21:51,37.08,-0.02,10,37080,中性盘,2017-06-29,2017-06-29 11:21:51
11:22:21,11:22:21,37.11,0.03,3,11133,买盘,2017-06-29,2017-06-29 11:22:21
11:23:18,11:23:18,37.17,0.06,9,33453,买盘,2017-06-29,2017-06-29 11:23:18
11:24:06,11:24:06,37.18,0.01,8,29744,中性盘,2017-06-29,2017-06-29 11:24:06
11:24:15,11:24:15,37.17,-0.01,180,669060,卖盘,2017-06-29,2017-06-29 11:24:15
11:24:18,11:24:18,37.17,--,22,81774,卖盘,2017-06-29,2017-06-29 11:24:18
11:24:21,11:24:21,37.17,--,1,3717,卖盘,2017-06-29,2017-06-29 11:24:21
11:24:33,11:24:33,37.17,--,10,37170,买盘,2017-06-29,2017-06-29 11:24:33
11:24:39,11:24:39,37.17,--,15,55755,买盘,2017-06-29,2017-06-29 11:24:39
11:24:45,11:24:45,37.17,--,78,289926,卖盘,2017-06-29,2017-06-29 11:24:45
11:25:00,11:25:00,37.18,0.01,1,3718,中性盘,2017-06-29,2017-06-29 11:25:00
11:25:03,11:25:03,37.17,-0.01,3,11151,卖盘,2017-06-29,2017-06-29 11:25:03
11:25:09,11:25:09,37.2,0.03,85,316200,买盘,2017-06-29,2017-06-29 11:25:09
11:25:12,11:25:12,37.2,--,1,3720,卖盘,2017-06-29,2017-06-29 11:25:12
11:25:18,11:25:18,37.2,--,26,96720,卖盘,2017-06-29,2017-06-29 11:25:18
11:25:24,11:25:24,37.2,--,94,349680,卖盘,2017-06-29,2017-06-29 11:25:24
11:25:27,11:25:27,37.2,--,5,18600,买盘,2017-06-29,2017-06-29 11:25:27
11:25:36,11:25:36,37.27,0.07,13,48451,买盘,2017-06-29,2017-06-29 11:25:36
11:25:48,11:25:48,37.27,--,33,122991,卖盘,2017-06-29,2017-06-29 11:25:48
11:25:51,11:25:51,37.26,-0.01,6,22356,买盘,2017-06-29,2017-06-29 11:25:51
11:25:54,11:25:54,37.27,0.01,34,126718,买盘,2017-06-29,2017-06-29 11:25:54
11:26:15,11:26:15,37.2,-0.07,5,18600,卖盘,2017-06-29,2017-06-29 11:26:15
11:26:21,11:26:21,37.2,--,25,93000,卖盘,2017-06-29,2017-06-29 11:26:21
11:26:30,11:26:30,37.2,--,2,7440,买盘,2017-06-29,2017-06-29 11:26:30
11:26:39,11:26:39,37.2,--,2,7440,买盘,2017-06-29,2017-06-29 11:26:39
11:26:42,11:26:42,37.18,-0.02,4,14872,卖盘,2017-06-29,2017-06-29 11:26:42
11:26:51,11:26:51,37.18,--,5,18590,买盘,2017-06-29,2017-06-29 11:26:51
11:27:00,11:27:00,37.18,--,5,18590,买盘,2017-06-29,2017-06-29 11:27:00
11:27:03,11:27:03,37.15,-0.03,50,185750,卖盘,2017-06-29,2017-06-29 11:27:03
11:27:06,11:27:06,37.18,0.03,14,52052,买盘,2017-06-29,2017-06-29 11:27:06
11:27:15,11:27:15,37.08,-0.1,125,463500,卖盘,2017-06-29,2017-06-29 11:27:15
11:27:18,11:27:18,37.08,--,4,14832,买盘,2017-06-29,2017-06-29 11:27:18
11:27:36,11:27:36,37.08,--,5,18540,买盘,2017-06-29,2017-06-29 11:27:36
11:27:39,11:27:39,37.08,--,1,3708,买盘,2017-06-29,2017-06-29 11:27:39
11:27:42,11:27:42,37.08,--,7,25956,买盘,2017-06-29,2017-06-29 11:27:42
11:27:45,11:27:45,37.08,--,20,74160,买盘,2017-06-29,2017-06-29 11:27:45
11:27:54,11:27:54,37.02,-0.06,173,640446,卖盘,2017-06-29,2017-06-29 11:27:54
11:28:03,11:28:03,37.0,-0.02,375,1387500,卖盘,2017-06-29,2017-06-29 11:28:03
11:28:09,11:28:09,36.99,-0.01,150,554850,买盘,2017-06-29,2017-06-29 11:28:09
11:28:15,11:28:15,36.99,--,65,240435,买盘,2017-06-29,2017-06-29 11:28:15
11:28:18,11:28:18,36.97,-0.02,2,7394,卖盘,2017-06-29,2017-06-29 11:28:18
11:28:21,11:28:21,36.99,0.02,29,107271,买盘,2017-06-29,2017-06-29 11:28:21
11:28:24,11:28:24,36.99,--,1,3699,买盘,2017-06-29,2017-06-29 11:28:24
11:28:27,11:28:27,36.99,--,12,44388,买盘,2017-06-29,2017-06-29 11:28:27
11:28:33,11:28:33,36.99,--,5,18495,买盘,2017-06-29,2017-06-29 11:28:33
11:28:36,11:28:36,36.99,--,1,3699,买盘,2017-06-29,2017-06-29 11:28:36
11:28:39,11:28:39,36.99,--,8,29592,买盘,2017-06-29,2017-06-29 11:28:39
11:28:42,11:28:42,36.99,--,1,3699,买盘,2017-06-29,2017-06-29 11:28:42
11:28:45,11:28:45,36.99,--,5,18495,买盘,2017-06-29,2017-06-29 11:28:45
11:28:48,11:28:48,36.99,--,16,59184,买盘,2017-06-29,2017-06-29 11:28:48
11:28:51,11:28:51,36.99,--,65,240435,买盘,2017-06-29,2017-06-29 11:28:51
11:28:54,11:28:54,36.99,--,7,25893,买盘,2017-06-29,2017-06-29 11:28:54
11:29:12,11:29:12,37.08,0.09,4,14832,买盘,2017-06-29,2017-06-29 11:29:12
11:29:18,11:29:18,37.08,--,2,7416,买盘,2017-06-29,2017-06-29 11:29:18
11:29:27,11:29:27,37.01,-0.07,1,3701,中性盘,2017-06-29,2017-06-29 11:29:27
11:29:33,11:29:33,37.08,0.07,5,18540,买盘,2017-06-29,2017-06-29 11:29:33
11:30:03,11:30:03,37.08,--,0,0,买盘,2017-06-29,2017-06-29 11:30:03
13:00:03,13:00:03,37.08,--,13,48204,买盘,2017-06-29,2017-06-29 13:00:03
13:00:06,13:00:06,37.02,-0.06,128,473856,中性盘,2017-06-29,2017-06-29 13:00:06
13:00:12,13:00:12,37.02,--,51,188802,卖盘,2017-06-29,2017-06-29 13:00:12
13:03:00,13:03:00,37.06,0.04,6,22236,中性盘,2017-06-29,2017-06-29 13:03:00
13:03:42,13:03:42,37.03,-0.03,26,96278,卖盘,2017-06-29,2017-06-29 13:03:42
13:04:00,13:04:00,37.06,0.03,2,7412,买盘,2017-06-29,2017-06-29 13:04:00
13:04:03,13:04:03,37.06,--,2,7412,买盘,2017-06-29,2017-06-29 13:04:03
13:05:03,13:05:03,37.06,--,1,3706,买盘,2017-06-29,2017-06-29 13:05:03
13:05:18,13:05:18,37.13,0.07,200,742600,买盘,2017-06-29,2017-06-29 13:05:18
13:06:45,13:06:45,37.08,-0.05,28,103824,中性盘,2017-06-29,2017-06-29 13:06:45
13:06:51,13:06:51,37.11,0.03,1,3711,买盘,2017-06-29,2017-06-29 13:06:51
13:07:18,13:07:18,37.11,--,8,29688,卖盘,2017-06-29,2017-06-29 13:07:18
13:07:24,13:07:24,37.11,--,11,40821,卖盘,2017-06-29,2017-06-29 13:07:24
13:07:33,13:07:33,37.13,0.02,2,7426,买盘,2017-06-29,2017-06-29 13:07:33
13:08:09,13:08:09,37.09,-0.04,5,18545,中性盘,2017-06-29,2017-06-29 13:08:09
13:08:57,13:08:57,37.02,-0.07,200,740400,卖盘,2017-06-29,2017-06-29 13:08:57
13:10:03,13:10:03,37.03,0.01,1,3703,中性盘,2017-06-29,2017-06-29 13:10:03
13:10:18,13:10:18,37.03,--,21,77763,买盘,2017-06-29,2017-06-29 13:10:18
13:10:33,13:10:33,37.11,0.08,1,3711,买盘,2017-06-29,2017-06-29 13:10:33
13:10:42,13:10:42,37.11,--,14,51954,卖盘,2017-06-29,2017-06-29 13:10:42
13:11:09,13:11:09,37.11,--,1,3711,卖盘,2017-06-29,2017-06-29 13:11:09
13:12:54,13:12:54,37.04,-0.07,4,14816,中性盘,2017-06-29,2017-06-29 13:12:54
13:14:42,13:14:42,37.0,-0.04,200,740000,卖盘,2017-06-29,2017-06-29 13:14:42
13:15:18,13:15:18,37.0,--,1,3700,卖盘,2017-06-29,2017-06-29 13:15:18
13:15:27,13:15:27,37.1,0.1,2,7420,买盘,2017-06-29,2017-06-29 13:15:27
13:16:48,13:16:48,37.08,-0.02,1,3708,中性盘,2017-06-29,2017-06-29 13:16:48
13:17:12,13:17:12,37.08,--,15,55620,卖盘,2017-06-29,2017-06-29 13:17:12
13:17:15,13:17:15,37.08,--,5,18540,卖盘,2017-06-29,2017-06-29 13:17:15
13:17:27,13:17:27,37.08,--,2,7416,卖盘,2017-06-29,2017-06-29 13:17:27
13:17:30,13:17:30,37.09,0.01,30,111270,买盘,2017-06-29,2017-06-29 13:17:30
13:17:57,13:17:57,37.1,0.01,5,18550,买盘,2017-06-29,2017-06-29 13:17:57
13:18:03,13:18:03,37.1,--,10,37100,买盘,2017-06-29,2017-06-29 13:18:03
13:18:06,13:18:06,37.1,--,5,18550,卖盘,2017-06-29,2017-06-29 13:18:06
13:19:03,13:19:03,37.1,--,26,99576,中性盘,2017-06-29,2017-06-29 13:19:03
13:19:18,13:19:18,37.11,0.01,5,18555,买盘,2017-06-29,2017-06-29 13:19:18
13:19:27,13:19:27,37.11,--,34,126174,卖盘,2017-06-29,2017-06-29 13:19:27
13:20:00,13:20:00,37.15,0.04,8,29720,买盘,2017-06-29,2017-06-29 13:20:00
13:20:27,13:20:27,37.15,--,2,7430,卖盘,2017-06-29,2017-06-29 13:20:27
13:20:30,13:20:30,37.2,0.05,2,7440,买盘,2017-06-29,2017-06-29 13:20:30
13:20:51,13:20:51,37.18,-0.02,4,14872,中性盘,2017-06-29,2017-06-29 13:20:51
13:21:03,13:21:03,37.18,--,1,3718,买盘,2017-06-29,2017-06-29 13:21:03
13:21:18,13:21:18,37.2,0.02,6,22320,买盘,2017-06-29,2017-06-29 13:21:18
13:21:21,13:21:21,37.2,--,2,7440,买盘,2017-06-29,2017-06-29 13:21:21
13:21:30,13:21:30,37.23,0.03,5,18615,买盘,2017-06-29,2017-06-29 13:21:30
13:21:36,13:21:36,37.23,--,5,18615,买盘,2017-06-29,2017-06-29 13:21:36
13:21:48,13:21:48,37.23,--,100,372299,卖盘,2017-06-29,2017-06-29 13:21:48
13:21:57,13:21:57,37.23,--,17,63290,卖盘,2017-06-29,2017-06-29 13:21:57
13:22:09,13:22:09,37.25,0.02,5,18625,买盘,2017-06-29,2017-06-29 13:22:09
13:22:39,13:22:39,37.25,--,13,48425,买盘,2017-06-29,2017-06-29 13:22:39
13:22:45,13:22:45,37.2,-0.05,10,37200,卖盘,2017-06-29,2017-06-29 13:22:45
13:22:48,13:22:48,37.23,0.03,17,63290,买盘,2017-06-29,2017-06-29 13:22:48
13:23:00,13:23:00,37.23,--,76,282948,卖盘,2017-06-29,2017-06-29 13:23:00
13:23:03,13:23:03,37.2,-0.03,1,3720,卖盘,2017-06-29,2017-06-29 13:23:03
13:23:24,13:23:24,37.2,--,1,3720,卖盘,2017-06-29,2017-06-29 13:23:24
13:24:00,13:24:00,37.16,-0.04,12,44591,中性盘,2017-06-29,2017-06-29 13:24:00
13:24:12,13:24:12,37.15,-0.01,1,3715,卖盘,2017-06-29,2017-06-29 13:24:12
13:24:33,13:24:33,37.16,0.01,1,3715,买盘,2017-06-29,2017-06-29 13:24:33
13:24:39,13:24:39,37.15,-0.01,8,29720,卖盘,2017-06-29,2017-06-29 13:24:39
13:24:57,13:24:57,37.15,--,16,59440,卖盘,2017-06-29,2017-06-29 13:24:57
13:25:09,13:25:09,37.15,--,5,18575,卖盘,2017-06-29,2017-06-29 13:25:09
13:26:24,13:26:24,37.15,--,10,37150,中性盘,2017-06-29,2017-06-29 13:26:24
13:26:48,13:26:48,37.15,--,1,3715,卖盘,2017-06-29,2017-06-29 13:26:48
13:26:51,13:26:51,37.15,--,4,14860,卖盘,2017-06-29,2017-06-29 13:26:51
13:27:03,13:27:03,37.15,--,31,115165,卖盘,2017-06-29,2017-06-29 13:27:03
13:27:21,13:27:21,37.15,--,4,14860,买盘,2017-06-29,2017-06-29 13:27:21
13:27:36,13:27:36,37.16,0.01,22,81751,卖盘,2017-06-29,2017-06-29 13:27:36
13:28:03,13:28:03,37.16,--,1,3715,卖盘,2017-06-29,2017-06-29 13:28:03
13:28:27,13:28:27,37.16,--,30,111479,卖盘,2017-06-29,2017-06-29 13:28:27
13:28:54,13:28:54,37.14,-0.02,20,74280,卖盘,2017-06-29,2017-06-29 13:28:54
13:29:18,13:29:18,37.1,-0.04,57,211470,卖盘,2017-06-29,2017-06-29 13:29:18
13:29:27,13:29:27,37.1,--,10,37100,买盘,2017-06-29,2017-06-29 13:29:27
13:29:48,13:29:48,37.05,-0.05,1,3704,卖盘,2017-06-29,2017-06-29 13:29:48
13:29:57,13:29:57,37.05,--,31,114854,卖盘,2017-06-29,2017-06-29 13:29:57
13:30:03,13:30:03,37.05,--,16,59279,买盘,2017-06-29,2017-06-29 13:30:03
13:30:09,13:30:09,37.16,0.11,8,29727,买盘,2017-06-29,2017-06-29 13:30:09
13:30:21,13:30:21,37.02,-0.14,49,181398,卖盘,2017-06-29,2017-06-29 13:30:21
13:30:30,13:30:30,37.02,--,26,96252,买盘,2017-06-29,2017-06-29 13:30:30
13:30:36,13:30:36,37.16,0.14,3,11147,买盘,2017-06-29,2017-06-29 13:30:36
13:31:15,13:31:15,37.15,-0.01,16,59440,中性盘,2017-06-29,2017-06-29 13:31:15
13:31:54,13:31:54,37.15,--,5,18575,买盘,2017-06-29,2017-06-29 13:31:54
13:32:15,13:32:15,37.06,-0.09,12,44472,卖盘,2017-06-29,2017-06-29 13:32:15
13:33:27,13:33:27,37.06,--,35,129710,卖盘,2017-06-29,2017-06-29 13:33:27
13:33:48,13:33:48,37.06,--,9,33354,卖盘,2017-06-29,2017-06-29 13:33:48
13:33:57,13:33:57,37.05,-0.01,16,59279,卖盘,2017-06-29,2017-06-29 13:33:57
13:34:00,13:34:00,37.05,--,8,29639,卖盘,2017-06-29,2017-06-29 13:34:00
13:34:15,13:34:15,37.05,--,1,3704,卖盘,2017-06-29,2017-06-29 13:34:15
13:34:45,13:34:45,37.06,0.01,4,14824,中性盘,2017-06-29,2017-06-29 13:34:45
13:34:48,13:34:48,37.06,--,13,48178,买盘,2017-06-29,2017-06-29 13:34:48
13:34:54,13:34:54,37.05,-0.01,1,3704,卖盘,2017-06-29,2017-06-29 13:34:54
13:35:09,13:35:09,37.05,--,16,59279,卖盘,2017-06-29,2017-06-29 13:35:09
13:35:24,13:35:24,37.05,--,3,11115,卖盘,2017-06-29,2017-06-29 13:35:24
13:35:45,13:35:45,37.05,--,12,44460,卖盘,2017-06-29,2017-06-29 13:35:45
13:35:54,13:35:54,37.05,--,30,111149,卖盘,2017-06-29,2017-06-29 13:35:54
13:35:57,13:35:57,37.05,--,17,62984,卖盘,2017-06-29,2017-06-29 13:35:57
13:36:12,13:36:12,37.05,--,2,7409,卖盘,2017-06-29,2017-06-29 13:36:12
13:36:15,13:36:15,37.05,--,15,55574,卖盘,2017-06-29,2017-06-29 13:36:15
13:36:39,13:36:39,37.06,0.01,4,14824,中性盘,2017-06-29,2017-06-29 13:36:39
13:37:18,13:37:18,37.04,-0.02,46,170384,卖盘,2017-06-29,2017-06-29 13:37:18
13:38:06,13:38:06,37.06,0.02,2,7412,买盘,2017-06-29,2017-06-29 13:38:06
13:38:30,13:38:30,37.03,-0.03,16,59248,卖盘,2017-06-29,2017-06-29 13:38:30
13:39:12,13:39:12,37.03,--,1,3703,买盘,2017-06-29,2017-06-29 13:39:12
13:39:27,13:39:27,37.02,-0.01,50,185100,卖盘,2017-06-29,2017-06-29 13:39:27
13:39:33,13:39:33,37.02,--,2,7404,卖盘,2017-06-29,2017-06-29 13:39:33
13:39:42,13:39:42,37.02,--,46,170292,卖盘,2017-06-29,2017-06-29 13:39:42
13:39:54,13:39:54,37.02,--,20,74040,买盘,2017-06-29,2017-06-29 13:39:54
13:40:09,13:40:09,37.02,--,25,92550,买盘,2017-06-29,2017-06-29 13:40:09
13:40:24,13:40:24,37.01,-0.01,158,584758,卖盘,2017-06-29,2017-06-29 13:40:24
13:40:27,13:40:27,37.01,--,5,18505,买盘,2017-06-29,2017-06-29 13:40:27
13:40:36,13:40:36,37.0,-0.01,7,25900,卖盘,2017-06-29,2017-06-29 13:40:36
13:40:39,13:40:39,37.0,--,10,37000,卖盘,2017-06-29,2017-06-29 13:40:39
13:40:48,13:40:48,37.0,--,10,37000,卖盘,2017-06-29,2017-06-29 13:40:48
13:40:54,13:40:54,37.0,--,15,55500,卖盘,2017-06-29,2017-06-29 13:40:54
13:41:00,13:41:00,37.01,0.01,1,3701,买盘,2017-06-29,2017-06-29 13:41:00
13:41:03,13:41:03,37.0,-0.01,40,148000,卖盘,2017-06-29,2017-06-29 13:41:03
13:41:21,13:41:21,37.01,0.01,4,14804,买盘,2017-06-29,2017-06-29 13:41:21
13:41:24,13:41:24,37.0,-0.01,51,188700,卖盘,2017-06-29,2017-06-29 13:41:24
13:41:48,13:41:48,37.01,0.01,29,108772,买盘,2017-06-29,2017-06-29 13:41:48
13:41:51,13:41:51,37.01,--,200,740200,卖盘,2017-06-29,2017-06-29 13:41:51
13:41:57,13:41:57,37.01,--,5,18505,卖盘,2017-06-29,2017-06-29 13:41:57
13:42:06,13:42:06,37.01,--,12,44412,卖盘,2017-06-29,2017-06-29 13:42:06
13:43:00,13:43:00,37.03,0.02,5,18515,中性盘,2017-06-29,2017-06-29 13:43:00
13:44:03,13:44:03,37.05,0.02,3,11115,买盘,2017-06-29,2017-06-29 13:44:03
13:44:15,13:44:15,37.01,-0.04,32,118432,卖盘,2017-06-29,2017-06-29 13:44:15
13:44:27,13:44:27,37.04,0.03,3,11112,中性盘,2017-06-29,2017-06-29 13:44:27
13:44:33,13:44:33,37.05,0.01,10,37050,买盘,2017-06-29,2017-06-29 13:44:33
13:45:09,13:45:09,37.01,-0.04,8,29608,卖盘,2017-06-29,2017-06-29 13:45:09
13:45:12,13:45:12,37.01,--,2,7402,卖盘,2017-06-29,2017-06-29 13:45:12
13:45:33,13:45:33,37.06,0.05,3,11118,买盘,2017-06-29,2017-06-29 13:45:33
13:46:27,13:46:27,37.05,-0.01,59,218594,中性盘,2017-06-29,2017-06-29 13:46:27
13:46:30,13:46:30,37.04,-0.01,9,33336,卖盘,2017-06-29,2017-06-29 13:46:30
13:46:48,13:46:48,37.04,--,2,7408,卖盘,2017-06-29,2017-06-29 13:46:48
13:46:57,13:46:57,37.04,--,10,37040,卖盘,2017-06-29,2017-06-29 13:46:57
13:47:00,13:47:00,37.04,--,2,7408,卖盘,2017-06-29,2017-06-29 13:47:00
13:47:18,13:47:18,37.04,--,1,3704,卖盘,2017-06-29,2017-06-29 13:47:18
13:47:42,13:47:42,37.04,--,13,48152,卖盘,2017-06-29,2017-06-29 13:47:42
13:47:48,13:47:48,37.05,0.01,5,18525,买盘,2017-06-29,2017-06-29 13:47:48
13:48:06,13:48:06,37.06,0.01,7,25942,买盘,2017-06-29,2017-06-29 13:48:06
13:48:15,13:48:15,37.07,0.01,10,37070,买盘,2017-06-29,2017-06-29 13:48:15
13:48:33,13:48:33,37.11,0.04,2,7422,买盘,2017-06-29,2017-06-29 13:48:33
13:49:18,13:49:18,37.11,--,3,11133,买盘,2017-06-29,2017-06-29 13:49:18
13:49:54,13:49:54,37.1,-0.01,4,14840,中性盘,2017-06-29,2017-06-29 13:49:54
13:49:57,13:49:57,37.1,--,3,11130,卖盘,2017-06-29,2017-06-29 13:49:57
13:50:42,13:50:42,37.08,-0.02,15,55620,中性盘,2017-06-29,2017-06-29 13:50:42
13:50:48,13:50:48,37.1,0.02,5,18550,买盘,2017-06-29,2017-06-29 13:50:48
13:51:27,13:51:27,37.08,-0.02,4,14832,中性盘,2017-06-29,2017-06-29 13:51:27
13:51:30,13:51:30,37.07,-0.01,35,129745,卖盘,2017-06-29,2017-06-29 13:51:30
13:51:45,13:51:45,37.07,--,3,11121,买盘,2017-06-29,2017-06-29 13:51:45
13:52:15,13:52:15,37.09,0.02,15,55635,中性盘,2017-06-29,2017-06-29 13:52:15
13:52:21,13:52:21,37.09,--,5,18545,卖盘,2017-06-29,2017-06-29 13:52:21
13:52:39,13:52:39,37.09,--,10,37090,卖盘,2017-06-29,2017-06-29 13:52:39
13:52:42,13:52:42,37.1,0.01,5,18550,买盘,2017-06-29,2017-06-29 13:52:42
13:52:48,13:52:48,37.09,-0.01,11,40799,卖盘,2017-06-29,2017-06-29 13:52:48
13:53:27,13:53:27,37.11,0.02,10,37110,买盘,2017-06-29,2017-06-29 13:53:27
13:53:54,13:53:54,37.11,--,51,189261,中性盘,2017-06-29,2017-06-29 13:53:54
13:54:27,13:54:27,37.11,--,6,22266,卖盘,2017-06-29,2017-06-29 13:54:27
13:55:45,13:55:45,37.12,0.01,29,107647,中性盘,2017-06-29,2017-06-29 13:55:45
13:55:48,13:55:48,37.11,-0.01,1,3711,卖盘,2017-06-29,2017-06-29 13:55:48
13:56:09,13:56:09,37.11,--,37,137307,卖盘,2017-06-29,2017-06-29 13:56:09
13:56:21,13:56:21,37.11,--,20,74220,买盘,2017-06-29,2017-06-29 13:56:21
13:56:27,13:56:27,37.11,--,5,18555,买盘,2017-06-29,2017-06-29 13:56:27
13:56:30,13:56:30,37.11,--,8,29688,买盘,2017-06-29,2017-06-29 13:56:30
13:56:45,13:56:45,37.11,--,2,7422,买盘,2017-06-29,2017-06-29 13:56:45
13:56:48,13:56:48,37.11,--,2,7422,买盘,2017-06-29,2017-06-29 13:56:48
13:56:54,13:56:54,37.1,-0.01,5,18550,卖盘,2017-06-29,2017-06-29 13:56:54
13:57:03,13:57:03,37.11,0.01,6,22266,买盘,2017-06-29,2017-06-29 13:57:03
13:57:30,13:57:30,37.12,0.01,1,3711,买盘,2017-06-29,2017-06-29 13:57:30
13:57:48,13:57:48,37.12,--,1,3711,卖盘,2017-06-29,2017-06-29 13:57:48
13:58:06,13:58:06,37.14,0.02,2,7428,买盘,2017-06-29,2017-06-29 13:58:06
13:58:24,13:58:24,37.14,--,27,100278,卖盘,2017-06-29,2017-06-29 13:58:24
13:58:30,13:58:30,37.14,--,2,9656,卖盘,2017-06-29,2017-06-29 13:58:30
13:59:00,13:59:00,37.15,0.01,14,52010,买盘,2017-06-29,2017-06-29 13:59:00
13:59:06,13:59:06,37.15,--,10,37150,买盘,2017-06-29,2017-06-29 13:59:06
13:59:15,13:59:15,37.15,--,10,37150,买盘,2017-06-29,2017-06-29 13:59:15
13:59:18,13:59:18,37.15,--,3,11145,买盘,2017-06-29,2017-06-29 13:59:18
13:59:24,13:59:24,37.15,--,5,18575,买盘,2017-06-29,2017-06-29 13:59:24
13:59:27,13:59:27,37.15,--,3,11145,卖盘,2017-06-29,2017-06-29 13:59:27
13:59:30,13:59:30,37.15,--,1,3715,卖盘,2017-06-29,2017-06-29 13:59:30
13:59:33,13:59:33,37.15,--,30,111450,卖盘,2017-06-29,2017-06-29 13:59:33
13:59:42,13:59:42,37.16,0.01,1,3715,买盘,2017-06-29,2017-06-29 13:59:42
13:59:51,13:59:51,37.15,-0.01,2,7430,卖盘,2017-06-29,2017-06-29 13:59:51
14:00:21,14:00:21,37.15,--,2,7430,卖盘,2017-06-29,2017-06-29 14:00:21
14:00:30,14:00:30,37.15,--,5,18575,卖盘,2017-06-29,2017-06-29 14:00:30
14:00:39,14:00:39,37.15,--,2,7430,卖盘,2017-06-29,2017-06-29 14:00:39
14:01:24,14:01:24,37.15,--,2,7430,买盘,2017-06-29,2017-06-29 14:01:24
14:01:27,14:01:27,37.15,--,1,3715,买盘,2017-06-29,2017-06-29 14:01:27
14:01:33,14:01:33,37.15,--,8,29720,买盘,2017-06-29,2017-06-29 14:01:33
14:01:39,14:01:39,37.15,--,2,7430,卖盘,2017-06-29,2017-06-29 14:01:39
14:01:42,14:01:42,37.16,0.01,8,29727,买盘,2017-06-29,2017-06-29 14:01:42
14:01:54,14:01:54,37.16,--,3,11147,买盘,2017-06-29,2017-06-29 14:01:54
14:02:00,14:02:00,37.16,--,10,37160,买盘,2017-06-29,2017-06-29 14:02:00
14:02:03,14:02:03,37.16,--,3,11147,买盘,2017-06-29,2017-06-29 14:02:03
14:02:06,14:02:06,37.16,--,3,11147,买盘,2017-06-29,2017-06-29 14:02:06
14:02:36,14:02:36,37.14,-0.02,30,111420,卖盘,2017-06-29,2017-06-29 14:02:36
14:03:00,14:03:00,37.14,--,62,230268,卖盘,2017-06-29,2017-06-29 14:03:00
14:03:03,14:03:03,37.16,0.02,5,18580,买盘,2017-06-29,2017-06-29 14:03:03
14:03:36,14:03:36,37.15,-0.01,6,22290,中性盘,2017-06-29,2017-06-29 14:03:36
14:03:39,14:03:39,37.14,-0.01,17,64623,卖盘,2017-06-29,2017-06-29 14:03:39
14:03:54,14:03:54,37.14,--,0,2228,买盘,2017-06-29,2017-06-29 14:03:54
14:03:57,14:03:57,37.14,--,10,37140,卖盘,2017-06-29,2017-06-29 14:03:57
14:04:06,14:04:06,37.14,--,3,11142,卖盘,2017-06-29,2017-06-29 14:04:06
14:04:24,14:04:24,37.14,--,11,40854,卖盘,2017-06-29,2017-06-29 14:04:24
14:04:33,14:04:33,37.14,--,41,153759,卖盘,2017-06-29,2017-06-29 14:04:33
14:04:39,14:04:39,37.14,--,10,37140,买盘,2017-06-29,2017-06-29 14:04:39
14:04:48,14:04:48,37.12,-0.02,18,66816,卖盘,2017-06-29,2017-06-29 14:04:48
14:05:00,14:05:00,37.12,--,20,74240,卖盘,2017-06-29,2017-06-29 14:05:00
14:05:09,14:05:09,37.12,--,2,7423,卖盘,2017-06-29,2017-06-29 14:05:09
14:05:24,14:05:24,37.12,--,22,81664,卖盘,2017-06-29,2017-06-29 14:05:24
14:05:33,14:05:33,37.11,-0.01,1,3711,卖盘,2017-06-29,2017-06-29 14:05:33
14:05:42,14:05:42,37.11,--,6,22266,卖盘,2017-06-29,2017-06-29 14:05:42
14:05:45,14:05:45,37.12,0.01,24,89088,买盘,2017-06-29,2017-06-29 14:05:45
14:05:51,14:05:51,37.12,--,6,22272,卖盘,2017-06-29,2017-06-29 14:05:51
14:05:54,14:05:54,37.12,--,3,11136,卖盘,2017-06-29,2017-06-29 14:05:54
14:05:57,14:05:57,37.14,0.02,56,210212,买盘,2017-06-29,2017-06-29 14:05:57
14:06:09,14:06:09,37.14,--,10,37140,卖盘,2017-06-29,2017-06-29 14:06:09
14:06:15,14:06:15,37.15,0.01,5,18575,买盘,2017-06-29,2017-06-29 14:06:15
14:06:18,14:06:18,37.15,--,5,18575,买盘,2017-06-29,2017-06-29 14:06:18
14:06:30,14:06:30,37.15,--,5,18575,卖盘,2017-06-29,2017-06-29 14:06:30
14:06:45,14:06:45,37.15,--,1,3715,卖盘,2017-06-29,2017-06-29 14:06:45
14:07:33,14:07:33,37.16,0.01,31,115195,买盘,2017-06-29,2017-06-29 14:07:33
14:07:57,14:07:57,37.18,0.02,24,89232,买盘,2017-06-29,2017-06-29 14:07:57
14:08:12,14:08:12,37.19,0.01,26,96694,买盘,2017-06-29,2017-06-29 14:08:12
14:08:18,14:08:18,37.19,--,3,11157,买盘,2017-06-29,2017-06-29 14:08:18
14:08:21,14:08:21,37.19,--,5,18595,买盘,2017-06-29,2017-06-29 14:08:21
14:08:42,14:08:42,37.19,--,1,3719,买盘,2017-06-29,2017-06-29 14:08:42
14:08:45,14:08:45,37.2,0.01,5,18600,买盘,2017-06-29,2017-06-29 14:08:45
14:09:03,14:09:03,37.19,-0.01,16,59504,卖盘,2017-06-29,2017-06-29 14:09:03
14:09:12,14:09:12,37.2,0.01,29,107880,买盘,2017-06-29,2017-06-29 14:09:12
14:09:27,14:09:27,37.2,--,20,74400,卖盘,2017-06-29,2017-06-29 14:09:27
14:09:30,14:09:30,37.21,0.01,13,48373,买盘,2017-06-29,2017-06-29 14:09:30
14:09:39,14:09:39,37.25,0.04,148,551300,买盘,2017-06-29,2017-06-29 14:09:39
14:09:48,14:09:48,37.26,0.01,1,3726,买盘,2017-06-29,2017-06-29 14:09:48
14:09:57,14:09:57,37.26,--,5,18630,买盘,2017-06-29,2017-06-29 14:09:57
14:10:00,14:10:00,37.26,--,2,7452,买盘,2017-06-29,2017-06-29 14:10:00
14:10:03,14:10:03,37.28,0.02,35,130480,买盘,2017-06-29,2017-06-29 14:10:03
14:10:09,14:10:09,37.26,-0.02,10,37260,中性盘,2017-06-29,2017-06-29 14:10:09
14:10:15,14:10:15,37.28,0.02,17,63376,买盘,2017-06-29,2017-06-29 14:10:15
14:10:18,14:10:18,37.28,--,10,37280,卖盘,2017-06-29,2017-06-29 14:10:18
14:10:24,14:10:24,37.28,--,1,3728,卖盘,2017-06-29,2017-06-29 14:10:24
14:10:27,14:10:27,37.3,0.02,55,205149,买盘,2017-06-29,2017-06-29 14:10:27
14:10:30,14:10:30,37.26,-0.04,61,227286,卖盘,2017-06-29,2017-06-29 14:10:30
14:10:33,14:10:33,37.29,0.03,18,67122,买盘,2017-06-29,2017-06-29 14:10:33
14:10:36,14:10:36,37.31,0.02,97,361907,买盘,2017-06-29,2017-06-29 14:10:36
14:10:39,14:10:39,37.31,--,34,126854,买盘,2017-06-29,2017-06-29 14:10:39
14:10:48,14:10:48,37.31,--,51,190281,卖盘,2017-06-29,2017-06-29 14:10:48
14:10:54,14:10:54,37.33,0.02,8,29864,买盘,2017-06-29,2017-06-29 14:10:54
14:10:57,14:10:57,37.31,-0.02,218,813358,卖盘,2017-06-29,2017-06-29 14:10:57
14:11:00,14:11:00,37.31,--,3,11193,买盘,2017-06-29,2017-06-29 14:11:00
14:11:03,14:11:03,37.31,--,1,3731,买盘,2017-06-29,2017-06-29 14:11:03
14:11:06,14:11:06,37.29,-0.02,5,18645,卖盘,2017-06-29,2017-06-29 14:11:06
14:11:18,14:11:18,37.29,--,14,52206,卖盘,2017-06-29,2017-06-29 14:11:18
14:11:33,14:11:33,37.28,-0.01,2,7456,买盘,2017-06-29,2017-06-29 14:11:33
14:11:45,14:11:45,37.25,-0.03,2,7450,卖盘,2017-06-29,2017-06-29 14:11:45
14:11:57,14:11:57,37.25,--,37,137825,买盘,2017-06-29,2017-06-29 14:11:57
14:12:00,14:12:00,37.25,--,3,11175,卖盘,2017-06-29,2017-06-29 14:12:00
14:12:03,14:12:03,37.25,--,1,3725,卖盘,2017-06-29,2017-06-29 14:12:03
14:12:06,14:12:06,37.25,--,3,11175,卖盘,2017-06-29,2017-06-29 14:12:06
14:12:18,14:12:18,37.25,--,5,18625,卖盘,2017-06-29,2017-06-29 14:12:18
14:12:21,14:12:21,37.26,0.01,4,14904,买盘,2017-06-29,2017-06-29 14:12:21
14:12:24,14:12:24,37.25,-0.01,30,111750,卖盘,2017-06-29,2017-06-29 14:12:24
14:12:48,14:12:48,37.25,--,10,37250,买盘,2017-06-29,2017-06-29 14:12:48
14:12:57,14:12:57,37.25,--,5,18625,买盘,2017-06-29,2017-06-29 14:12:57
14:13:03,14:13:03,37.22,-0.03,1,3722,卖盘,2017-06-29,2017-06-29 14:13:03
14:13:12,14:13:12,37.25,0.03,5,18625,买盘,2017-06-29,2017-06-29 14:13:12
14:13:15,14:13:15,37.2,-0.05,50,186000,卖盘,2017-06-29,2017-06-29 14:13:15
14:13:21,14:13:21,37.26,0.06,5,18630,买盘,2017-06-29,2017-06-29 14:13:21
14:13:24,14:13:24,37.2,-0.06,49,182280,卖盘,2017-06-29,2017-06-29 14:13:24
14:13:27,14:13:27,37.2,--,2,7440,买盘,2017-06-29,2017-06-29 14:13:27
14:13:30,14:13:30,37.26,0.06,8,29808,买盘,2017-06-29,2017-06-29 14:13:30
14:13:36,14:13:36,37.27,0.01,4,14908,买盘,2017-06-29,2017-06-29 14:13:36
14:13:42,14:13:42,37.2,-0.07,5,18600,卖盘,2017-06-29,2017-06-29 14:13:42
14:13:48,14:13:48,37.27,0.07,2,7454,买盘,2017-06-29,2017-06-29 14:13:48
14:13:54,14:13:54,37.27,--,1,3727,买盘,2017-06-29,2017-06-29 14:13:54
14:14:00,14:14:00,37.27,--,1,3727,买盘,2017-06-29,2017-06-29 14:14:00
14:14:12,14:14:12,37.27,--,12,44724,买盘,2017-06-29,2017-06-29 14:14:12
14:14:15,14:14:15,37.27,--,7,26089,卖盘,2017-06-29,2017-06-29 14:14:15
14:14:18,14:14:18,37.28,0.01,6,22368,买盘,2017-06-29,2017-06-29 14:14:18
14:14:21,14:14:21,37.28,--,4,14912,买盘,2017-06-29,2017-06-29 14:14:21
14:14:24,14:14:24,37.28,--,3,11184,买盘,2017-06-29,2017-06-29 14:14:24
14:14:27,14:14:27,37.28,--,2,7456,买盘,2017-06-29,2017-06-29 14:14:27
14:14:30,14:14:30,37.27,-0.01,2,7454,卖盘,2017-06-29,2017-06-29 14:14:30
14:14:33,14:14:33,37.27,--,1,3727,买盘,2017-06-29,2017-06-29 14:14:33
14:14:36,14:14:36,37.27,--,1,3727,买盘,2017-06-29,2017-06-29 14:14:36
14:14:39,14:14:39,37.27,--,1,3727,买盘,2017-06-29,2017-06-29 14:14:39
14:14:45,14:14:45,37.27,--,1,3727,买盘,2017-06-29,2017-06-29 14:14:45
14:15:03,14:15:03,37.21,-0.06,36,133956,卖盘,2017-06-29,2017-06-29 14:15:03
14:15:09,14:15:09,37.21,--,16,59536,买盘,2017-06-29,2017-06-29 14:15:09
14:15:15,14:15:15,37.26,0.05,8,29808,买盘,2017-06-29,2017-06-29 14:15:15
14:15:21,14:15:21,37.26,--,4,14904,买盘,2017-06-29,2017-06-29 14:15:21
14:15:27,14:15:27,37.26,--,2,7452,买盘,2017-06-29,2017-06-29 14:15:27
14:15:33,14:15:33,37.26,--,1,3726,买盘,2017-06-29,2017-06-29 14:15:33
14:15:39,14:15:39,37.26,--,3,11178,买盘,2017-06-29,2017-06-29 14:15:39
14:15:45,14:15:45,37.26,--,1,3726,买盘,2017-06-29,2017-06-29 14:15:45
14:15:51,14:15:51,37.26,--,1,3726,买盘,2017-06-29,2017-06-29 14:15:51
14:16:12,14:16:12,37.21,-0.05,2,7442,卖盘,2017-06-29,2017-06-29 14:16:12
14:16:18,14:16:18,37.21,--,1,3721,买盘,2017-06-29,2017-06-29 14:16:18
14:16:24,14:16:24,37.21,--,1,3721,买盘,2017-06-29,2017-06-29 14:16:24
14:16:33,14:16:33,37.21,--,1,3721,买盘,2017-06-29,2017-06-29 14:16:33
14:16:39,14:16:39,37.2,-0.01,21,78120,卖盘,2017-06-29,2017-06-29 14:16:39
14:16:45,14:16:45,37.25,0.05,10,37250,买盘,2017-06-29,2017-06-29 14:16:45
14:16:51,14:16:51,37.24,-0.01,5,18620,中性盘,2017-06-29,2017-06-29 14:16:51
14:16:57,14:16:57,37.21,-0.03,3,11163,买盘,2017-06-29,2017-06-29 14:16:57
14:17:00,14:17:00,37.2,-0.01,14,52080,卖盘,2017-06-29,2017-06-29 14:17:00
14:17:03,14:17:03,37.2,--,1,3720,买盘,2017-06-29,2017-06-29 14:17:03
14:17:06,14:17:06,37.2,--,7,26040,买盘,2017-06-29,2017-06-29 14:17:06
14:17:09,14:17:09,37.2,--,1,3720,买盘,2017-06-29,2017-06-29 14:17:09
14:17:12,14:17:12,37.2,--,3,11160,买盘,2017-06-29,2017-06-29 14:17:12
14:17:15,14:17:15,37.2,--,1,3720,买盘,2017-06-29,2017-06-29 14:17:15
14:17:18,14:17:18,37.19,-0.01,5,18595,卖盘,2017-06-29,2017-06-29 14:17:18
14:17:21,14:17:21,37.21,0.02,1,3721,买盘,2017-06-29,2017-06-29 14:17:21
14:17:27,14:17:27,37.2,-0.01,5,18600,中性盘,2017-06-29,2017-06-29 14:17:27
14:17:33,14:17:33,37.24,0.04,2,7448,买盘,2017-06-29,2017-06-29 14:17:33
14:17:39,14:17:39,37.2,-0.04,11,40920,卖盘,2017-06-29,2017-06-29 14:17:39
14:17:45,14:17:45,37.24,0.04,6,22344,买盘,2017-06-29,2017-06-29 14:17:45
14:17:51,14:17:51,37.23,-0.01,3,11168,买盘,2017-06-29,2017-06-29 14:17:51
14:17:54,14:17:54,37.2,-0.03,22,81840,卖盘,2017-06-29,2017-06-29 14:17:54
14:17:57,14:17:57,37.2,--,1,3720,买盘,2017-06-29,2017-06-29 14:17:57
14:18:00,14:18:00,37.2,--,11,40920,买盘,2017-06-29,2017-06-29 14:18:00
14:18:03,14:18:03,37.2,--,1,3720,买盘,2017-06-29,2017-06-29 14:18:03
14:18:06,14:18:06,37.2,--,5,18600,买盘,2017-06-29,2017-06-29 14:18:06
14:18:09,14:18:09,37.2,--,1,3720,买盘,2017-06-29,2017-06-29 14:18:09
14:18:12,14:18:12,37.2,--,2,7440,买盘,2017-06-29,2017-06-29 14:18:12
14:18:15,14:18:15,37.2,--,1,3720,买盘,2017-06-29,2017-06-29 14:18:15
14:18:18,14:18:18,37.2,--,1,3720,买盘,2017-06-29,2017-06-29 14:18:18
14:18:24,14:18:24,37.2,--,1,3720,买盘,2017-06-29,2017-06-29 14:18:24
14:18:33,14:18:33,37.18,-0.02,20,74360,卖盘,2017-06-29,2017-06-29 14:18:33
14:18:36,14:18:36,37.16,-0.02,4,14863,卖盘,2017-06-29,2017-06-29 14:18:36
14:18:39,14:18:39,37.18,0.02,10,37180,买盘,2017-06-29,2017-06-29 14:18:39
14:18:42,14:18:42,37.18,--,2,7436,买盘,2017-06-29,2017-06-29 14:18:42
14:18:45,14:18:45,37.18,--,5,18590,买盘,2017-06-29,2017-06-29 14:18:45
14:18:48,14:18:48,37.18,--,1,3718,买盘,2017-06-29,2017-06-29 14:18:48
14:18:51,14:18:51,37.18,--,5,18590,买盘,2017-06-29,2017-06-29 14:18:51
14:18:57,14:18:57,37.15,-0.03,11,40865,卖盘,2017-06-29,2017-06-29 14:18:57
14:19:03,14:19:03,37.15,--,5,18575,买盘,2017-06-29,2017-06-29 14:19:03
14:19:09,14:19:09,37.15,--,3,11145,买盘,2017-06-29,2017-06-29 14:19:09
14:19:15,14:19:15,37.15,--,1,3715,买盘,2017-06-29,2017-06-29 14:19:15
14:19:21,14:19:21,37.15,--,1,3715,买盘,2017-06-29,2017-06-29 14:19:21
14:19:27,14:19:27,37.12,-0.03,10,37120,卖盘,2017-06-29,2017-06-29 14:19:27
14:19:33,14:19:33,37.15,0.03,5,18575,买盘,2017-06-29,2017-06-29 14:19:33
14:19:36,14:19:36,37.15,--,3,11145,买盘,2017-06-29,2017-06-29 14:19:36
14:19:42,14:19:42,37.18,0.03,1,3718,买盘,2017-06-29,2017-06-29 14:19:42
14:19:48,14:19:48,37.18,--,1,3718,买盘,2017-06-29,2017-06-29 14:19:48
14:20:15,14:20:15,37.18,--,52,193336,买盘,2017-06-29,2017-06-29 14:20:15
14:20:21,14:20:21,37.2,0.02,2,7440,买盘,2017-06-29,2017-06-29 14:20:21
14:20:27,14:20:27,37.23,0.03,1,3722,买盘,2017-06-29,2017-06-29 14:20:27
14:20:33,14:20:33,37.23,--,4,14891,买盘,2017-06-29,2017-06-29 14:20:33
14:20:39,14:20:39,37.23,--,2,7445,买盘,2017-06-29,2017-06-29 14:20:39
14:20:45,14:20:45,37.24,0.01,1,3724,买盘,2017-06-29,2017-06-29 14:20:45
14:20:54,14:20:54,37.2,-0.04,26,96720,卖盘,2017-06-29,2017-06-29 14:20:54
14:21:00,14:21:00,37.2,--,7,26040,买盘,2017-06-29,2017-06-29 14:21:00
14:21:06,14:21:06,37.2,--,10,37200,卖盘,2017-06-29,2017-06-29 14:21:06
14:21:09,14:21:09,37.2,--,3,11160,买盘,2017-06-29,2017-06-29 14:21:09
14:21:12,14:21:12,37.2,--,1,3720,买盘,2017-06-29,2017-06-29 14:21:12
14:21:15,14:21:15,37.2,--,4,14880,卖盘,2017-06-29,2017-06-29 14:21:15
14:21:18,14:21:18,37.23,0.03,1,3722,买盘,2017-06-29,2017-06-29 14:21:18
14:21:21,14:21:21,37.23,--,2,7445,买盘,2017-06-29,2017-06-29 14:21:21
14:21:27,14:21:27,37.23,--,1,3722,买盘,2017-06-29,2017-06-29 14:21:27
14:21:33,14:21:33,37.23,--,1,3722,买盘,2017-06-29,2017-06-29 14:21:33
14:21:42,14:21:42,37.23,--,40,148920,买盘,2017-06-29,2017-06-29 14:21:42
14:21:48,14:21:48,37.23,--,20,74460,买盘,2017-06-29,2017-06-29 14:21:48
14:21:51,14:21:51,37.23,--,55,204764,买盘,2017-06-29,2017-06-29 14:21:51
14:21:57,14:21:57,37.24,0.01,28,104272,买盘,2017-06-29,2017-06-29 14:21:57
14:22:03,14:22:03,37.24,--,7,26068,买盘,2017-06-29,2017-06-29 14:22:03
14:22:09,14:22:09,37.25,0.01,3,11175,买盘,2017-06-29,2017-06-29 14:22:09
14:22:12,14:22:12,37.25,--,11,40975,买盘,2017-06-29,2017-06-29 14:22:12
14:22:18,14:22:18,37.26,0.01,5,18630,买盘,2017-06-29,2017-06-29 14:22:18
14:22:21,14:22:21,37.25,-0.01,2,7450,卖盘,2017-06-29,2017-06-29 14:22:21
14:22:24,14:22:24,37.26,0.01,3,11178,买盘,2017-06-29,2017-06-29 14:22:24
14:22:27,14:22:27,37.26,--,1,3726,买盘,2017-06-29,2017-06-29 14:22:27
14:22:30,14:22:30,37.25,-0.01,1,3725,买盘,2017-06-29,2017-06-29 14:22:30
14:22:33,14:22:33,37.25,--,1,3725,买盘,2017-06-29,2017-06-29 14:22:33
14:22:36,14:22:36,37.27,0.02,88,327976,买盘,2017-06-29,2017-06-29 14:22:36
14:22:42,14:22:42,37.27,--,44,163988,买盘,2017-06-29,2017-06-29 14:22:42
14:22:45,14:22:45,37.27,--,7,26089,买盘,2017-06-29,2017-06-29 14:22:45
14:22:51,14:22:51,37.28,0.01,3,11184,买盘,2017-06-29,2017-06-29 14:22:51
14:22:54,14:22:54,37.28,--,7,26096,买盘,2017-06-29,2017-06-29 14:22:54
14:22:57,14:22:57,37.3,0.02,24,89520,买盘,2017-06-29,2017-06-29 14:22:57
14:23:03,14:23:03,37.31,0.01,4,14924,买盘,2017-06-29,2017-06-29 14:23:03
14:23:09,14:23:09,37.33,0.02,2,7466,买盘,2017-06-29,2017-06-29 14:23:09
14:23:12,14:23:12,37.35,0.02,5,18675,买盘,2017-06-29,2017-06-29 14:23:12
14:23:15,14:23:15,37.35,--,2,7470,卖盘,2017-06-29,2017-06-29 14:23:15
14:23:18,14:23:18,37.36,0.01,3,11208,买盘,2017-06-29,2017-06-29 14:23:18
14:23:21,14:23:21,37.36,--,1,3736,中性盘,2017-06-29,2017-06-29 14:23:21
14:23:24,14:23:24,37.37,0.01,22,82214,买盘,2017-06-29,2017-06-29 14:23:24
14:23:27,14:23:27,37.38,0.01,7,26166,买盘,2017-06-29,2017-06-29 14:23:27
14:23:30,14:23:30,37.36,-0.02,2,7472,卖盘,2017-06-29,2017-06-29 14:23:30
14:23:33,14:23:33,37.38,0.02,29,108402,买盘,2017-06-29,2017-06-29 14:23:33
14:23:36,14:23:36,37.4,0.02,20,74800,买盘,2017-06-29,2017-06-29 14:23:36
14:23:39,14:23:39,37.4,--,2,7480,卖盘,2017-06-29,2017-06-29 14:23:39
14:23:42,14:23:42,37.41,0.01,10,37410,买盘,2017-06-29,2017-06-29 14:23:42
14:23:48,14:23:48,37.4,-0.01,41,153340,卖盘,2017-06-29,2017-06-29 14:23:48
14:23:51,14:23:51,37.44,0.04,2,7488,买盘,2017-06-29,2017-06-29 14:23:51
14:23:54,14:23:54,37.44,--,64,239616,买盘,2017-06-29,2017-06-29 14:23:54
14:23:57,14:23:57,37.44,--,1,3744,卖盘,2017-06-29,2017-06-29 14:23:57
14:24:00,14:24:00,37.4,-0.04,46,172040,卖盘,2017-06-29,2017-06-29 14:24:00
14:24:03,14:24:03,37.4,--,1,3740,买盘,2017-06-29,2017-06-29 14:24:03
14:24:06,14:24:06,37.4,--,26,97240,买盘,2017-06-29,2017-06-29 14:24:06
14:24:09,14:24:09,37.38,-0.02,10,37380,中性盘,2017-06-29,2017-06-29 14:24:09
14:24:12,14:24:12,37.4,0.02,13,48620,买盘,2017-06-29,2017-06-29 14:24:12
14:24:15,14:24:15,37.38,-0.02,5,18690,买盘,2017-06-29,2017-06-29 14:24:15
14:24:18,14:24:18,37.4,0.02,1,3740,买盘,2017-06-29,2017-06-29 14:24:18
14:24:21,14:24:21,37.37,-0.03,13,48581,卖盘,2017-06-29,2017-06-29 14:24:21
14:24:24,14:24:24,37.37,--,1,3736,买盘,2017-06-29,2017-06-29 14:24:24
14:24:27,14:24:27,37.37,--,5,18685,买盘,2017-06-29,2017-06-29 14:24:27
14:24:30,14:24:30,37.31,-0.06,5,18655,卖盘,2017-06-29,2017-06-29 14:24:30
14:24:33,14:24:33,37.31,--,2,7462,买盘,2017-06-29,2017-06-29 14:24:33
14:24:36,14:24:36,37.31,--,3,11193,买盘,2017-06-29,2017-06-29 14:24:36
14:24:39,14:24:39,37.31,--,1,3731,买盘,2017-06-29,2017-06-29 14:24:39
14:24:42,14:24:42,37.31,--,1,3731,买盘,2017-06-29,2017-06-29 14:24:42
14:24:45,14:24:45,37.31,--,1,3731,买盘,2017-06-29,2017-06-29 14:24:45
14:24:51,14:24:51,37.31,--,1,3731,买盘,2017-06-29,2017-06-29 14:24:51
14:25:03,14:25:03,37.31,--,4,14924,买盘,2017-06-29,2017-06-29 14:25:03
14:25:09,14:25:09,37.31,--,2,7462,买盘,2017-06-29,2017-06-29 14:25:09
14:25:15,14:25:15,37.3,-0.01,12,44760,卖盘,2017-06-29,2017-06-29 14:25:15
14:25:21,14:25:21,37.3,--,6,22380,买盘,2017-06-29,2017-06-29 14:25:21
14:25:27,14:25:27,37.3,--,3,11190,买盘,2017-06-29,2017-06-29 14:25:27
14:25:33,14:25:33,37.3,--,2,7459,买盘,2017-06-29,2017-06-29 14:25:33
14:25:39,14:25:39,37.38,0.08,157,586866,买盘,2017-06-29,2017-06-29 14:25:39
14:25:45,14:25:45,37.39,0.01,2,7478,买盘,2017-06-29,2017-06-29 14:25:45
14:25:48,14:25:48,37.38,-0.01,35,130830,卖盘,2017-06-29,2017-06-29 14:25:48
14:25:54,14:25:54,37.35,-0.03,1,3735,买盘,2017-06-29,2017-06-29 14:25:54
14:26:06,14:26:06,37.4,0.05,27,100980,买盘,2017-06-29,2017-06-29 14:26:06
14:26:33,14:26:33,37.32,-0.08,9,33588,中性盘,2017-06-29,2017-06-29 14:26:33
14:26:39,14:26:39,37.38,0.06,9,33642,买盘,2017-06-29,2017-06-29 14:26:39
14:27:03,14:27:03,37.32,-0.06,20,74640,卖盘,2017-06-29,2017-06-29 14:27:03
14:27:09,14:27:09,37.33,0.01,16,59728,中性盘,2017-06-29,2017-06-29 14:27:09
14:27:15,14:27:15,37.36,0.03,10,37360,买盘,2017-06-29,2017-06-29 14:27:15
14:27:18,14:27:18,37.36,--,2,7472,买盘,2017-06-29,2017-06-29 14:27:18
14:27:21,14:27:21,37.32,-0.04,59,220188,卖盘,2017-06-29,2017-06-29 14:27:21
14:27:33,14:27:33,37.32,--,5,18660,买盘,2017-06-29,2017-06-29 14:27:33
14:27:45,14:27:45,37.35,0.03,80,298800,买盘,2017-06-29,2017-06-29 14:27:45
14:27:51,14:27:51,37.35,--,5,18675,卖盘,2017-06-29,2017-06-29 14:27:51
14:28:00,14:28:00,37.35,--,3,11205,卖盘,2017-06-29,2017-06-29 14:28:00
14:28:03,14:28:03,37.35,--,25,93375,卖盘,2017-06-29,2017-06-29 14:28:03
14:28:09,14:28:09,37.35,--,27,100845,卖盘,2017-06-29,2017-06-29 14:28:09
14:28:24,14:28:24,37.3,-0.05,10,37300,卖盘,2017-06-29,2017-06-29 14:28:24
14:28:27,14:28:27,37.28,-0.02,15,55920,买盘,2017-06-29,2017-06-29 14:28:27
14:28:30,14:28:30,37.28,--,27,100656,买盘,2017-06-29,2017-06-29 14:28:30
14:28:33,14:28:33,37.28,--,1,3728,买盘,2017-06-29,2017-06-29 14:28:33
14:28:39,14:28:39,37.28,--,21,78288,买盘,2017-06-29,2017-06-29 14:28:39
14:28:51,14:28:51,37.31,0.03,3,11193,买盘,2017-06-29,2017-06-29 14:28:51
14:28:57,14:28:57,37.27,-0.04,3,11181,卖盘,2017-06-29,2017-06-29 14:28:57
14:29:03,14:29:03,37.28,0.01,1,3728,买盘,2017-06-29,2017-06-29 14:29:03
14:29:18,14:29:18,37.3,0.02,2,7459,卖盘,2017-06-29,2017-06-29 14:29:18
14:29:30,14:29:30,37.3,--,1,3729,卖盘,2017-06-29,2017-06-29 14:29:30
14:29:42,14:29:42,37.3,--,5,18650,买盘,2017-06-29,2017-06-29 14:29:42
14:29:57,14:29:57,37.3,--,6,22380,买盘,2017-06-29,2017-06-29 14:29:57
14:30:12,14:30:12,37.3,--,1,3729,买盘,2017-06-29,2017-06-29 14:30:12
14:30:15,14:30:15,37.3,--,1,3729,买盘,2017-06-29,2017-06-29 14:30:15
14:30:18,14:30:18,37.3,--,5,18650,买盘,2017-06-29,2017-06-29 14:30:18
14:30:30,14:30:30,37.3,--,1,3729,买盘,2017-06-29,2017-06-29 14:30:30
14:30:45,14:30:45,37.35,0.05,100,373500,买盘,2017-06-29,2017-06-29 14:30:45
14:30:48,14:30:48,37.3,-0.05,1,3729,卖盘,2017-06-29,2017-06-29 14:30:48
14:31:03,14:31:03,37.3,--,15,55949,卖盘,2017-06-29,2017-06-29 14:31:03
14:31:09,14:31:09,37.3,--,4,14919,卖盘,2017-06-29,2017-06-29 14:31:09
14:31:15,14:31:15,37.3,--,2,7459,买盘,2017-06-29,2017-06-29 14:31:15
14:31:18,14:31:18,37.34,0.04,2,7468,买盘,2017-06-29,2017-06-29 14:31:18
14:31:54,14:31:54,37.26,-0.08,76,283176,卖盘,2017-06-29,2017-06-29 14:31:54
14:32:09,14:32:09,37.3,0.04,2,7459,中性盘,2017-06-29,2017-06-29 14:32:09
14:32:30,14:32:30,37.29,-0.01,20,74580,中性盘,2017-06-29,2017-06-29 14:32:30
14:32:33,14:32:33,37.29,--,2,7458,买盘,2017-06-29,2017-06-29 14:32:33
14:32:42,14:32:42,37.29,--,3,11187,买盘,2017-06-29,2017-06-29 14:32:42
14:32:45,14:32:45,37.29,--,5,18645,买盘,2017-06-29,2017-06-29 14:32:45
14:32:51,14:32:51,37.29,--,5,18645,买盘,2017-06-29,2017-06-29 14:32:51
14:33:00,14:33:00,37.28,-0.01,18,67104,卖盘,2017-06-29,2017-06-29 14:33:00
14:33:09,14:33:09,37.28,--,15,55920,买盘,2017-06-29,2017-06-29 14:33:09
14:33:15,14:33:15,37.27,-0.01,16,59632,卖盘,2017-06-29,2017-06-29 14:33:15
14:33:21,14:33:21,37.27,--,27,100629,卖盘,2017-06-29,2017-06-29 14:33:21
14:33:24,14:33:24,37.28,0.01,36,134208,买盘,2017-06-29,2017-06-29 14:33:24
14:33:33,14:33:33,37.27,-0.01,5,18635,卖盘,2017-06-29,2017-06-29 14:33:33
14:33:39,14:33:39,37.25,-0.02,183,681675,卖盘,2017-06-29,2017-06-29 14:33:39
14:33:42,14:33:42,37.28,0.03,58,216224,买盘,2017-06-29,2017-06-29 14:33:42
14:33:51,14:33:51,37.24,-0.04,98,364952,卖盘,2017-06-29,2017-06-29 14:33:51
14:34:03,14:34:03,37.28,0.04,1,3728,买盘,2017-06-29,2017-06-29 14:34:03
14:34:09,14:34:09,37.3,0.02,1,3729,买盘,2017-06-29,2017-06-29 14:34:09
14:34:30,14:34:30,37.29,-0.01,3,11187,中性盘,2017-06-29,2017-06-29 14:34:30
14:34:33,14:34:33,37.3,0.01,30,111899,买盘,2017-06-29,2017-06-29 14:34:33
14:34:54,14:34:54,37.27,-0.03,90,335430,卖盘,2017-06-29,2017-06-29 14:34:54
14:35:09,14:35:09,37.33,0.06,166,619678,买盘,2017-06-29,2017-06-29 14:35:09
14:35:24,14:35:24,37.3,-0.03,1,3729,中性盘,2017-06-29,2017-06-29 14:35:24
14:35:27,14:35:27,37.3,--,10,37300,买盘,2017-06-29,2017-06-29 14:35:27
14:35:33,14:35:33,37.3,--,9,33570,买盘,2017-06-29,2017-06-29 14:35:33
14:35:48,14:35:48,37.3,--,1,3729,卖盘,2017-06-29,2017-06-29 14:35:48
14:36:03,14:36:03,37.25,-0.05,167,622075,卖盘,2017-06-29,2017-06-29 14:36:03
14:36:15,14:36:15,37.25,--,10,37250,买盘,2017-06-29,2017-06-29 14:36:15
14:36:18,14:36:18,37.25,--,6,22350,买盘,2017-06-29,2017-06-29 14:36:18
14:36:21,14:36:21,37.24,-0.01,1,3724,卖盘,2017-06-29,2017-06-29 14:36:21
14:36:33,14:36:33,37.25,0.01,16,59600,买盘,2017-06-29,2017-06-29 14:36:33
14:36:42,14:36:42,37.24,-0.01,210,782040,卖盘,2017-06-29,2017-06-29 14:36:42
14:37:09,14:37:09,37.25,0.01,1,3725,买盘,2017-06-29,2017-06-29 14:37:09
14:37:12,14:37:12,37.25,--,1,3725,卖盘,2017-06-29,2017-06-29 14:37:12
14:38:03,14:38:03,37.29,0.04,14,52206,买盘,2017-06-29,2017-06-29 14:38:03
14:38:27,14:38:27,37.3,0.01,3,11190,买盘,2017-06-29,2017-06-29 14:38:27
14:38:33,14:38:33,37.26,-0.04,23,85698,卖盘,2017-06-29,2017-06-29 14:38:33
14:38:39,14:38:39,37.25,-0.01,10,37250,卖盘,2017-06-29,2017-06-29 14:38:39
14:38:45,14:38:45,37.3,0.05,101,376730,买盘,2017-06-29,2017-06-29 14:38:45
14:39:12,14:39:12,37.33,0.03,13,48529,买盘,2017-06-29,2017-06-29 14:39:12
14:39:24,14:39:24,37.33,--,5,18665,买盘,2017-06-29,2017-06-29 14:39:24
14:39:33,14:39:33,37.3,-0.03,5,18650,买盘,2017-06-29,2017-06-29 14:39:33
14:39:39,14:39:39,37.3,--,6,22380,买盘,2017-06-29,2017-06-29 14:39:39
14:39:45,14:39:45,37.28,-0.02,1,3728,卖盘,2017-06-29,2017-06-29 14:39:45
14:39:48,14:39:48,37.3,0.02,1,3729,买盘,2017-06-29,2017-06-29 14:39:48
14:39:54,14:39:54,37.28,-0.02,14,52192,卖盘,2017-06-29,2017-06-29 14:39:54
14:40:06,14:40:06,37.28,--,1,3728,卖盘,2017-06-29,2017-06-29 14:40:06
14:40:18,14:40:18,37.28,--,3,11184,卖盘,2017-06-29,2017-06-29 14:40:18
14:40:33,14:40:33,37.25,-0.03,80,298000,卖盘,2017-06-29,2017-06-29 14:40:33
14:40:51,14:40:51,37.28,0.03,3,11184,买盘,2017-06-29,2017-06-29 14:40:51
14:40:54,14:40:54,37.26,-0.02,9,33534,卖盘,2017-06-29,2017-06-29 14:40:54
14:41:00,14:41:00,37.26,--,4,14904,卖盘,2017-06-29,2017-06-29 14:41:00
14:41:09,14:41:09,37.26,--,7,26082,卖盘,2017-06-29,2017-06-29 14:41:09
14:41:18,14:41:18,37.26,--,41,152766,买盘,2017-06-29,2017-06-29 14:41:18
14:41:21,14:41:21,37.25,-0.01,10,37250,卖盘,2017-06-29,2017-06-29 14:41:21
14:41:36,14:41:36,37.25,--,11,40975,卖盘,2017-06-29,2017-06-29 14:41:36
14:41:57,14:41:57,37.26,0.01,5,18630,买盘,2017-06-29,2017-06-29 14:41:57
14:42:00,14:42:00,37.25,-0.01,4,14900,卖盘,2017-06-29,2017-06-29 14:42:00
14:42:06,14:42:06,37.25,--,3,11175,卖盘,2017-06-29,2017-06-29 14:42:06
14:42:12,14:42:12,37.25,--,10,37250,卖盘,2017-06-29,2017-06-29 14:42:12
14:42:15,14:42:15,37.25,--,16,59600,买盘,2017-06-29,2017-06-29 14:42:15
14:42:18,14:42:18,37.24,-0.01,2,7448,卖盘,2017-06-29,2017-06-29 14:42:18
14:42:27,14:42:27,37.25,0.01,4,14900,买盘,2017-06-29,2017-06-29 14:42:27
14:42:42,14:42:42,37.24,-0.01,4,14896,卖盘,2017-06-29,2017-06-29 14:42:42
14:42:51,14:42:51,37.25,0.01,13,48425,买盘,2017-06-29,2017-06-29 14:42:51
14:42:54,14:42:54,37.25,--,22,84520,买盘,2017-06-29,2017-06-29 14:42:54
14:43:06,14:43:06,37.26,0.01,3,11178,买盘,2017-06-29,2017-06-29 14:43:06
14:43:18,14:43:18,37.26,--,4,14904,买盘,2017-06-29,2017-06-29 14:43:18
14:43:21,14:43:21,37.25,-0.01,1,3725,卖盘,2017-06-29,2017-06-29 14:43:21
14:43:27,14:43:27,37.26,0.01,50,186300,买盘,2017-06-29,2017-06-29 14:43:27
