idx_time,time,price,change,volume,amount,type,date,date_time
09:25:03,09:25:03,6.94,6.94,878,609332,买盘,2017-06-23,2017-06-23 09:25:03
09:30:03,09:30:03,6.94,--,73,50662,买盘,2017-06-23,2017-06-23 09:30:03
09:30:06,09:30:06,6.94,--,400,277600,卖盘,2017-06-23,2017-06-23 09:30:06
09:30:09,09:30:09,6.95,0.01,316,219620,买盘,2017-06-23,2017-06-23 09:30:09
09:30:12,09:30:12,6.94,-0.01,582,403908,卖盘,2017-06-23,2017-06-23 09:30:12
09:30:15,09:30:15,6.95,0.01,97,67415,买盘,2017-06-23,2017-06-23 09:30:15
09:30:18,09:30:18,6.95,--,10,6950,卖盘,2017-06-23,2017-06-23 09:30:18
09:30:21,09:30:21,6.95,--,58,40310,卖盘,2017-06-23,2017-06-23 09:30:21
09:30:24,09:30:24,6.95,--,98,68110,卖盘,2017-06-23,2017-06-23 09:30:24
09:30:27,09:30:27,6.95,--,26,18070,买盘,2017-06-23,2017-06-23 09:30:27
09:30:30,09:30:30,6.93,-0.02,328,227304,卖盘,2017-06-23,2017-06-23 09:30:30
09:30:39,09:30:39,6.96,0.03,137,95352,买盘,2017-06-23,2017-06-23 09:30:39
09:30:42,09:30:42,6.96,--,50,34800,卖盘,2017-06-23,2017-06-23 09:30:42
09:30:45,09:30:45,6.96,--,0,194,卖盘,2017-06-23,2017-06-23 09:30:45
09:30:48,09:30:48,6.96,--,31,21576,卖盘,2017-06-23,2017-06-23 09:30:48
09:30:51,09:30:51,6.96,--,4,2784,卖盘,2017-06-23,2017-06-23 09:30:51
09:30:54,09:30:54,6.97,0.01,167,116399,买盘,2017-06-23,2017-06-23 09:30:54
09:30:57,09:30:57,6.97,--,5,3485,买盘,2017-06-23,2017-06-23 09:30:57
09:31:00,09:31:00,6.98,0.01,85,59685,买盘,2017-06-23,2017-06-23 09:31:00
09:31:09,09:31:09,6.98,--,7,4886,买盘,2017-06-23,2017-06-23 09:31:09
09:31:12,09:31:12,6.98,--,11,7678,买盘,2017-06-23,2017-06-23 09:31:12
09:31:15,09:31:15,6.98,--,33,23034,买盘,2017-06-23,2017-06-23 09:31:15
09:31:18,09:31:18,6.98,--,122,85156,买盘,2017-06-23,2017-06-23 09:31:18
09:31:21,09:31:21,6.97,-0.01,15,10455,卖盘,2017-06-23,2017-06-23 09:31:21
09:31:24,09:31:24,6.98,0.01,169,117962,买盘,2017-06-23,2017-06-23 09:31:24
09:31:27,09:31:27,6.98,--,24,16752,买盘,2017-06-23,2017-06-23 09:31:27
09:31:30,09:31:30,6.98,--,60,41880,卖盘,2017-06-23,2017-06-23 09:31:30
09:31:33,09:31:33,6.98,--,22,15356,卖盘,2017-06-23,2017-06-23 09:31:33
09:31:45,09:31:45,6.98,--,65,45370,卖盘,2017-06-23,2017-06-23 09:31:45
09:31:48,09:31:48,6.98,--,15,10470,买盘,2017-06-23,2017-06-23 09:31:48
09:31:51,09:31:51,6.98,--,10,6980,买盘,2017-06-23,2017-06-23 09:31:51
09:31:54,09:31:54,6.97,-0.01,70,48790,卖盘,2017-06-23,2017-06-23 09:31:54
09:31:57,09:31:57,6.95,-0.02,108,75060,卖盘,2017-06-23,2017-06-23 09:31:57
09:32:00,09:32:00,6.97,0.02,5,3485,中性盘,2017-06-23,2017-06-23 09:32:00
09:32:06,09:32:06,6.97,--,42,29274,买盘,2017-06-23,2017-06-23 09:32:06
09:32:09,09:32:09,6.95,-0.02,127,88265,卖盘,2017-06-23,2017-06-23 09:32:09
09:32:12,09:32:12,6.97,0.02,79,55063,买盘,2017-06-23,2017-06-23 09:32:12
09:32:15,09:32:15,6.97,--,11,7667,买盘,2017-06-23,2017-06-23 09:32:15
09:32:21,09:32:21,6.96,-0.01,6,4176,中性盘,2017-06-23,2017-06-23 09:32:21
09:32:24,09:32:24,6.97,0.01,34,23698,买盘,2017-06-23,2017-06-23 09:32:24
09:32:27,09:32:27,6.95,-0.02,28,19460,卖盘,2017-06-23,2017-06-23 09:32:27
09:32:30,09:32:30,6.96,0.01,29,20184,中性盘,2017-06-23,2017-06-23 09:32:30
09:32:33,09:32:33,6.96,--,1,696,买盘,2017-06-23,2017-06-23 09:32:33
09:32:48,09:32:48,6.96,--,64,44544,买盘,2017-06-23,2017-06-23 09:32:48
09:32:54,09:32:54,6.97,0.01,10,6970,买盘,2017-06-23,2017-06-23 09:32:54
09:33:00,09:33:00,6.97,--,47,32759,买盘,2017-06-23,2017-06-23 09:33:00
09:33:06,09:33:06,6.97,--,89,62033,买盘,2017-06-23,2017-06-23 09:33:06
09:33:09,09:33:09,6.98,0.01,133,92834,买盘,2017-06-23,2017-06-23 09:33:09
09:33:12,09:33:12,6.97,-0.01,5,3485,中性盘,2017-06-23,2017-06-23 09:33:12
09:33:15,09:33:15,6.98,0.01,41,28618,买盘,2017-06-23,2017-06-23 09:33:15
09:33:18,09:33:18,6.96,-0.02,88,61248,卖盘,2017-06-23,2017-06-23 09:33:18
09:33:24,09:33:24,6.96,--,43,29928,买盘,2017-06-23,2017-06-23 09:33:24
09:33:27,09:33:27,6.96,--,12,8352,买盘,2017-06-23,2017-06-23 09:33:27
09:33:30,09:33:30,6.96,--,62,43152,买盘,2017-06-23,2017-06-23 09:33:30
09:33:33,09:33:33,6.96,--,1,696,卖盘,2017-06-23,2017-06-23 09:33:33
09:33:42,09:33:42,6.96,--,18,12528,卖盘,2017-06-23,2017-06-23 09:33:42
09:33:48,09:33:48,6.97,0.01,10,6970,买盘,2017-06-23,2017-06-23 09:33:48
09:33:51,09:33:51,6.98,0.01,218,152164,买盘,2017-06-23,2017-06-23 09:33:51
09:33:54,09:33:54,6.98,--,10,6980,买盘,2017-06-23,2017-06-23 09:33:54
09:33:57,09:33:57,6.99,0.01,94,65706,买盘,2017-06-23,2017-06-23 09:33:57
09:34:00,09:34:00,6.97,-0.02,57,39729,中性盘,2017-06-23,2017-06-23 09:34:00
09:34:03,09:34:03,6.97,--,83,57851,买盘,2017-06-23,2017-06-23 09:34:03
09:34:06,09:34:06,6.97,--,59,41123,买盘,2017-06-23,2017-06-23 09:34:06
09:34:09,09:34:09,6.99,0.02,36,25164,买盘,2017-06-23,2017-06-23 09:34:09
09:34:15,09:34:15,6.98,-0.01,10,6980,卖盘,2017-06-23,2017-06-23 09:34:15
09:34:18,09:34:18,6.99,0.01,10,6990,买盘,2017-06-23,2017-06-23 09:34:18
09:34:21,09:34:21,6.98,-0.01,168,117264,卖盘,2017-06-23,2017-06-23 09:34:21
09:34:24,09:34:24,6.98,--,47,32806,买盘,2017-06-23,2017-06-23 09:34:24
09:34:27,09:34:27,6.97,-0.01,150,104550,卖盘,2017-06-23,2017-06-23 09:34:27
09:34:33,09:34:33,6.98,0.01,75,52350,卖盘,2017-06-23,2017-06-23 09:34:33
09:34:36,09:34:36,6.98,--,79,55142,卖盘,2017-06-23,2017-06-23 09:34:36
09:34:39,09:34:39,6.98,--,4,2792,买盘,2017-06-23,2017-06-23 09:34:39
09:34:42,09:34:42,7.0,0.02,103,72100,买盘,2017-06-23,2017-06-23 09:34:42
09:34:45,09:34:45,6.97,-0.03,72,50184,卖盘,2017-06-23,2017-06-23 09:34:45
09:34:48,09:34:48,7.01,0.04,100,70100,买盘,2017-06-23,2017-06-23 09:34:48
09:34:51,09:34:51,6.99,-0.02,24,16776,中性盘,2017-06-23,2017-06-23 09:34:51
09:34:54,09:34:54,6.98,-0.01,36,25128,卖盘,2017-06-23,2017-06-23 09:34:54
09:34:57,09:34:57,6.98,--,1,698,买盘,2017-06-23,2017-06-23 09:34:57
09:35:00,09:35:00,6.98,--,10,6980,买盘,2017-06-23,2017-06-23 09:35:00
09:35:03,09:35:03,6.98,--,52,36296,买盘,2017-06-23,2017-06-23 09:35:03
09:35:06,09:35:06,6.98,--,20,13960,卖盘,2017-06-23,2017-06-23 09:35:06
09:35:09,09:35:09,6.98,--,5,3490,卖盘,2017-06-23,2017-06-23 09:35:09
09:35:12,09:35:12,7.0,0.02,69,48300,买盘,2017-06-23,2017-06-23 09:35:12
09:35:18,09:35:18,7.0,--,84,58800,卖盘,2017-06-23,2017-06-23 09:35:18
09:35:21,09:35:21,7.0,--,202,141400,卖盘,2017-06-23,2017-06-23 09:35:21
09:35:24,09:35:24,7.0,--,44,30800,买盘,2017-06-23,2017-06-23 09:35:24
09:35:27,09:35:27,7.0,--,941,658700,买盘,2017-06-23,2017-06-23 09:35:27
09:35:36,09:35:36,7.0,--,160,112000,买盘,2017-06-23,2017-06-23 09:35:36
09:35:39,09:35:39,7.01,0.01,5,3505,中性盘,2017-06-23,2017-06-23 09:35:39
09:35:42,09:35:42,7.01,--,3,2103,卖盘,2017-06-23,2017-06-23 09:35:42
09:35:45,09:35:45,7.02,0.01,47,32994,买盘,2017-06-23,2017-06-23 09:35:45
09:35:48,09:35:48,7.02,--,55,38610,买盘,2017-06-23,2017-06-23 09:35:48
09:35:51,09:35:51,7.02,--,119,83538,买盘,2017-06-23,2017-06-23 09:35:51
09:35:54,09:35:54,7.02,--,10,7020,卖盘,2017-06-23,2017-06-23 09:35:54
09:35:57,09:35:57,7.01,-0.01,197,138097,卖盘,2017-06-23,2017-06-23 09:35:57
09:36:00,09:36:00,7.0,-0.01,73,51100,中性盘,2017-06-23,2017-06-23 09:36:00
09:36:03,09:36:03,7.01,0.01,149,104449,买盘,2017-06-23,2017-06-23 09:36:03
09:36:09,09:36:09,7.0,-0.01,103,72100,卖盘,2017-06-23,2017-06-23 09:36:09
09:36:12,09:36:12,7.01,0.01,212,148612,中性盘,2017-06-23,2017-06-23 09:36:12
09:36:15,09:36:15,6.99,-0.02,26,18174,卖盘,2017-06-23,2017-06-23 09:36:15
09:36:21,09:36:21,6.99,--,1,699,买盘,2017-06-23,2017-06-23 09:36:21
09:36:24,09:36:24,6.98,-0.01,512,357376,卖盘,2017-06-23,2017-06-23 09:36:24
09:36:30,09:36:30,6.99,0.01,112,78288,卖盘,2017-06-23,2017-06-23 09:36:30
09:36:33,09:36:33,7.0,0.01,65,45500,买盘,2017-06-23,2017-06-23 09:36:33
09:36:36,09:36:36,7.0,--,100,70000,买盘,2017-06-23,2017-06-23 09:36:36
09:36:39,09:36:39,6.99,-0.01,18,12582,买盘,2017-06-23,2017-06-23 09:36:39
09:36:42,09:36:42,6.99,--,33,23067,买盘,2017-06-23,2017-06-23 09:36:42
09:36:48,09:36:48,6.98,-0.01,45,31410,卖盘,2017-06-23,2017-06-23 09:36:48
09:36:51,09:36:51,6.98,--,1,698,买盘,2017-06-23,2017-06-23 09:36:51
09:36:54,09:36:54,6.97,-0.01,324,225828,卖盘,2017-06-23,2017-06-23 09:36:54
09:36:57,09:36:57,6.97,--,3,2091,买盘,2017-06-23,2017-06-23 09:36:57
09:37:00,09:37:00,6.97,--,45,31365,买盘,2017-06-23,2017-06-23 09:37:00
09:37:03,09:37:03,6.97,--,112,78064,买盘,2017-06-23,2017-06-23 09:37:03
09:37:06,09:37:06,6.97,--,118,82246,买盘,2017-06-23,2017-06-23 09:37:06
09:37:09,09:37:09,6.97,--,27,18819,卖盘,2017-06-23,2017-06-23 09:37:09
09:37:12,09:37:12,6.98,0.01,203,141694,买盘,2017-06-23,2017-06-23 09:37:12
09:37:15,09:37:15,6.97,-0.01,20,13940,卖盘,2017-06-23,2017-06-23 09:37:15
09:37:18,09:37:18,6.98,0.01,47,32806,买盘,2017-06-23,2017-06-23 09:37:18
09:37:21,09:37:21,6.97,-0.01,211,147067,卖盘,2017-06-23,2017-06-23 09:37:21
09:37:24,09:37:24,6.98,0.01,10,6980,中性盘,2017-06-23,2017-06-23 09:37:24
09:37:30,09:37:30,6.98,--,10,6980,买盘,2017-06-23,2017-06-23 09:37:30
09:37:33,09:37:33,6.98,--,38,26524,买盘,2017-06-23,2017-06-23 09:37:33
09:37:36,09:37:36,6.99,0.01,100,69900,买盘,2017-06-23,2017-06-23 09:37:36
09:37:42,09:37:42,6.98,-0.01,130,90740,卖盘,2017-06-23,2017-06-23 09:37:42
09:37:48,09:37:48,6.98,--,26,18148,卖盘,2017-06-23,2017-06-23 09:37:48
09:37:51,09:37:51,6.98,--,18,12564,卖盘,2017-06-23,2017-06-23 09:37:51
09:37:54,09:37:54,6.99,0.01,64,44736,买盘,2017-06-23,2017-06-23 09:37:54
09:37:57,09:37:57,6.98,-0.01,9,6282,卖盘,2017-06-23,2017-06-23 09:37:57
09:38:00,09:38:00,6.98,--,28,19544,卖盘,2017-06-23,2017-06-23 09:38:00
09:38:03,09:38:03,6.99,0.01,135,94365,买盘,2017-06-23,2017-06-23 09:38:03
09:38:15,09:38:15,6.99,--,5,3495,卖盘,2017-06-23,2017-06-23 09:38:15
09:38:18,09:38:18,6.99,--,179,125121,卖盘,2017-06-23,2017-06-23 09:38:18
09:38:21,09:38:21,6.99,--,124,86676,买盘,2017-06-23,2017-06-23 09:38:21
09:38:24,09:38:24,6.99,--,4,2796,买盘,2017-06-23,2017-06-23 09:38:24
09:38:30,09:38:30,7.0,0.01,100,70000,买盘,2017-06-23,2017-06-23 09:38:30
09:38:36,09:38:36,6.99,-0.01,22,15378,中性盘,2017-06-23,2017-06-23 09:38:36
09:38:39,09:38:39,7.0,0.01,182,127400,买盘,2017-06-23,2017-06-23 09:38:39
09:38:42,09:38:42,6.99,-0.01,120,83880,卖盘,2017-06-23,2017-06-23 09:38:42
09:38:45,09:38:45,7.0,0.01,67,46900,买盘,2017-06-23,2017-06-23 09:38:45
09:38:48,09:38:48,7.0,--,280,196000,买盘,2017-06-23,2017-06-23 09:38:48
09:38:51,09:38:51,7.0,--,7,4900,买盘,2017-06-23,2017-06-23 09:38:51
09:38:54,09:38:54,7.0,--,25,17500,买盘,2017-06-23,2017-06-23 09:38:54
09:38:57,09:38:57,7.0,--,2,1400,卖盘,2017-06-23,2017-06-23 09:38:57
09:39:00,09:39:00,7.0,--,17,11900,卖盘,2017-06-23,2017-06-23 09:39:00
09:39:06,09:39:06,7.01,0.01,50,35050,买盘,2017-06-23,2017-06-23 09:39:06
09:39:09,09:39:09,7.01,--,90,63090,买盘,2017-06-23,2017-06-23 09:39:09
09:39:12,09:39:12,7.0,-0.01,626,438200,卖盘,2017-06-23,2017-06-23 09:39:12
09:39:15,09:39:15,7.02,0.02,21,14742,买盘,2017-06-23,2017-06-23 09:39:15
09:39:18,09:39:18,7.01,-0.01,22,15422,卖盘,2017-06-23,2017-06-23 09:39:18
09:39:27,09:39:27,7.02,0.01,6,4212,买盘,2017-06-23,2017-06-23 09:39:27
09:39:30,09:39:30,7.01,-0.01,17,11917,卖盘,2017-06-23,2017-06-23 09:39:30
09:39:33,09:39:33,7.02,0.01,22,15443,买盘,2017-06-23,2017-06-23 09:39:33
09:39:36,09:39:36,7.02,--,108,75816,买盘,2017-06-23,2017-06-23 09:39:36
09:39:39,09:39:39,7.02,--,5,3510,买盘,2017-06-23,2017-06-23 09:39:39
09:39:42,09:39:42,7.02,--,231,162162,买盘,2017-06-23,2017-06-23 09:39:42
09:39:45,09:39:45,7.03,0.01,298,209887,买盘,2017-06-23,2017-06-23 09:39:45
09:39:48,09:39:48,7.02,-0.01,505,354510,卖盘,2017-06-23,2017-06-23 09:39:48
09:39:51,09:39:51,7.02,--,86,60371,卖盘,2017-06-23,2017-06-23 09:39:51
09:39:54,09:39:54,7.04,0.02,36,25344,买盘,2017-06-23,2017-06-23 09:39:54
09:39:57,09:39:57,7.02,-0.02,110,77220,卖盘,2017-06-23,2017-06-23 09:39:57
09:40:00,09:40:00,7.02,--,10,7020,卖盘,2017-06-23,2017-06-23 09:40:00
09:40:03,09:40:03,7.04,0.02,408,287232,买盘,2017-06-23,2017-06-23 09:40:03
09:40:06,09:40:06,7.02,-0.02,3,2106,中性盘,2017-06-23,2017-06-23 09:40:06
09:40:09,09:40:09,7.03,0.01,23,16169,买盘,2017-06-23,2017-06-23 09:40:09
09:40:12,09:40:12,7.03,--,22,15466,买盘,2017-06-23,2017-06-23 09:40:12
09:40:15,09:40:15,7.02,-0.01,24,16848,卖盘,2017-06-23,2017-06-23 09:40:15
09:40:18,09:40:18,7.03,0.01,20,14060,买盘,2017-06-23,2017-06-23 09:40:18
09:40:21,09:40:21,7.03,--,60,42180,买盘,2017-06-23,2017-06-23 09:40:21
09:40:24,09:40:24,7.03,--,29,20387,买盘,2017-06-23,2017-06-23 09:40:24
09:40:27,09:40:27,7.03,--,12,8436,买盘,2017-06-23,2017-06-23 09:40:27
09:40:33,09:40:33,7.03,--,132,92796,买盘,2017-06-23,2017-06-23 09:40:33
09:40:36,09:40:36,7.01,-0.02,365,256173,卖盘,2017-06-23,2017-06-23 09:40:36
09:40:39,09:40:39,7.01,--,10,7010,买盘,2017-06-23,2017-06-23 09:40:39
09:40:42,09:40:42,7.01,--,3,2103,买盘,2017-06-23,2017-06-23 09:40:42
09:40:45,09:40:45,7.01,--,66,46266,买盘,2017-06-23,2017-06-23 09:40:45
09:40:48,09:40:48,7.0,-0.01,303,212100,卖盘,2017-06-23,2017-06-23 09:40:48
09:40:51,09:40:51,7.03,0.03,270,189810,买盘,2017-06-23,2017-06-23 09:40:51
09:40:54,09:40:54,7.0,-0.03,52,36400,卖盘,2017-06-23,2017-06-23 09:40:54
09:41:00,09:41:00,7.0,--,32,22400,卖盘,2017-06-23,2017-06-23 09:41:00
09:41:03,09:41:03,7.03,0.03,16,11248,买盘,2017-06-23,2017-06-23 09:41:03
09:41:15,09:41:15,7.03,--,187,131461,买盘,2017-06-23,2017-06-23 09:41:15
09:41:18,09:41:18,7.03,--,12,8436,买盘,2017-06-23,2017-06-23 09:41:18
09:41:21,09:41:21,7.01,-0.02,68,47668,卖盘,2017-06-23,2017-06-23 09:41:21
09:41:24,09:41:24,7.04,0.03,217,152768,买盘,2017-06-23,2017-06-23 09:41:24
09:41:27,09:41:27,7.03,-0.01,19,13357,买盘,2017-06-23,2017-06-23 09:41:27
09:41:30,09:41:30,7.03,--,30,21090,买盘,2017-06-23,2017-06-23 09:41:30
09:41:33,09:41:33,7.03,--,6,4218,买盘,2017-06-23,2017-06-23 09:41:33
09:41:36,09:41:36,7.03,--,275,193325,买盘,2017-06-23,2017-06-23 09:41:36
09:41:39,09:41:39,7.03,--,31,21793,卖盘,2017-06-23,2017-06-23 09:41:39
09:41:42,09:41:42,7.03,--,5,3515,卖盘,2017-06-23,2017-06-23 09:41:42
09:41:48,09:41:48,7.04,0.01,12,8448,买盘,2017-06-23,2017-06-23 09:41:48
09:41:51,09:41:51,7.04,--,19,13376,买盘,2017-06-23,2017-06-23 09:41:51
09:41:54,09:41:54,7.04,--,27,19008,买盘,2017-06-23,2017-06-23 09:41:54
09:41:57,09:41:57,7.03,-0.01,108,75924,卖盘,2017-06-23,2017-06-23 09:41:57
09:42:00,09:42:00,7.04,0.01,126,88704,买盘,2017-06-23,2017-06-23 09:42:00
09:42:03,09:42:03,7.05,0.01,60,42300,买盘,2017-06-23,2017-06-23 09:42:03
09:42:06,09:42:06,7.05,--,12,8460,买盘,2017-06-23,2017-06-23 09:42:06
09:42:12,09:42:12,7.06,0.01,281,198386,买盘,2017-06-23,2017-06-23 09:42:12
09:42:18,09:42:18,7.06,--,10,7060,买盘,2017-06-23,2017-06-23 09:42:18
09:42:21,09:42:21,7.06,--,19,13414,买盘,2017-06-23,2017-06-23 09:42:21
09:42:24,09:42:24,7.06,--,36,25416,卖盘,2017-06-23,2017-06-23 09:42:24
09:42:27,09:42:27,7.06,--,32,22592,买盘,2017-06-23,2017-06-23 09:42:27
09:42:30,09:42:30,7.06,--,26,18356,买盘,2017-06-23,2017-06-23 09:42:30
09:42:33,09:42:33,7.06,--,3,2118,买盘,2017-06-23,2017-06-23 09:42:33
09:42:36,09:42:36,7.04,-0.02,495,348480,卖盘,2017-06-23,2017-06-23 09:42:36
09:42:39,09:42:39,7.04,--,161,113344,买盘,2017-06-23,2017-06-23 09:42:39
09:42:42,09:42:42,7.04,--,45,31680,买盘,2017-06-23,2017-06-23 09:42:42
09:42:45,09:42:45,7.02,-0.02,149,104598,卖盘,2017-06-23,2017-06-23 09:42:45
09:42:48,09:42:48,7.04,0.02,44,30976,买盘,2017-06-23,2017-06-23 09:42:48
09:42:51,09:42:51,7.04,--,2,1408,买盘,2017-06-23,2017-06-23 09:42:51
09:42:54,09:42:54,7.04,--,55,38720,买盘,2017-06-23,2017-06-23 09:42:54
09:42:57,09:42:57,7.03,-0.01,10,7030,中性盘,2017-06-23,2017-06-23 09:42:57
09:43:00,09:43:00,7.04,0.01,15,10560,买盘,2017-06-23,2017-06-23 09:43:00
09:43:03,09:43:03,7.04,--,131,92224,买盘,2017-06-23,2017-06-23 09:43:03
09:43:15,09:43:15,7.04,--,182,128128,卖盘,2017-06-23,2017-06-23 09:43:15
09:43:18,09:43:18,7.04,--,9,6336,买盘,2017-06-23,2017-06-23 09:43:18
09:43:21,09:43:21,7.04,--,6,4224,买盘,2017-06-23,2017-06-23 09:43:21
09:43:24,09:43:24,7.04,--,26,18304,买盘,2017-06-23,2017-06-23 09:43:24
09:43:27,09:43:27,7.03,-0.01,170,119510,卖盘,2017-06-23,2017-06-23 09:43:27
09:43:30,09:43:30,7.02,-0.01,31,21762,卖盘,2017-06-23,2017-06-23 09:43:30
09:43:33,09:43:33,7.03,0.01,20,14060,买盘,2017-06-23,2017-06-23 09:43:33
09:43:36,09:43:36,7.03,--,87,61161,买盘,2017-06-23,2017-06-23 09:43:36
09:43:42,09:43:42,7.03,--,40,28120,买盘,2017-06-23,2017-06-23 09:43:42
09:43:48,09:43:48,7.03,--,10,7030,买盘,2017-06-23,2017-06-23 09:43:48
09:43:51,09:43:51,7.02,-0.01,13,9126,卖盘,2017-06-23,2017-06-23 09:43:51
09:43:57,09:43:57,7.02,--,1,702,卖盘,2017-06-23,2017-06-23 09:43:57
09:44:00,09:44:00,7.03,0.01,138,97014,买盘,2017-06-23,2017-06-23 09:44:00
09:44:03,09:44:03,7.03,--,30,21090,买盘,2017-06-23,2017-06-23 09:44:03
09:44:06,09:44:06,7.02,-0.01,3,2106,卖盘,2017-06-23,2017-06-23 09:44:06
09:44:12,09:44:12,7.02,--,25,17550,卖盘,2017-06-23,2017-06-23 09:44:12
09:44:15,09:44:15,7.03,0.01,38,26714,买盘,2017-06-23,2017-06-23 09:44:15
09:44:18,09:44:18,7.03,--,10,7030,买盘,2017-06-23,2017-06-23 09:44:18
09:44:21,09:44:21,7.02,-0.01,8,5616,卖盘,2017-06-23,2017-06-23 09:44:21
09:44:24,09:44:24,7.02,--,6,4212,卖盘,2017-06-23,2017-06-23 09:44:24
09:44:27,09:44:27,7.03,0.01,69,48507,买盘,2017-06-23,2017-06-23 09:44:27
09:44:39,09:44:39,7.03,--,5,3515,卖盘,2017-06-23,2017-06-23 09:44:39
09:44:42,09:44:42,7.03,--,45,31635,卖盘,2017-06-23,2017-06-23 09:44:42
09:44:45,09:44:45,7.04,0.01,23,16192,买盘,2017-06-23,2017-06-23 09:44:45
09:44:48,09:44:48,7.04,--,1,704,买盘,2017-06-23,2017-06-23 09:44:48
09:44:54,09:44:54,7.04,--,224,157696,买盘,2017-06-23,2017-06-23 09:44:54
09:44:57,09:44:57,7.04,--,30,21120,卖盘,2017-06-23,2017-06-23 09:44:57
09:45:00,09:45:00,7.05,0.01,30,21150,买盘,2017-06-23,2017-06-23 09:45:00
09:45:06,09:45:06,7.04,-0.01,50,35200,卖盘,2017-06-23,2017-06-23 09:45:06
09:45:09,09:45:09,7.05,0.01,114,80370,买盘,2017-06-23,2017-06-23 09:45:09
09:45:12,09:45:12,7.06,0.01,49,34594,买盘,2017-06-23,2017-06-23 09:45:12
09:45:15,09:45:15,7.05,-0.01,4,2820,卖盘,2017-06-23,2017-06-23 09:45:15
09:45:21,09:45:21,7.05,--,543,382815,卖盘,2017-06-23,2017-06-23 09:45:21
09:45:24,09:45:24,7.07,0.02,100,70700,买盘,2017-06-23,2017-06-23 09:45:24
09:45:33,09:45:33,7.07,--,40,28280,买盘,2017-06-23,2017-06-23 09:45:33
09:45:36,09:45:36,7.06,-0.01,5,3530,卖盘,2017-06-23,2017-06-23 09:45:36
09:45:39,09:45:39,7.06,--,80,56480,卖盘,2017-06-23,2017-06-23 09:45:39
09:45:42,09:45:42,7.08,0.02,687,486396,买盘,2017-06-23,2017-06-23 09:45:42
09:45:45,09:45:45,7.08,--,15,10620,卖盘,2017-06-23,2017-06-23 09:45:45
09:45:48,09:45:48,7.08,--,223,157884,卖盘,2017-06-23,2017-06-23 09:45:48
09:45:51,09:45:51,7.09,0.01,3,2127,买盘,2017-06-23,2017-06-23 09:45:51
09:45:54,09:45:54,7.09,--,5,3545,买盘,2017-06-23,2017-06-23 09:45:54
09:45:57,09:45:57,7.08,-0.01,156,110448,卖盘,2017-06-23,2017-06-23 09:45:57
09:46:00,09:46:00,7.08,--,8,5664,买盘,2017-06-23,2017-06-23 09:46:00
09:46:03,09:46:03,7.08,--,31,21948,买盘,2017-06-23,2017-06-23 09:46:03
09:46:06,09:46:06,7.08,--,42,29736,买盘,2017-06-23,2017-06-23 09:46:06
09:46:09,09:46:09,7.07,-0.01,31,21917,卖盘,2017-06-23,2017-06-23 09:46:09
09:46:12,09:46:12,7.06,-0.01,223,157438,卖盘,2017-06-23,2017-06-23 09:46:12
09:46:15,09:46:15,7.06,--,1,706,买盘,2017-06-23,2017-06-23 09:46:15
09:46:18,09:46:18,7.06,--,44,31064,买盘,2017-06-23,2017-06-23 09:46:18
09:46:21,09:46:21,7.06,--,36,25416,买盘,2017-06-23,2017-06-23 09:46:21
09:46:24,09:46:24,7.06,--,20,14120,买盘,2017-06-23,2017-06-23 09:46:24
09:46:30,09:46:30,7.06,--,200,141200,买盘,2017-06-23,2017-06-23 09:46:30
09:46:33,09:46:33,7.06,--,50,35300,买盘,2017-06-23,2017-06-23 09:46:33
09:46:36,09:46:36,7.04,-0.02,148,104192,卖盘,2017-06-23,2017-06-23 09:46:36
09:46:42,09:46:42,7.05,0.01,2,1410,中性盘,2017-06-23,2017-06-23 09:46:42
09:46:45,09:46:45,7.05,--,8,5640,买盘,2017-06-23,2017-06-23 09:46:45
09:46:48,09:46:48,7.05,--,33,23265,买盘,2017-06-23,2017-06-23 09:46:48
09:46:51,09:46:51,7.05,--,7,4935,买盘,2017-06-23,2017-06-23 09:46:51
09:46:57,09:46:57,7.05,--,41,28905,买盘,2017-06-23,2017-06-23 09:46:57
09:47:00,09:47:00,7.05,--,101,71205,买盘,2017-06-23,2017-06-23 09:47:00
09:47:03,09:47:03,7.04,-0.01,20,14080,卖盘,2017-06-23,2017-06-23 09:47:03
09:47:06,09:47:06,7.05,0.01,6,4230,买盘,2017-06-23,2017-06-23 09:47:06
09:47:09,09:47:09,7.05,--,137,96585,买盘,2017-06-23,2017-06-23 09:47:09
09:47:12,09:47:12,7.05,--,126,88830,买盘,2017-06-23,2017-06-23 09:47:12
09:47:15,09:47:15,7.04,-0.01,7,4928,卖盘,2017-06-23,2017-06-23 09:47:15
09:47:18,09:47:18,7.05,0.01,63,44415,买盘,2017-06-23,2017-06-23 09:47:18
09:47:21,09:47:21,7.05,--,206,145230,卖盘,2017-06-23,2017-06-23 09:47:21
09:47:24,09:47:24,7.05,--,159,112095,卖盘,2017-06-23,2017-06-23 09:47:24
09:47:27,09:47:27,7.05,--,49,34545,买盘,2017-06-23,2017-06-23 09:47:27
09:47:30,09:47:30,7.06,0.01,161,113666,买盘,2017-06-23,2017-06-23 09:47:30
09:47:39,09:47:39,7.06,--,69,48714,卖盘,2017-06-23,2017-06-23 09:47:39
09:47:48,09:47:48,7.07,0.01,131,92617,买盘,2017-06-23,2017-06-23 09:47:48
09:47:51,09:47:51,7.08,0.01,888,628704,买盘,2017-06-23,2017-06-23 09:47:51
09:47:57,09:47:57,7.07,-0.01,2,1414,中性盘,2017-06-23,2017-06-23 09:47:57
09:48:00,09:48:00,7.08,0.01,157,111156,买盘,2017-06-23,2017-06-23 09:48:00
09:48:03,09:48:03,7.08,--,27,19116,买盘,2017-06-23,2017-06-23 09:48:03
09:48:06,09:48:06,7.08,--,205,145140,卖盘,2017-06-23,2017-06-23 09:48:06
09:48:12,09:48:12,7.09,0.01,602,426818,买盘,2017-06-23,2017-06-23 09:48:12
09:48:18,09:48:18,7.08,-0.01,2,1416,中性盘,2017-06-23,2017-06-23 09:48:18
09:48:21,09:48:21,7.08,--,92,65136,卖盘,2017-06-23,2017-06-23 09:48:21
09:48:24,09:48:24,7.08,--,80,56640,买盘,2017-06-23,2017-06-23 09:48:24
09:48:27,09:48:27,7.08,--,36,25488,买盘,2017-06-23,2017-06-23 09:48:27
09:48:30,09:48:30,7.08,--,9,6372,买盘,2017-06-23,2017-06-23 09:48:30
09:48:33,09:48:33,7.08,--,5,3540,买盘,2017-06-23,2017-06-23 09:48:33
09:48:36,09:48:36,7.08,--,10,7080,买盘,2017-06-23,2017-06-23 09:48:36
09:48:39,09:48:39,7.08,--,30,21240,买盘,2017-06-23,2017-06-23 09:48:39
09:48:42,09:48:42,7.08,--,159,112572,买盘,2017-06-23,2017-06-23 09:48:42
09:48:45,09:48:45,7.06,-0.02,474,334644,卖盘,2017-06-23,2017-06-23 09:48:45
09:48:48,09:48:48,7.07,0.01,10,7070,买盘,2017-06-23,2017-06-23 09:48:48
09:48:51,09:48:51,7.06,-0.01,93,65658,卖盘,2017-06-23,2017-06-23 09:48:51
09:48:57,09:48:57,7.07,0.01,10,7070,买盘,2017-06-23,2017-06-23 09:48:57
09:49:00,09:49:00,7.06,-0.01,1,706,中性盘,2017-06-23,2017-06-23 09:49:00
09:49:03,09:49:03,7.06,--,5,3530,买盘,2017-06-23,2017-06-23 09:49:03
09:49:06,09:49:06,7.06,--,8,5648,买盘,2017-06-23,2017-06-23 09:49:06
09:49:12,09:49:12,7.07,0.01,10,7070,买盘,2017-06-23,2017-06-23 09:49:12
09:49:15,09:49:15,7.06,-0.01,20,14120,卖盘,2017-06-23,2017-06-23 09:49:15
09:49:18,09:49:18,7.06,--,20,14120,卖盘,2017-06-23,2017-06-23 09:49:18
09:49:21,09:49:21,7.06,--,20,14120,卖盘,2017-06-23,2017-06-23 09:49:21
09:49:24,09:49:24,7.06,--,122,86132,卖盘,2017-06-23,2017-06-23 09:49:24
09:49:30,09:49:30,7.06,--,3,2118,买盘,2017-06-23,2017-06-23 09:49:30
09:49:33,09:49:33,7.06,--,77,54362,买盘,2017-06-23,2017-06-23 09:49:33
09:49:36,09:49:36,7.06,--,5,3530,买盘,2017-06-23,2017-06-23 09:49:36
09:49:39,09:49:39,7.05,-0.01,11,7755,卖盘,2017-06-23,2017-06-23 09:49:39
09:49:42,09:49:42,7.06,0.01,307,216742,买盘,2017-06-23,2017-06-23 09:49:42
09:49:45,09:49:45,7.05,-0.01,5,3525,卖盘,2017-06-23,2017-06-23 09:49:45
09:49:51,09:49:51,7.06,0.01,259,182854,买盘,2017-06-23,2017-06-23 09:49:51
09:49:54,09:49:54,7.04,-0.02,759,534336,卖盘,2017-06-23,2017-06-23 09:49:54
09:49:57,09:49:57,7.04,--,1,704,买盘,2017-06-23,2017-06-23 09:49:57
09:50:00,09:50:00,7.04,--,4,2816,买盘,2017-06-23,2017-06-23 09:50:00
09:50:03,09:50:03,7.04,--,50,35200,买盘,2017-06-23,2017-06-23 09:50:03
09:50:06,09:50:06,7.03,-0.01,20,14060,卖盘,2017-06-23,2017-06-23 09:50:06
09:50:09,09:50:09,7.04,0.01,106,74624,买盘,2017-06-23,2017-06-23 09:50:09
09:50:12,09:50:12,7.03,-0.01,23,16169,卖盘,2017-06-23,2017-06-23 09:50:12
09:50:15,09:50:15,7.04,0.01,58,40832,买盘,2017-06-23,2017-06-23 09:50:15
09:50:18,09:50:18,7.04,--,30,21120,卖盘,2017-06-23,2017-06-23 09:50:18
09:50:27,09:50:27,7.05,0.01,123,86715,买盘,2017-06-23,2017-06-23 09:50:27
09:50:30,09:50:30,7.04,-0.01,50,35200,卖盘,2017-06-23,2017-06-23 09:50:30
09:50:33,09:50:33,7.05,0.01,2,1410,买盘,2017-06-23,2017-06-23 09:50:33
09:50:36,09:50:36,7.05,--,6,4230,买盘,2017-06-23,2017-06-23 09:50:36
09:50:39,09:50:39,7.04,-0.01,10,7040,卖盘,2017-06-23,2017-06-23 09:50:39
09:50:42,09:50:42,7.03,-0.01,1397,982091,卖盘,2017-06-23,2017-06-23 09:50:42
09:50:45,09:50:45,7.03,--,11,7733,买盘,2017-06-23,2017-06-23 09:50:45
09:50:48,09:50:48,7.03,--,51,35853,买盘,2017-06-23,2017-06-23 09:50:48
09:50:51,09:50:51,7.03,--,35,24605,买盘,2017-06-23,2017-06-23 09:50:51
09:50:54,09:50:54,7.03,--,7,4921,买盘,2017-06-23,2017-06-23 09:50:54
09:51:03,09:51:03,7.05,0.02,1,705,买盘,2017-06-23,2017-06-23 09:51:03
09:51:06,09:51:06,7.04,-0.01,10,7040,卖盘,2017-06-23,2017-06-23 09:51:06
09:51:09,09:51:09,7.04,--,2,1408,卖盘,2017-06-23,2017-06-23 09:51:09
09:51:12,09:51:12,7.04,--,7,4928,卖盘,2017-06-23,2017-06-23 09:51:12
09:51:15,09:51:15,7.04,--,34,23936,买盘,2017-06-23,2017-06-23 09:51:15
09:51:18,09:51:18,7.05,0.01,10,7050,买盘,2017-06-23,2017-06-23 09:51:18
09:51:21,09:51:21,7.05,--,142,100110,买盘,2017-06-23,2017-06-23 09:51:21
09:51:36,09:51:36,7.05,--,15,10575,卖盘,2017-06-23,2017-06-23 09:51:36
09:51:42,09:51:42,7.06,0.01,80,56480,买盘,2017-06-23,2017-06-23 09:51:42
09:51:45,09:51:45,7.05,-0.01,5,3525,卖盘,2017-06-23,2017-06-23 09:51:45
09:51:48,09:51:48,7.05,--,35,24675,卖盘,2017-06-23,2017-06-23 09:51:48
09:51:54,09:51:54,7.05,--,156,109980,卖盘,2017-06-23,2017-06-23 09:51:54
09:51:57,09:51:57,7.05,--,150,105750,买盘,2017-06-23,2017-06-23 09:51:57
09:52:00,09:52:00,7.06,0.01,481,339586,买盘,2017-06-23,2017-06-23 09:52:00
09:52:03,09:52:03,7.05,-0.01,13,9165,卖盘,2017-06-23,2017-06-23 09:52:03
09:52:06,09:52:06,7.04,-0.01,21,14784,卖盘,2017-06-23,2017-06-23 09:52:06
09:52:09,09:52:09,7.04,--,10,7040,卖盘,2017-06-23,2017-06-23 09:52:09
09:52:12,09:52:12,7.05,0.01,27,19035,买盘,2017-06-23,2017-06-23 09:52:12
09:52:15,09:52:15,7.05,--,10,7050,卖盘,2017-06-23,2017-06-23 09:52:15
09:52:21,09:52:21,7.05,--,26,18330,卖盘,2017-06-23,2017-06-23 09:52:21
09:52:24,09:52:24,7.05,--,5,3525,卖盘,2017-06-23,2017-06-23 09:52:24
09:52:27,09:52:27,7.05,--,26,18330,卖盘,2017-06-23,2017-06-23 09:52:27
09:52:30,09:52:30,7.06,0.01,70,49420,买盘,2017-06-23,2017-06-23 09:52:30
09:52:36,09:52:36,7.06,--,10,7060,买盘,2017-06-23,2017-06-23 09:52:36
09:52:39,09:52:39,7.05,-0.01,30,21150,卖盘,2017-06-23,2017-06-23 09:52:39
09:52:42,09:52:42,7.06,0.01,21,14826,买盘,2017-06-23,2017-06-23 09:52:42
09:52:51,09:52:51,7.05,-0.01,23,16215,卖盘,2017-06-23,2017-06-23 09:52:51
09:52:54,09:52:54,7.06,0.01,10,7060,买盘,2017-06-23,2017-06-23 09:52:54
09:52:57,09:52:57,7.06,--,2,1412,买盘,2017-06-23,2017-06-23 09:52:57
09:53:00,09:53:00,7.05,-0.01,18,12690,卖盘,2017-06-23,2017-06-23 09:53:00
09:53:06,09:53:06,7.05,--,311,219255,卖盘,2017-06-23,2017-06-23 09:53:06
09:53:09,09:53:09,7.05,--,50,35250,买盘,2017-06-23,2017-06-23 09:53:09
09:53:12,09:53:12,7.05,--,10,7050,买盘,2017-06-23,2017-06-23 09:53:12
09:53:18,09:53:18,7.04,-0.01,30,21120,卖盘,2017-06-23,2017-06-23 09:53:18
09:53:21,09:53:21,7.04,--,130,91520,卖盘,2017-06-23,2017-06-23 09:53:21
09:53:24,09:53:24,7.04,--,18,12672,卖盘,2017-06-23,2017-06-23 09:53:24
09:53:27,09:53:27,7.05,0.01,59,41595,买盘,2017-06-23,2017-06-23 09:53:27
09:53:30,09:53:30,7.04,-0.01,112,78848,卖盘,2017-06-23,2017-06-23 09:53:30
09:53:36,09:53:36,7.04,--,100,70400,买盘,2017-06-23,2017-06-23 09:53:36
09:53:39,09:53:39,7.04,--,117,82368,买盘,2017-06-23,2017-06-23 09:53:39
09:53:45,09:53:45,7.04,--,34,23936,买盘,2017-06-23,2017-06-23 09:53:45
09:53:48,09:53:48,7.03,-0.01,158,111074,卖盘,2017-06-23,2017-06-23 09:53:48
09:53:54,09:53:54,7.04,0.01,26,18304,中性盘,2017-06-23,2017-06-23 09:53:54
09:54:00,09:54:00,7.04,--,4,2816,买盘,2017-06-23,2017-06-23 09:54:00
09:54:03,09:54:03,7.03,-0.01,44,30932,卖盘,2017-06-23,2017-06-23 09:54:03
09:54:06,09:54:06,7.03,--,25,17575,卖盘,2017-06-23,2017-06-23 09:54:06
09:54:12,09:54:12,7.03,--,8,5624,买盘,2017-06-23,2017-06-23 09:54:12
09:54:21,09:54:21,7.03,--,40,28120,买盘,2017-06-23,2017-06-23 09:54:21
09:54:27,09:54:27,7.04,0.01,298,209792,买盘,2017-06-23,2017-06-23 09:54:27
09:54:42,09:54:42,7.03,-0.01,12,8436,中性盘,2017-06-23,2017-06-23 09:54:42
09:54:57,09:54:57,7.03,--,10,7030,卖盘,2017-06-23,2017-06-23 09:54:57
09:55:06,09:55:06,7.04,0.01,17,11968,买盘,2017-06-23,2017-06-23 09:55:06
09:55:15,09:55:15,7.05,0.01,329,231945,买盘,2017-06-23,2017-06-23 09:55:15
09:55:18,09:55:18,7.03,-0.02,15,10545,卖盘,2017-06-23,2017-06-23 09:55:18
09:55:24,09:55:24,7.04,0.01,20,14080,买盘,2017-06-23,2017-06-23 09:55:24
09:55:30,09:55:30,7.04,--,7,4928,中性盘,2017-06-23,2017-06-23 09:55:30
09:55:42,09:55:42,7.05,0.01,63,44415,买盘,2017-06-23,2017-06-23 09:55:42
09:55:45,09:55:45,7.05,--,9,6739,买盘,2017-06-23,2017-06-23 09:55:45
09:55:48,09:55:48,7.04,-0.01,56,39424,卖盘,2017-06-23,2017-06-23 09:55:48
09:55:54,09:55:54,7.04,--,89,62656,卖盘,2017-06-23,2017-06-23 09:55:54
09:56:03,09:56:03,7.03,-0.01,155,108965,卖盘,2017-06-23,2017-06-23 09:56:03
09:56:06,09:56:06,7.04,0.01,32,22528,买盘,2017-06-23,2017-06-23 09:56:06
09:56:09,09:56:09,7.04,--,13,9152,买盘,2017-06-23,2017-06-23 09:56:09
09:56:12,09:56:12,7.04,--,36,25344,买盘,2017-06-23,2017-06-23 09:56:12
09:56:15,09:56:15,7.04,--,4,2816,买盘,2017-06-23,2017-06-23 09:56:15
09:56:18,09:56:18,7.04,--,4,2816,买盘,2017-06-23,2017-06-23 09:56:18
09:56:21,09:56:21,7.04,--,3,2112,买盘,2017-06-23,2017-06-23 09:56:21
09:56:24,09:56:24,7.04,--,1,704,买盘,2017-06-23,2017-06-23 09:56:24
09:56:27,09:56:27,7.04,--,2,1408,买盘,2017-06-23,2017-06-23 09:56:27
09:56:30,09:56:30,7.04,--,2,1408,卖盘,2017-06-23,2017-06-23 09:56:30
09:57:15,09:57:15,7.05,0.01,1,705,中性盘,2017-06-23,2017-06-23 09:57:15
09:57:24,09:57:24,7.05,--,9,6345,卖盘,2017-06-23,2017-06-23 09:57:24
09:57:27,09:57:27,7.04,-0.01,3,2112,卖盘,2017-06-23,2017-06-23 09:57:27
09:57:30,09:57:30,7.05,0.01,247,174135,买盘,2017-06-23,2017-06-23 09:57:30
09:57:33,09:57:33,7.05,--,4,2820,买盘,2017-06-23,2017-06-23 09:57:33
09:57:39,09:57:39,7.05,--,20,14100,买盘,2017-06-23,2017-06-23 09:57:39
09:57:42,09:57:42,7.05,--,20,14100,买盘,2017-06-23,2017-06-23 09:57:42
09:57:45,09:57:45,7.04,-0.01,8,5632,卖盘,2017-06-23,2017-06-23 09:57:45
09:57:48,09:57:48,7.05,0.01,9,6345,买盘,2017-06-23,2017-06-23 09:57:48
09:57:54,09:57:54,7.05,--,20,14100,买盘,2017-06-23,2017-06-23 09:57:54
09:57:57,09:57:57,7.05,--,14,9870,买盘,2017-06-23,2017-06-23 09:57:57
09:58:00,09:58:00,7.05,--,30,21150,买盘,2017-06-23,2017-06-23 09:58:00
09:58:09,09:58:09,7.05,--,20,14100,卖盘,2017-06-23,2017-06-23 09:58:09
09:58:18,09:58:18,7.05,--,15,10575,卖盘,2017-06-23,2017-06-23 09:58:18
09:58:24,09:58:24,7.05,--,75,52875,卖盘,2017-06-23,2017-06-23 09:58:24
09:58:27,09:58:27,7.05,--,19,13395,卖盘,2017-06-23,2017-06-23 09:58:27
09:58:30,09:58:30,7.04,-0.01,5,3520,卖盘,2017-06-23,2017-06-23 09:58:30
09:58:33,09:58:33,7.05,0.01,10,7050,买盘,2017-06-23,2017-06-23 09:58:33
09:58:36,09:58:36,7.05,--,17,11985,买盘,2017-06-23,2017-06-23 09:58:36
09:58:39,09:58:39,7.05,--,4,2820,卖盘,2017-06-23,2017-06-23 09:58:39
09:58:42,09:58:42,7.04,-0.01,6,4224,卖盘,2017-06-23,2017-06-23 09:58:42
09:58:51,09:58:51,7.05,0.01,2,1410,买盘,2017-06-23,2017-06-23 09:58:51
09:58:54,09:58:54,7.05,--,10,7050,买盘,2017-06-23,2017-06-23 09:58:54
09:59:00,09:59:00,7.05,--,10,7050,买盘,2017-06-23,2017-06-23 09:59:00
09:59:03,09:59:03,7.05,--,39,27495,买盘,2017-06-23,2017-06-23 09:59:03
09:59:06,09:59:06,7.05,--,23,16215,卖盘,2017-06-23,2017-06-23 09:59:06
09:59:21,09:59:21,7.06,0.01,1,706,买盘,2017-06-23,2017-06-23 09:59:21
09:59:30,09:59:30,7.06,--,8,5648,买盘,2017-06-23,2017-06-23 09:59:30
09:59:36,09:59:36,7.06,--,3,2118,买盘,2017-06-23,2017-06-23 09:59:36
09:59:39,09:59:39,7.06,--,31,21886,买盘,2017-06-23,2017-06-23 09:59:39
09:59:42,09:59:42,7.06,--,1,706,买盘,2017-06-23,2017-06-23 09:59:42
09:59:45,09:59:45,7.06,--,254,179324,买盘,2017-06-23,2017-06-23 09:59:45
09:59:51,09:59:51,7.06,--,40,28240,卖盘,2017-06-23,2017-06-23 09:59:51
09:59:54,09:59:54,7.06,--,111,78366,卖盘,2017-06-23,2017-06-23 09:59:54
09:59:57,09:59:57,7.06,--,50,35300,买盘,2017-06-23,2017-06-23 09:59:57
10:00:06,10:00:06,7.05,-0.01,500,352500,卖盘,2017-06-23,2017-06-23 10:00:06
10:00:12,10:00:12,7.04,-0.01,225,158400,卖盘,2017-06-23,2017-06-23 10:00:12
10:00:15,10:00:15,7.05,0.01,2,1410,买盘,2017-06-23,2017-06-23 10:00:15
10:00:21,10:00:21,7.05,--,10,7050,买盘,2017-06-23,2017-06-23 10:00:21
10:00:24,10:00:24,7.05,--,10,7050,买盘,2017-06-23,2017-06-23 10:00:24
10:00:30,10:00:30,7.04,-0.01,10,7040,卖盘,2017-06-23,2017-06-23 10:00:30
10:00:33,10:00:33,7.05,0.01,6,4230,买盘,2017-06-23,2017-06-23 10:00:33
10:00:48,10:00:48,7.04,-0.01,28,19712,卖盘,2017-06-23,2017-06-23 10:00:48
10:00:54,10:00:54,7.04,--,60,42240,卖盘,2017-06-23,2017-06-23 10:00:54
10:01:15,10:01:15,7.04,--,2,1408,卖盘,2017-06-23,2017-06-23 10:01:15
10:01:27,10:01:27,7.05,0.01,64,45120,买盘,2017-06-23,2017-06-23 10:01:27
10:01:30,10:01:30,7.05,--,2,1410,买盘,2017-06-23,2017-06-23 10:01:30
10:01:42,10:01:42,7.05,--,4,2820,买盘,2017-06-23,2017-06-23 10:01:42
10:01:45,10:01:45,7.05,--,31,21855,买盘,2017-06-23,2017-06-23 10:01:45
10:01:48,10:01:48,7.05,--,24,16920,买盘,2017-06-23,2017-06-23 10:01:48
10:01:51,10:01:51,7.05,--,113,79665,买盘,2017-06-23,2017-06-23 10:01:51
10:01:54,10:01:54,7.04,-0.01,14,9856,卖盘,2017-06-23,2017-06-23 10:01:54
10:02:03,10:02:03,7.05,0.01,50,35250,中性盘,2017-06-23,2017-06-23 10:02:03
10:02:24,10:02:24,7.06,0.01,1,706,买盘,2017-06-23,2017-06-23 10:02:24
10:02:57,10:02:57,7.06,--,138,97428,买盘,2017-06-23,2017-06-23 10:02:57
10:03:09,10:03:09,7.06,--,44,31064,买盘,2017-06-23,2017-06-23 10:03:09
10:03:12,10:03:12,7.06,--,25,17650,买盘,2017-06-23,2017-06-23 10:03:12
10:03:15,10:03:15,7.06,--,15,10590,买盘,2017-06-23,2017-06-23 10:03:15
10:03:18,10:03:18,7.06,--,1,706,买盘,2017-06-23,2017-06-23 10:03:18
10:03:24,10:03:24,7.05,-0.01,1,705,卖盘,2017-06-23,2017-06-23 10:03:24
10:03:30,10:03:30,7.06,0.01,120,84720,买盘,2017-06-23,2017-06-23 10:03:30
10:03:36,10:03:36,7.05,-0.01,22,15510,卖盘,2017-06-23,2017-06-23 10:03:36
10:03:39,10:03:39,7.06,0.01,44,31064,买盘,2017-06-23,2017-06-23 10:03:39
10:03:45,10:03:45,7.06,--,10,7060,买盘,2017-06-23,2017-06-23 10:03:45
10:03:48,10:03:48,7.06,--,2,1412,买盘,2017-06-23,2017-06-23 10:03:48
10:03:51,10:03:51,7.05,-0.01,61,43554,卖盘,2017-06-23,2017-06-23 10:03:51
10:03:54,10:03:54,7.05,--,128,90395,卖盘,2017-06-23,2017-06-23 10:03:54
10:03:57,10:03:57,7.06,0.01,300,212350,买盘,2017-06-23,2017-06-23 10:03:57
10:04:09,10:04:09,7.07,0.01,100,70700,买盘,2017-06-23,2017-06-23 10:04:09
10:04:24,10:04:24,7.07,--,1,707,卖盘,2017-06-23,2017-06-23 10:04:24
10:04:27,10:04:27,7.08,0.01,50,35400,买盘,2017-06-23,2017-06-23 10:04:27
10:04:30,10:04:30,7.06,-0.02,2,1412,卖盘,2017-06-23,2017-06-23 10:04:30
10:04:33,10:04:33,7.07,0.01,10,7070,中性盘,2017-06-23,2017-06-23 10:04:33
10:04:36,10:04:36,7.07,--,4,2828,卖盘,2017-06-23,2017-06-23 10:04:36
10:04:39,10:04:39,7.06,-0.01,50,35300,卖盘,2017-06-23,2017-06-23 10:04:39
10:04:42,10:04:42,7.07,0.01,2,1414,中性盘,2017-06-23,2017-06-23 10:04:42
10:04:45,10:04:45,7.06,-0.01,200,141200,卖盘,2017-06-23,2017-06-23 10:04:45
10:04:48,10:04:48,7.06,--,171,120881,卖盘,2017-06-23,2017-06-23 10:04:48
10:04:51,10:04:51,7.06,--,34,24004,买盘,2017-06-23,2017-06-23 10:04:51
10:05:03,10:05:03,7.05,-0.01,10,7050,卖盘,2017-06-23,2017-06-23 10:05:03
10:05:24,10:05:24,7.06,0.01,42,29652,买盘,2017-06-23,2017-06-23 10:05:24
10:05:27,10:05:27,7.06,--,36,25416,买盘,2017-06-23,2017-06-23 10:05:27
10:05:30,10:05:30,7.05,-0.01,69,48645,卖盘,2017-06-23,2017-06-23 10:05:30
10:05:39,10:05:39,7.05,--,14,9870,买盘,2017-06-23,2017-06-23 10:05:39
10:05:48,10:05:48,7.05,--,21,14805,买盘,2017-06-23,2017-06-23 10:05:48
10:06:00,10:06:00,7.05,--,3,2115,买盘,2017-06-23,2017-06-23 10:06:00
10:06:03,10:06:03,7.04,-0.01,20,14080,卖盘,2017-06-23,2017-06-23 10:06:03
10:06:06,10:06:06,7.04,--,231,162624,卖盘,2017-06-23,2017-06-23 10:06:06
10:06:18,10:06:18,7.03,-0.01,2,1406,卖盘,2017-06-23,2017-06-23 10:06:18
10:06:21,10:06:21,7.04,0.01,20,14080,买盘,2017-06-23,2017-06-23 10:06:21
10:06:33,10:06:33,7.04,--,1019,717376,买盘,2017-06-23,2017-06-23 10:06:33
10:06:42,10:06:42,7.04,--,3,2112,买盘,2017-06-23,2017-06-23 10:06:42
10:06:48,10:06:48,7.03,-0.01,2,1406,卖盘,2017-06-23,2017-06-23 10:06:48
10:06:54,10:06:54,7.03,--,21,14763,买盘,2017-06-23,2017-06-23 10:06:54
10:06:57,10:06:57,7.03,--,3,2109,买盘,2017-06-23,2017-06-23 10:06:57
10:07:03,10:07:03,7.03,--,77,54131,买盘,2017-06-23,2017-06-23 10:07:03
10:07:06,10:07:06,7.02,-0.01,1,702,卖盘,2017-06-23,2017-06-23 10:07:06
10:07:12,10:07:12,7.02,--,67,47034,卖盘,2017-06-23,2017-06-23 10:07:12
10:07:21,10:07:21,7.02,--,50,35100,卖盘,2017-06-23,2017-06-23 10:07:21
10:07:24,10:07:24,7.02,--,45,31589,卖盘,2017-06-23,2017-06-23 10:07:24
10:07:39,10:07:39,7.03,0.01,2,1406,买盘,2017-06-23,2017-06-23 10:07:39
10:07:42,10:07:42,7.03,--,38,26714,买盘,2017-06-23,2017-06-23 10:07:42
10:07:45,10:07:45,7.03,--,40,28120,买盘,2017-06-23,2017-06-23 10:07:45
10:07:48,10:07:48,7.02,-0.01,5,3510,卖盘,2017-06-23,2017-06-23 10:07:48
10:07:51,10:07:51,7.02,--,4,2808,卖盘,2017-06-23,2017-06-23 10:07:51
10:07:57,10:07:57,7.03,0.01,38,26714,买盘,2017-06-23,2017-06-23 10:07:57
10:08:03,10:08:03,7.03,--,14,9842,买盘,2017-06-23,2017-06-23 10:08:03
10:08:12,10:08:12,7.03,--,10,7030,买盘,2017-06-23,2017-06-23 10:08:12
10:08:18,10:08:18,7.02,-0.01,50,35100,卖盘,2017-06-23,2017-06-23 10:08:18
10:08:21,10:08:21,7.03,0.01,5,3515,买盘,2017-06-23,2017-06-23 10:08:21
10:08:27,10:08:27,7.03,--,20,14060,买盘,2017-06-23,2017-06-23 10:08:27
10:08:33,10:08:33,7.03,--,11,7733,买盘,2017-06-23,2017-06-23 10:08:33
10:08:39,10:08:39,7.03,--,5,3515,买盘,2017-06-23,2017-06-23 10:08:39
10:09:03,10:09:03,7.02,-0.01,6,4212,卖盘,2017-06-23,2017-06-23 10:09:03
10:09:06,10:09:06,7.03,0.01,39,27417,买盘,2017-06-23,2017-06-23 10:09:06
10:09:12,10:09:12,7.03,--,28,19684,买盘,2017-06-23,2017-06-23 10:09:12
10:09:36,10:09:36,7.03,--,10,7030,买盘,2017-06-23,2017-06-23 10:09:36
10:09:39,10:09:39,7.03,--,6,4218,买盘,2017-06-23,2017-06-23 10:09:39
10:09:45,10:09:45,7.03,--,1,703,买盘,2017-06-23,2017-06-23 10:09:45
10:09:51,10:09:51,7.03,--,20,14060,买盘,2017-06-23,2017-06-23 10:09:51
10:09:54,10:09:54,7.03,--,10,7030,买盘,2017-06-23,2017-06-23 10:09:54
10:10:00,10:10:00,7.02,-0.01,5,3510,卖盘,2017-06-23,2017-06-23 10:10:00
10:10:06,10:10:06,7.03,0.01,6,4218,买盘,2017-06-23,2017-06-23 10:10:06
10:10:15,10:10:15,7.02,-0.01,1,702,卖盘,2017-06-23,2017-06-23 10:10:15
10:10:18,10:10:18,7.02,--,7,4914,卖盘,2017-06-23,2017-06-23 10:10:18
10:10:21,10:10:21,7.03,0.01,66,46398,买盘,2017-06-23,2017-06-23 10:10:21
10:10:24,10:10:24,7.03,--,10,7030,买盘,2017-06-23,2017-06-23 10:10:24
10:10:42,10:10:42,7.01,-0.02,1254,879362,卖盘,2017-06-23,2017-06-23 10:10:42
10:10:48,10:10:48,7.01,--,1155,809655,买盘,2017-06-23,2017-06-23 10:10:48
10:10:54,10:10:54,7.01,--,1,701,买盘,2017-06-23,2017-06-23 10:10:54
10:10:57,10:10:57,7.0,-0.01,35,24500,卖盘,2017-06-23,2017-06-23 10:10:57
10:11:00,10:11:00,7.0,--,1,700,卖盘,2017-06-23,2017-06-23 10:11:00
10:11:03,10:11:03,7.0,--,70,49000,卖盘,2017-06-23,2017-06-23 10:11:03
10:11:06,10:11:06,7.0,--,2,1400,卖盘,2017-06-23,2017-06-23 10:11:06
10:11:12,10:11:12,7.0,--,42,29400,买盘,2017-06-23,2017-06-23 10:11:12
10:11:15,10:11:15,7.01,0.01,15,10515,买盘,2017-06-23,2017-06-23 10:11:15
10:11:21,10:11:21,7.0,-0.01,12,8400,卖盘,2017-06-23,2017-06-23 10:11:21
10:11:24,10:11:24,7.0,--,25,17500,卖盘,2017-06-23,2017-06-23 10:11:24
10:11:27,10:11:27,7.0,--,2,1400,卖盘,2017-06-23,2017-06-23 10:11:27
10:11:39,10:11:39,7.0,--,2,1400,卖盘,2017-06-23,2017-06-23 10:11:39
10:11:42,10:11:42,7.0,--,89,62300,卖盘,2017-06-23,2017-06-23 10:11:42
10:11:45,10:11:45,7.01,0.01,18,12618,买盘,2017-06-23,2017-06-23 10:11:45
10:11:48,10:11:48,7.01,--,15,10515,买盘,2017-06-23,2017-06-23 10:11:48
10:11:57,10:11:57,7.01,--,2,1402,买盘,2017-06-23,2017-06-23 10:11:57
10:12:00,10:12:00,7.0,-0.01,81,56700,卖盘,2017-06-23,2017-06-23 10:12:00
10:12:03,10:12:03,7.02,0.02,112,78624,买盘,2017-06-23,2017-06-23 10:12:03
10:12:06,10:12:06,6.99,-0.03,25,17475,卖盘,2017-06-23,2017-06-23 10:12:06
10:12:15,10:12:15,7.02,0.03,80,56160,买盘,2017-06-23,2017-06-23 10:12:15
10:12:18,10:12:18,7.01,-0.01,12,8412,卖盘,2017-06-23,2017-06-23 10:12:18
10:12:21,10:12:21,7.0,-0.01,13,9100,卖盘,2017-06-23,2017-06-23 10:12:21
10:12:30,10:12:30,7.01,0.01,20,14020,买盘,2017-06-23,2017-06-23 10:12:30
10:12:33,10:12:33,7.0,-0.01,69,48300,卖盘,2017-06-23,2017-06-23 10:12:33
10:12:36,10:12:36,7.0,--,50,35000,买盘,2017-06-23,2017-06-23 10:12:36
10:12:39,10:12:39,7.0,--,1,700,卖盘,2017-06-23,2017-06-23 10:12:39
10:12:45,10:12:45,7.0,--,17,11900,卖盘,2017-06-23,2017-06-23 10:12:45
10:12:51,10:12:51,7.03,0.03,201,141303,买盘,2017-06-23,2017-06-23 10:12:51
10:12:54,10:12:54,7.0,-0.03,20,14000,卖盘,2017-06-23,2017-06-23 10:12:54
10:12:57,10:12:57,7.0,--,6,4200,卖盘,2017-06-23,2017-06-23 10:12:57
10:13:09,10:13:09,7.01,0.01,1,701,买盘,2017-06-23,2017-06-23 10:13:09
10:13:12,10:13:12,7.01,--,2,1402,买盘,2017-06-23,2017-06-23 10:13:12
10:13:21,10:13:21,7.0,-0.01,212,148400,卖盘,2017-06-23,2017-06-23 10:13:21
10:13:27,10:13:27,7.01,0.01,12,8412,中性盘,2017-06-23,2017-06-23 10:13:27
10:13:39,10:13:39,7.02,0.01,10,7020,买盘,2017-06-23,2017-06-23 10:13:39
10:13:51,10:13:51,7.02,--,23,16145,买盘,2017-06-23,2017-06-23 10:13:51
10:13:57,10:13:57,7.02,--,16,11232,买盘,2017-06-23,2017-06-23 10:13:57
10:14:00,10:14:00,7.02,--,15,10530,卖盘,2017-06-23,2017-06-23 10:14:00
10:14:03,10:14:03,7.02,--,6,4212,卖盘,2017-06-23,2017-06-23 10:14:03
10:14:06,10:14:06,7.02,--,22,15443,卖盘,2017-06-23,2017-06-23 10:14:06
10:14:09,10:14:09,7.02,--,9,6318,卖盘,2017-06-23,2017-06-23 10:14:09
10:14:27,10:14:27,7.02,--,141,98982,卖盘,2017-06-23,2017-06-23 10:14:27
10:14:45,10:14:45,7.01,-0.01,1,701,卖盘,2017-06-23,2017-06-23 10:14:45
10:15:09,10:15:09,7.02,0.01,8,5616,买盘,2017-06-23,2017-06-23 10:15:09
10:15:24,10:15:24,7.02,--,141,98982,买盘,2017-06-23,2017-06-23 10:15:24
10:15:27,10:15:27,7.02,--,19,13338,卖盘,2017-06-23,2017-06-23 10:15:27
10:15:30,10:15:30,7.01,-0.01,390,273390,卖盘,2017-06-23,2017-06-23 10:15:30
10:15:36,10:15:36,7.03,0.02,5,3515,买盘,2017-06-23,2017-06-23 10:15:36
10:15:54,10:15:54,7.01,-0.02,30,21030,卖盘,2017-06-23,2017-06-23 10:15:54
10:16:00,10:16:00,7.03,0.02,50,35150,买盘,2017-06-23,2017-06-23 10:16:00
10:16:03,10:16:03,7.03,--,10,7030,买盘,2017-06-23,2017-06-23 10:16:03
10:16:09,10:16:09,7.03,--,25,17575,买盘,2017-06-23,2017-06-23 10:16:09
10:16:12,10:16:12,7.03,--,6,4218,买盘,2017-06-23,2017-06-23 10:16:12
10:16:24,10:16:24,7.02,-0.01,3,2106,中性盘,2017-06-23,2017-06-23 10:16:24
10:16:30,10:16:30,7.03,0.01,69,48900,买盘,2017-06-23,2017-06-23 10:16:30
10:16:33,10:16:33,7.03,--,10,7030,卖盘,2017-06-23,2017-06-23 10:16:33
10:16:51,10:16:51,7.03,--,57,40380,卖盘,2017-06-23,2017-06-23 10:16:51
10:17:00,10:17:00,7.04,0.01,50,35200,买盘,2017-06-23,2017-06-23 10:17:00
10:17:03,10:17:03,7.04,--,28,19712,买盘,2017-06-23,2017-06-23 10:17:03
10:17:09,10:17:09,7.04,--,4,2816,买盘,2017-06-23,2017-06-23 10:17:09
10:17:15,10:17:15,7.04,--,911,641583,买盘,2017-06-23,2017-06-23 10:17:15
10:17:18,10:17:18,7.08,0.04,110,77880,买盘,2017-06-23,2017-06-23 10:17:18
10:17:21,10:17:21,7.03,-0.05,300,210900,卖盘,2017-06-23,2017-06-23 10:17:21
10:17:30,10:17:30,7.08,0.05,50,35400,买盘,2017-06-23,2017-06-23 10:17:30
10:17:33,10:17:33,7.08,--,10,7080,买盘,2017-06-23,2017-06-23 10:17:33
10:17:36,10:17:36,7.1,0.02,1000,710000,买盘,2017-06-23,2017-06-23 10:17:36
10:17:45,10:17:45,7.08,-0.02,18,12744,中性盘,2017-06-23,2017-06-23 10:17:45
10:17:48,10:17:48,7.1,0.02,10,7100,买盘,2017-06-23,2017-06-23 10:17:48
10:17:51,10:17:51,7.1,--,300,213000,买盘,2017-06-23,2017-06-23 10:17:51
10:17:54,10:17:54,7.1,--,15,10650,卖盘,2017-06-23,2017-06-23 10:17:54
10:17:57,10:17:57,7.11,0.01,435,309285,买盘,2017-06-23,2017-06-23 10:17:57
10:18:00,10:18:00,7.11,--,224,159264,买盘,2017-06-23,2017-06-23 10:18:00
10:18:03,10:18:03,7.11,--,142,100962,卖盘,2017-06-23,2017-06-23 10:18:03
10:18:06,10:18:06,7.12,0.01,213,151656,买盘,2017-06-23,2017-06-23 10:18:06
10:18:09,10:18:09,7.11,-0.01,444,315684,卖盘,2017-06-23,2017-06-23 10:18:09
10:18:12,10:18:12,7.11,--,252,179172,买盘,2017-06-23,2017-06-23 10:18:12
10:18:15,10:18:15,7.13,0.02,115,81995,买盘,2017-06-23,2017-06-23 10:18:15
10:18:18,10:18:18,7.12,-0.01,80,56960,卖盘,2017-06-23,2017-06-23 10:18:18
10:18:21,10:18:21,7.12,--,480,341760,卖盘,2017-06-23,2017-06-23 10:18:21
10:18:24,10:18:24,7.15,0.03,1580,1129700,买盘,2017-06-23,2017-06-23 10:18:24
10:18:27,10:18:27,7.13,-0.02,232,165416,卖盘,2017-06-23,2017-06-23 10:18:27
10:18:30,10:18:30,7.13,--,31,22103,卖盘,2017-06-23,2017-06-23 10:18:30
10:18:33,10:18:33,7.13,--,10,7130,卖盘,2017-06-23,2017-06-23 10:18:33
10:18:36,10:18:36,7.14,0.01,32,22848,买盘,2017-06-23,2017-06-23 10:18:36
10:18:39,10:18:39,7.14,--,107,76398,买盘,2017-06-23,2017-06-23 10:18:39
10:18:42,10:18:42,7.14,--,10,7140,买盘,2017-06-23,2017-06-23 10:18:42
10:18:45,10:18:45,7.13,-0.01,61,43493,中性盘,2017-06-23,2017-06-23 10:18:45
10:18:48,10:18:48,7.13,--,141,100533,买盘,2017-06-23,2017-06-23 10:18:48
10:18:51,10:18:51,7.13,--,76,54188,买盘,2017-06-23,2017-06-23 10:18:51
10:18:54,10:18:54,7.14,0.01,354,252756,买盘,2017-06-23,2017-06-23 10:18:54
10:18:57,10:18:57,7.13,-0.01,49,34937,中性盘,2017-06-23,2017-06-23 10:18:57
10:19:00,10:19:00,7.14,0.01,110,78540,买盘,2017-06-23,2017-06-23 10:19:00
10:19:03,10:19:03,7.13,-0.01,82,58466,中性盘,2017-06-23,2017-06-23 10:19:03
10:19:06,10:19:06,7.13,--,161,114793,买盘,2017-06-23,2017-06-23 10:19:06
10:19:09,10:19:09,7.12,-0.01,43,30616,中性盘,2017-06-23,2017-06-23 10:19:09
10:19:12,10:19:12,7.12,--,79,56248,买盘,2017-06-23,2017-06-23 10:19:12
10:19:15,10:19:15,7.11,-0.01,664,472104,卖盘,2017-06-23,2017-06-23 10:19:15
10:19:18,10:19:18,7.11,--,9,6399,中性盘,2017-06-23,2017-06-23 10:19:18
10:19:21,10:19:21,7.11,--,5,3555,买盘,2017-06-23,2017-06-23 10:19:21
10:19:24,10:19:24,7.11,--,27,19197,买盘,2017-06-23,2017-06-23 10:19:24
10:19:27,10:19:27,7.1,-0.01,20,14200,卖盘,2017-06-23,2017-06-23 10:19:27
10:19:30,10:19:30,7.09,-0.01,44,31196,卖盘,2017-06-23,2017-06-23 10:19:30
10:19:33,10:19:33,7.11,0.02,51,36261,买盘,2017-06-23,2017-06-23 10:19:33
10:19:39,10:19:39,7.11,--,105,74655,买盘,2017-06-23,2017-06-23 10:19:39
10:19:42,10:19:42,7.11,--,5,3555,卖盘,2017-06-23,2017-06-23 10:19:42
10:19:45,10:19:45,7.11,--,106,75366,卖盘,2017-06-23,2017-06-23 10:19:45
10:19:48,10:19:48,7.11,--,52,36972,卖盘,2017-06-23,2017-06-23 10:19:48
10:19:51,10:19:51,7.11,--,210,149310,卖盘,2017-06-23,2017-06-23 10:19:51
10:19:54,10:19:54,7.12,0.01,109,77608,买盘,2017-06-23,2017-06-23 10:19:54
10:19:57,10:19:57,7.12,--,54,38448,卖盘,2017-06-23,2017-06-23 10:19:57
10:20:00,10:20:00,7.12,--,44,31328,卖盘,2017-06-23,2017-06-23 10:20:00
10:20:03,10:20:03,7.12,--,3,2136,买盘,2017-06-23,2017-06-23 10:20:03
10:20:06,10:20:06,7.13,0.01,110,78430,买盘,2017-06-23,2017-06-23 10:20:06
10:20:09,10:20:09,7.12,-0.01,30,21360,中性盘,2017-06-23,2017-06-23 10:20:09
10:20:12,10:20:12,7.12,--,15,10680,买盘,2017-06-23,2017-06-23 10:20:12
10:20:15,10:20:15,7.11,-0.01,11,7821,卖盘,2017-06-23,2017-06-23 10:20:15
10:20:18,10:20:18,7.12,0.01,82,58384,买盘,2017-06-23,2017-06-23 10:20:18
10:20:24,10:20:24,7.12,--,6,4272,买盘,2017-06-23,2017-06-23 10:20:24
10:20:27,10:20:27,7.12,--,78,55536,买盘,2017-06-23,2017-06-23 10:20:27
10:20:30,10:20:30,7.12,--,80,56960,买盘,2017-06-23,2017-06-23 10:20:30
10:20:36,10:20:36,7.1,-0.02,861,611310,卖盘,2017-06-23,2017-06-23 10:20:36
10:20:39,10:20:39,7.11,0.01,12,8532,买盘,2017-06-23,2017-06-23 10:20:39
10:20:42,10:20:42,7.12,0.01,159,113208,买盘,2017-06-23,2017-06-23 10:20:42
10:20:45,10:20:45,7.12,--,80,56960,买盘,2017-06-23,2017-06-23 10:20:45
10:20:48,10:20:48,7.11,-0.01,31,22041,买盘,2017-06-23,2017-06-23 10:20:48
10:20:51,10:20:51,7.11,--,29,20619,买盘,2017-06-23,2017-06-23 10:20:51
10:20:57,10:20:57,7.11,--,141,100251,卖盘,2017-06-23,2017-06-23 10:20:57
10:21:00,10:21:00,7.11,--,36,25596,买盘,2017-06-23,2017-06-23 10:21:00
10:21:03,10:21:03,7.11,--,220,156420,买盘,2017-06-23,2017-06-23 10:21:03
10:21:06,10:21:06,7.11,--,1,711,买盘,2017-06-23,2017-06-23 10:21:06
10:21:09,10:21:09,7.11,--,18,12798,买盘,2017-06-23,2017-06-23 10:21:09
10:21:12,10:21:12,7.12,0.01,12,8544,买盘,2017-06-23,2017-06-23 10:21:12
10:21:21,10:21:21,7.11,-0.01,133,94563,卖盘,2017-06-23,2017-06-23 10:21:21
10:21:24,10:21:24,7.11,--,12,8532,买盘,2017-06-23,2017-06-23 10:21:24
10:21:30,10:21:30,7.11,--,51,36261,买盘,2017-06-23,2017-06-23 10:21:30
10:21:33,10:21:33,7.11,--,22,15642,买盘,2017-06-23,2017-06-23 10:21:33
10:21:36,10:21:36,7.11,--,40,28440,买盘,2017-06-23,2017-06-23 10:21:36
10:21:39,10:21:39,7.11,--,29,20619,买盘,2017-06-23,2017-06-23 10:21:39
10:21:51,10:21:51,7.11,--,100,71100,买盘,2017-06-23,2017-06-23 10:21:51
10:21:54,10:21:54,7.11,--,11,7821,买盘,2017-06-23,2017-06-23 10:21:54
10:22:03,10:22:03,7.11,--,106,75366,买盘,2017-06-23,2017-06-23 10:22:03
10:22:06,10:22:06,7.1,-0.01,11,7810,卖盘,2017-06-23,2017-06-23 10:22:06
10:22:12,10:22:12,7.1,--,10,7100,卖盘,2017-06-23,2017-06-23 10:22:12
10:22:18,10:22:18,7.11,0.01,219,155709,买盘,2017-06-23,2017-06-23 10:22:18
10:22:21,10:22:21,7.1,-0.01,49,34790,卖盘,2017-06-23,2017-06-23 10:22:21
10:22:24,10:22:24,7.11,0.01,16,11376,买盘,2017-06-23,2017-06-23 10:22:24
10:22:27,10:22:27,7.11,--,35,24885,买盘,2017-06-23,2017-06-23 10:22:27
10:22:30,10:22:30,7.11,--,25,17775,买盘,2017-06-23,2017-06-23 10:22:30
10:22:36,10:22:36,7.11,--,1,711,买盘,2017-06-23,2017-06-23 10:22:36
10:22:39,10:22:39,7.11,--,5,3555,买盘,2017-06-23,2017-06-23 10:22:39
10:22:42,10:22:42,7.11,--,101,71811,买盘,2017-06-23,2017-06-23 10:22:42
10:22:48,10:22:48,7.1,-0.01,11,7810,卖盘,2017-06-23,2017-06-23 10:22:48
10:22:51,10:22:51,7.11,0.01,20,14220,买盘,2017-06-23,2017-06-23 10:22:51
10:22:54,10:22:54,7.11,--,72,51192,买盘,2017-06-23,2017-06-23 10:22:54
10:23:00,10:23:00,7.1,-0.01,100,71000,卖盘,2017-06-23,2017-06-23 10:23:00
10:23:03,10:23:03,7.1,--,172,122120,卖盘,2017-06-23,2017-06-23 10:23:03
10:23:06,10:23:06,7.11,0.01,161,114741,买盘,2017-06-23,2017-06-23 10:23:06
10:23:09,10:23:09,7.11,--,40,28440,卖盘,2017-06-23,2017-06-23 10:23:09
10:23:12,10:23:12,7.11,--,10,7110,卖盘,2017-06-23,2017-06-23 10:23:12
10:23:15,10:23:15,7.11,--,21,14931,卖盘,2017-06-23,2017-06-23 10:23:15
10:23:18,10:23:18,7.12,0.01,5,3560,买盘,2017-06-23,2017-06-23 10:23:18
10:23:21,10:23:21,7.12,--,15,10680,买盘,2017-06-23,2017-06-23 10:23:21
10:23:24,10:23:24,7.12,--,304,216448,买盘,2017-06-23,2017-06-23 10:23:24
10:23:30,10:23:30,7.13,0.01,40,28520,买盘,2017-06-23,2017-06-23 10:23:30
10:23:33,10:23:33,7.12,-0.01,384,273408,卖盘,2017-06-23,2017-06-23 10:23:33
10:23:36,10:23:36,7.14,0.02,400,285600,买盘,2017-06-23,2017-06-23 10:23:36
10:23:39,10:23:39,7.14,--,53,37842,买盘,2017-06-23,2017-06-23 10:23:39
10:23:45,10:23:45,7.15,0.01,550,393250,买盘,2017-06-23,2017-06-23 10:23:45
10:23:48,10:23:48,7.15,--,382,273130,买盘,2017-06-23,2017-06-23 10:23:48
10:23:51,10:23:51,7.16,0.01,164,117424,买盘,2017-06-23,2017-06-23 10:23:51
10:23:54,10:23:54,7.16,--,302,216232,买盘,2017-06-23,2017-06-23 10:23:54
10:23:57,10:23:57,7.18,0.02,827,593786,买盘,2017-06-23,2017-06-23 10:23:57
10:24:03,10:24:03,7.19,0.01,162,116478,买盘,2017-06-23,2017-06-23 10:24:03
10:24:06,10:24:06,7.19,--,285,204915,买盘,2017-06-23,2017-06-23 10:24:06
10:24:09,10:24:09,7.2,0.01,900,648000,买盘,2017-06-23,2017-06-23 10:24:09
10:24:12,10:24:12,7.2,--,229,164880,买盘,2017-06-23,2017-06-23 10:24:12
10:24:15,10:24:15,7.21,0.01,105,75705,买盘,2017-06-23,2017-06-23 10:24:15
10:24:18,10:24:18,7.21,--,262,188902,买盘,2017-06-23,2017-06-23 10:24:18
10:24:21,10:24:21,7.23,0.02,156,112788,买盘,2017-06-23,2017-06-23 10:24:21
10:24:24,10:24:24,7.23,--,119,86037,买盘,2017-06-23,2017-06-23 10:24:24
10:24:27,10:24:27,7.23,--,312,225576,买盘,2017-06-23,2017-06-23 10:24:27
10:24:30,10:24:30,7.23,--,283,204609,买盘,2017-06-23,2017-06-23 10:24:30
10:24:33,10:24:33,7.2,-0.03,594,427680,卖盘,2017-06-23,2017-06-23 10:24:33
10:24:36,10:24:36,7.23,0.03,567,409941,买盘,2017-06-23,2017-06-23 10:24:36
10:24:39,10:24:39,7.21,-0.02,75,54075,中性盘,2017-06-23,2017-06-23 10:24:39
10:24:42,10:24:42,7.21,--,132,95172,买盘,2017-06-23,2017-06-23 10:24:42
10:24:45,10:24:45,7.2,-0.01,579,416880,卖盘,2017-06-23,2017-06-23 10:24:45
10:24:48,10:24:48,7.2,--,79,56880,买盘,2017-06-23,2017-06-23 10:24:48
10:24:51,10:24:51,7.2,--,274,197280,买盘,2017-06-23,2017-06-23 10:24:51
10:24:54,10:24:54,7.2,--,207,149040,买盘,2017-06-23,2017-06-23 10:24:54
10:24:57,10:24:57,7.19,-0.01,167,120073,买盘,2017-06-23,2017-06-23 10:24:57
10:25:00,10:25:00,7.2,0.01,448,322560,买盘,2017-06-23,2017-06-23 10:25:00
10:25:03,10:25:03,7.18,-0.02,21,15078,卖盘,2017-06-23,2017-06-23 10:25:03
10:25:06,10:25:06,7.2,0.02,435,313200,买盘,2017-06-23,2017-06-23 10:25:06
10:25:09,10:25:09,7.2,--,135,97200,卖盘,2017-06-23,2017-06-23 10:25:09
10:25:12,10:25:12,7.2,--,325,234000,卖盘,2017-06-23,2017-06-23 10:25:12
10:25:15,10:25:15,7.21,0.01,3232,2330272,买盘,2017-06-23,2017-06-23 10:25:15
10:25:18,10:25:18,7.21,--,156,112476,卖盘,2017-06-23,2017-06-23 10:25:18
10:25:21,10:25:21,7.21,--,556,400876,卖盘,2017-06-23,2017-06-23 10:25:21
10:25:24,10:25:24,7.22,0.01,492,355224,买盘,2017-06-23,2017-06-23 10:25:24
10:25:27,10:25:27,7.2,-0.02,530,381600,卖盘,2017-06-23,2017-06-23 10:25:27
10:25:30,10:25:30,7.21,0.01,156,112476,卖盘,2017-06-23,2017-06-23 10:25:30
10:25:33,10:25:33,7.21,--,27,19467,买盘,2017-06-23,2017-06-23 10:25:33
10:25:36,10:25:36,7.22,0.01,187,135014,买盘,2017-06-23,2017-06-23 10:25:36
10:25:39,10:25:39,7.22,--,36,25992,买盘,2017-06-23,2017-06-23 10:25:39
10:25:42,10:25:42,7.2,-0.02,233,167760,卖盘,2017-06-23,2017-06-23 10:25:42
10:25:45,10:25:45,7.2,--,63,45360,买盘,2017-06-23,2017-06-23 10:25:45
10:25:48,10:25:48,7.21,0.01,159,114639,买盘,2017-06-23,2017-06-23 10:25:48
10:25:51,10:25:51,7.2,-0.01,55,39600,卖盘,2017-06-23,2017-06-23 10:25:51
10:25:54,10:25:54,7.21,0.01,20,14420,买盘,2017-06-23,2017-06-23 10:25:54
10:25:57,10:25:57,7.21,--,93,67053,买盘,2017-06-23,2017-06-23 10:25:57
10:26:00,10:26:00,7.22,0.01,89,64258,买盘,2017-06-23,2017-06-23 10:26:00
10:26:03,10:26:03,7.21,-0.01,131,94451,中性盘,2017-06-23,2017-06-23 10:26:03
10:26:06,10:26:06,7.2,-0.01,77,55440,卖盘,2017-06-23,2017-06-23 10:26:06
10:26:09,10:26:09,7.22,0.02,147,106134,买盘,2017-06-23,2017-06-23 10:26:09
10:26:12,10:26:12,7.21,-0.01,43,31003,卖盘,2017-06-23,2017-06-23 10:26:12
10:26:15,10:26:15,7.21,--,107,77147,买盘,2017-06-23,2017-06-23 10:26:15
10:26:18,10:26:18,7.21,--,112,80752,买盘,2017-06-23,2017-06-23 10:26:18
10:26:21,10:26:21,7.21,--,72,51912,买盘,2017-06-23,2017-06-23 10:26:21
10:26:24,10:26:24,7.2,-0.01,618,444960,卖盘,2017-06-23,2017-06-23 10:26:24
10:26:27,10:26:27,7.2,--,30,21600,卖盘,2017-06-23,2017-06-23 10:26:27
10:26:30,10:26:30,7.21,0.01,261,188181,买盘,2017-06-23,2017-06-23 10:26:30
10:26:33,10:26:33,7.22,0.01,1621,1170362,买盘,2017-06-23,2017-06-23 10:26:33
10:26:36,10:26:36,7.19,-0.03,26,18694,卖盘,2017-06-23,2017-06-23 10:26:36
10:26:45,10:26:45,7.2,0.01,10,7200,买盘,2017-06-23,2017-06-23 10:26:45
10:26:48,10:26:48,7.19,-0.01,234,168246,卖盘,2017-06-23,2017-06-23 10:26:48
10:26:51,10:26:51,7.19,--,80,57520,买盘,2017-06-23,2017-06-23 10:26:51
10:26:54,10:26:54,7.19,--,233,167527,买盘,2017-06-23,2017-06-23 10:26:54
10:27:00,10:27:00,7.18,-0.01,10,7180,卖盘,2017-06-23,2017-06-23 10:27:00
10:27:03,10:27:03,7.18,--,23,16514,卖盘,2017-06-23,2017-06-23 10:27:03
10:27:06,10:27:06,7.19,0.01,150,107850,买盘,2017-06-23,2017-06-23 10:27:06
10:27:09,10:27:09,7.19,--,290,208510,买盘,2017-06-23,2017-06-23 10:27:09
10:27:12,10:27:12,7.19,--,32,23008,卖盘,2017-06-23,2017-06-23 10:27:12
10:27:15,10:27:15,7.19,--,20,14380,卖盘,2017-06-23,2017-06-23 10:27:15
10:27:18,10:27:18,7.2,0.01,24,17280,买盘,2017-06-23,2017-06-23 10:27:18
10:27:21,10:27:21,7.19,-0.01,61,43859,卖盘,2017-06-23,2017-06-23 10:27:21
10:27:27,10:27:27,7.19,--,62,44578,卖盘,2017-06-23,2017-06-23 10:27:27
10:27:30,10:27:30,7.2,0.01,528,380160,买盘,2017-06-23,2017-06-23 10:27:30
10:27:33,10:27:33,7.19,-0.01,53,38107,卖盘,2017-06-23,2017-06-23 10:27:33
10:27:36,10:27:36,7.19,--,23,16537,卖盘,2017-06-23,2017-06-23 10:27:36
10:27:39,10:27:39,7.19,--,322,231518,卖盘,2017-06-23,2017-06-23 10:27:39
10:27:42,10:27:42,7.19,--,63,45297,卖盘,2017-06-23,2017-06-23 10:27:42
10:27:45,10:27:45,7.19,--,137,98503,卖盘,2017-06-23,2017-06-23 10:27:45
10:27:48,10:27:48,7.19,--,92,66148,卖盘,2017-06-23,2017-06-23 10:27:48
10:27:51,10:27:51,7.19,--,92,66148,卖盘,2017-06-23,2017-06-23 10:27:51
10:27:54,10:27:54,7.19,--,60,43140,卖盘,2017-06-23,2017-06-23 10:27:54
10:27:57,10:27:57,7.2,0.01,253,182160,买盘,2017-06-23,2017-06-23 10:27:57
10:28:00,10:28:00,7.19,-0.01,376,270344,卖盘,2017-06-23,2017-06-23 10:28:00
10:28:03,10:28:03,7.2,0.01,252,181555,买盘,2017-06-23,2017-06-23 10:28:03
10:28:06,10:28:06,7.2,--,65,46800,卖盘,2017-06-23,2017-06-23 10:28:06
10:28:09,10:28:09,7.19,-0.01,88,63272,卖盘,2017-06-23,2017-06-23 10:28:09
10:28:15,10:28:15,7.2,0.01,3,2160,买盘,2017-06-23,2017-06-23 10:28:15
10:28:18,10:28:18,7.2,--,14,10080,买盘,2017-06-23,2017-06-23 10:28:18
10:28:21,10:28:21,7.2,--,20,14400,买盘,2017-06-23,2017-06-23 10:28:21
10:28:24,10:28:24,7.2,--,1,720,买盘,2017-06-23,2017-06-23 10:28:24
10:28:27,10:28:27,7.19,-0.01,6,4314,卖盘,2017-06-23,2017-06-23 10:28:27
10:28:30,10:28:30,7.19,--,403,289757,卖盘,2017-06-23,2017-06-23 10:28:30
10:28:33,10:28:33,7.2,0.01,113,81360,买盘,2017-06-23,2017-06-23 10:28:33
10:28:36,10:28:36,7.19,-0.01,132,94908,卖盘,2017-06-23,2017-06-23 10:28:36
10:28:39,10:28:39,7.19,--,10,7190,卖盘,2017-06-23,2017-06-23 10:28:39
10:28:42,10:28:42,7.19,--,55,40148,卖盘,2017-06-23,2017-06-23 10:28:42
10:28:45,10:28:45,7.19,--,25,18090,买盘,2017-06-23,2017-06-23 10:28:45
10:28:48,10:28:48,7.19,--,20,14983,卖盘,2017-06-23,2017-06-23 10:28:48
10:28:51,10:28:51,7.19,--,38,27322,买盘,2017-06-23,2017-06-23 10:28:51
10:28:54,10:28:54,7.19,--,125,89875,买盘,2017-06-23,2017-06-23 10:28:54
10:28:57,10:28:57,7.18,-0.01,23,16514,卖盘,2017-06-23,2017-06-23 10:28:57
10:29:00,10:29:00,7.19,0.01,16,11504,买盘,2017-06-23,2017-06-23 10:29:00
10:29:03,10:29:03,7.19,--,32,23008,买盘,2017-06-23,2017-06-23 10:29:03
10:29:06,10:29:06,7.19,--,30,21570,买盘,2017-06-23,2017-06-23 10:29:06
10:29:09,10:29:09,7.19,--,156,112164,买盘,2017-06-23,2017-06-23 10:29:09
10:29:12,10:29:12,7.19,--,319,229361,买盘,2017-06-23,2017-06-23 10:29:12
10:29:21,10:29:21,7.18,-0.01,60,43080,卖盘,2017-06-23,2017-06-23 10:29:21
10:29:27,10:29:27,7.19,0.01,183,131577,买盘,2017-06-23,2017-06-23 10:29:27
10:29:30,10:29:30,7.19,--,70,50330,卖盘,2017-06-23,2017-06-23 10:29:30
10:29:33,10:29:33,7.19,--,2,1438,卖盘,2017-06-23,2017-06-23 10:29:33
10:29:36,10:29:36,7.19,--,10,7190,买盘,2017-06-23,2017-06-23 10:29:36
10:29:39,10:29:39,7.18,-0.01,170,122060,卖盘,2017-06-23,2017-06-23 10:29:39
10:29:42,10:29:42,7.18,--,19,13642,买盘,2017-06-23,2017-06-23 10:29:42
10:29:45,10:29:45,7.18,--,88,63184,买盘,2017-06-23,2017-06-23 10:29:45
10:29:48,10:29:48,7.18,--,8,5744,卖盘,2017-06-23,2017-06-23 10:29:48
10:29:51,10:29:51,7.18,--,20,14360,卖盘,2017-06-23,2017-06-23 10:29:51
10:29:54,10:29:54,7.18,--,9,6462,卖盘,2017-06-23,2017-06-23 10:29:54
10:29:57,10:29:57,7.18,--,92,66056,买盘,2017-06-23,2017-06-23 10:29:57
10:30:00,10:30:00,7.18,--,28,20104,卖盘,2017-06-23,2017-06-23 10:30:00
10:30:03,10:30:03,7.18,--,5,3590,买盘,2017-06-23,2017-06-23 10:30:03
10:30:09,10:30:09,7.18,--,111,79698,买盘,2017-06-23,2017-06-23 10:30:09
10:30:15,10:30:15,7.18,--,40,28720,卖盘,2017-06-23,2017-06-23 10:30:15
10:30:42,10:30:42,7.19,0.01,27,19413,买盘,2017-06-23,2017-06-23 10:30:42
10:30:45,10:30:45,7.19,--,5,3595,买盘,2017-06-23,2017-06-23 10:30:45
10:30:48,10:30:48,7.19,--,11,7909,买盘,2017-06-23,2017-06-23 10:30:48
10:30:51,10:30:51,7.19,--,29,20851,买盘,2017-06-23,2017-06-23 10:30:51
10:30:54,10:30:54,7.18,-0.01,416,298688,卖盘,2017-06-23,2017-06-23 10:30:54
10:30:57,10:30:57,7.19,0.01,400,287600,买盘,2017-06-23,2017-06-23 10:30:57
10:31:00,10:31:00,7.19,--,10,7190,买盘,2017-06-23,2017-06-23 10:31:00
10:31:09,10:31:09,7.18,-0.01,10,7180,中性盘,2017-06-23,2017-06-23 10:31:09
10:31:12,10:31:12,7.19,0.01,70,50330,买盘,2017-06-23,2017-06-23 10:31:12
10:31:18,10:31:18,7.2,0.01,839,604195,买盘,2017-06-23,2017-06-23 10:31:18
10:31:21,10:31:21,7.2,--,35,25200,卖盘,2017-06-23,2017-06-23 10:31:21
10:31:24,10:31:24,7.2,--,125,90604,卖盘,2017-06-23,2017-06-23 10:31:24
10:31:27,10:31:27,7.22,0.02,712,514064,买盘,2017-06-23,2017-06-23 10:31:27
10:31:30,10:31:30,7.22,--,130,93860,买盘,2017-06-23,2017-06-23 10:31:30
10:31:36,10:31:36,7.22,--,173,124906,买盘,2017-06-23,2017-06-23 10:31:36
10:31:39,10:31:39,7.22,--,6,4332,买盘,2017-06-23,2017-06-23 10:31:39
10:31:42,10:31:42,7.2,-0.02,48,34560,卖盘,2017-06-23,2017-06-23 10:31:42
10:31:45,10:31:45,7.22,0.02,328,236816,买盘,2017-06-23,2017-06-23 10:31:45
10:31:48,10:31:48,7.21,-0.01,2,1442,中性盘,2017-06-23,2017-06-23 10:31:48
10:31:51,10:31:51,7.23,0.02,1022,739021,买盘,2017-06-23,2017-06-23 10:31:51
10:31:54,10:31:54,7.24,0.01,543,393132,买盘,2017-06-23,2017-06-23 10:31:54
10:31:57,10:31:57,7.26,0.02,666,483516,买盘,2017-06-23,2017-06-23 10:31:57
10:32:00,10:32:00,7.26,--,362,262812,买盘,2017-06-23,2017-06-23 10:32:00
10:32:03,10:32:03,7.28,0.02,492,358176,买盘,2017-06-23,2017-06-23 10:32:03
10:32:06,10:32:06,7.28,--,606,441168,买盘,2017-06-23,2017-06-23 10:32:06
10:32:09,10:32:09,7.35,0.07,2272,1669920,买盘,2017-06-23,2017-06-23 10:32:09
10:32:12,10:32:12,7.35,--,122,89670,买盘,2017-06-23,2017-06-23 10:32:12
10:32:15,10:32:15,7.35,--,15,11025,买盘,2017-06-23,2017-06-23 10:32:15
10:32:18,10:32:18,7.38,0.03,786,580068,买盘,2017-06-23,2017-06-23 10:32:18
10:32:21,10:32:21,7.35,-0.03,224,164640,卖盘,2017-06-23,2017-06-23 10:32:21
10:32:24,10:32:24,7.38,0.03,453,334314,买盘,2017-06-23,2017-06-23 10:32:24
10:32:27,10:32:27,7.38,--,686,506268,买盘,2017-06-23,2017-06-23 10:32:27
10:32:30,10:32:30,7.39,0.01,912,673968,买盘,2017-06-23,2017-06-23 10:32:30
10:32:33,10:32:33,7.39,--,233,172187,卖盘,2017-06-23,2017-06-23 10:32:33
10:32:36,10:32:36,7.4,0.01,1309,968660,买盘,2017-06-23,2017-06-23 10:32:36
10:32:39,10:32:39,7.4,--,574,424760,买盘,2017-06-23,2017-06-23 10:32:39
10:32:42,10:32:42,7.4,--,750,555000,卖盘,2017-06-23,2017-06-23 10:32:42
10:32:45,10:32:45,7.4,--,931,689672,买盘,2017-06-23,2017-06-23 10:32:45
10:32:48,10:32:48,7.41,0.01,741,549081,卖盘,2017-06-23,2017-06-23 10:32:48
10:32:51,10:32:51,7.41,--,375,277875,卖盘,2017-06-23,2017-06-23 10:32:51
10:32:54,10:32:54,7.4,-0.01,37,27380,卖盘,2017-06-23,2017-06-23 10:32:54
10:32:57,10:32:57,7.44,0.04,203,151032,买盘,2017-06-23,2017-06-23 10:32:57
10:33:00,10:33:00,7.45,0.01,444,330780,买盘,2017-06-23,2017-06-23 10:33:00
10:33:03,10:33:03,7.45,--,182,135590,买盘,2017-06-23,2017-06-23 10:33:03
10:33:06,10:33:06,7.4,-0.05,223,165020,卖盘,2017-06-23,2017-06-23 10:33:06
10:33:09,10:33:09,7.42,0.02,62,46004,中性盘,2017-06-23,2017-06-23 10:33:09
10:33:12,10:33:12,7.43,0.01,309,229587,买盘,2017-06-23,2017-06-23 10:33:12
10:33:15,10:33:15,7.39,-0.04,387,286000,卖盘,2017-06-23,2017-06-23 10:33:15
10:33:18,10:33:18,7.4,0.01,101,74740,买盘,2017-06-23,2017-06-23 10:33:18
10:33:21,10:33:21,7.4,--,69,51060,买盘,2017-06-23,2017-06-23 10:33:21
10:33:24,10:33:24,7.38,-0.02,176,129888,卖盘,2017-06-23,2017-06-23 10:33:24
10:33:27,10:33:27,7.38,--,1,738,买盘,2017-06-23,2017-06-23 10:33:27
10:33:30,10:33:30,7.38,--,12,8856,买盘,2017-06-23,2017-06-23 10:33:30
10:33:33,10:33:33,7.37,-0.01,20,14740,卖盘,2017-06-23,2017-06-23 10:33:33
10:33:36,10:33:36,7.37,--,55,40535,买盘,2017-06-23,2017-06-23 10:33:36
10:33:39,10:33:39,7.36,-0.01,41,30176,卖盘,2017-06-23,2017-06-23 10:33:39
10:33:42,10:33:42,7.36,--,149,109664,卖盘,2017-06-23,2017-06-23 10:33:42
10:33:45,10:33:45,7.36,--,52,38272,卖盘,2017-06-23,2017-06-23 10:33:45
10:33:48,10:33:48,7.36,--,92,67712,卖盘,2017-06-23,2017-06-23 10:33:48
10:33:51,10:33:51,7.36,--,121,89056,买盘,2017-06-23,2017-06-23 10:33:51
10:33:54,10:33:54,7.36,--,125,92000,买盘,2017-06-23,2017-06-23 10:33:54
10:33:57,10:33:57,7.36,--,55,40480,买盘,2017-06-23,2017-06-23 10:33:57
10:34:00,10:34:00,7.36,--,122,89792,买盘,2017-06-23,2017-06-23 10:34:00
10:34:03,10:34:03,7.36,--,385,283360,买盘,2017-06-23,2017-06-23 10:34:03
10:34:06,10:34:06,7.36,--,220,161920,卖盘,2017-06-23,2017-06-23 10:34:06
10:34:09,10:34:09,7.37,0.01,81,59697,买盘,2017-06-23,2017-06-23 10:34:09
10:34:12,10:34:12,7.38,0.01,937,691506,买盘,2017-06-23,2017-06-23 10:34:12
10:34:15,10:34:15,7.38,--,144,106272,卖盘,2017-06-23,2017-06-23 10:34:15
10:34:18,10:34:18,7.38,--,223,164574,卖盘,2017-06-23,2017-06-23 10:34:18
10:34:21,10:34:21,7.39,0.01,150,110850,买盘,2017-06-23,2017-06-23 10:34:21
10:34:24,10:34:24,7.4,0.01,504,373692,买盘,2017-06-23,2017-06-23 10:34:24
10:34:27,10:34:27,7.42,0.02,1104,819168,买盘,2017-06-23,2017-06-23 10:34:27
10:34:30,10:34:30,7.42,--,118,87556,买盘,2017-06-23,2017-06-23 10:34:30
10:34:33,10:34:33,7.43,0.01,32,23776,买盘,2017-06-23,2017-06-23 10:34:33
10:34:36,10:34:36,7.42,-0.01,133,98686,卖盘,2017-06-23,2017-06-23 10:34:36
10:34:39,10:34:39,7.42,--,1188,881496,买盘,2017-06-23,2017-06-23 10:34:39
10:34:42,10:34:42,7.52,0.1,10307,7750864,买盘,2017-06-23,2017-06-23 10:34:42
10:34:45,10:34:45,7.6,0.08,10686,8121360,卖盘,2017-06-23,2017-06-23 10:34:45
10:34:48,10:34:48,7.6,--,164,124640,卖盘,2017-06-23,2017-06-23 10:34:48
10:34:51,10:34:51,7.6,--,387,294120,卖盘,2017-06-23,2017-06-23 10:34:51
10:34:54,10:34:54,7.6,--,822,624720,卖盘,2017-06-23,2017-06-23 10:34:54
10:34:57,10:34:57,7.6,--,290,220400,卖盘,2017-06-23,2017-06-23 10:34:57
10:35:00,10:35:00,7.6,--,1177,894520,卖盘,2017-06-23,2017-06-23 10:35:00
10:35:03,10:35:03,7.6,--,530,402800,卖盘,2017-06-23,2017-06-23 10:35:03
10:35:06,10:35:06,7.6,--,2499,1899240,卖盘,2017-06-23,2017-06-23 10:35:06
10:35:09,10:35:09,7.6,--,1084,823840,卖盘,2017-06-23,2017-06-23 10:35:09
10:35:12,10:35:12,7.6,--,510,387600,卖盘,2017-06-23,2017-06-23 10:35:12
10:35:15,10:35:15,7.6,--,739,561640,卖盘,2017-06-23,2017-06-23 10:35:15
10:35:18,10:35:18,7.6,--,946,718960,卖盘,2017-06-23,2017-06-23 10:35:18
10:35:21,10:35:21,7.6,--,1473,1119480,卖盘,2017-06-23,2017-06-23 10:35:21
10:35:24,10:35:24,7.6,--,518,393680,卖盘,2017-06-23,2017-06-23 10:35:24
10:35:27,10:35:27,7.6,--,831,631560,卖盘,2017-06-23,2017-06-23 10:35:27
10:35:30,10:35:30,7.6,--,667,506920,卖盘,2017-06-23,2017-06-23 10:35:30
10:35:33,10:35:33,7.6,--,925,703000,卖盘,2017-06-23,2017-06-23 10:35:33
10:35:36,10:35:36,7.6,--,209,158840,卖盘,2017-06-23,2017-06-23 10:35:36
10:35:39,10:35:39,7.6,--,430,326800,卖盘,2017-06-23,2017-06-23 10:35:39
10:35:42,10:35:42,7.6,--,1127,856520,卖盘,2017-06-23,2017-06-23 10:35:42
10:35:45,10:35:45,7.6,--,306,232560,卖盘,2017-06-23,2017-06-23 10:35:45
10:35:48,10:35:48,7.6,--,653,496280,卖盘,2017-06-23,2017-06-23 10:35:48
10:35:51,10:35:51,7.6,--,84,63840,卖盘,2017-06-23,2017-06-23 10:35:51
10:35:54,10:35:54,7.6,--,937,712120,卖盘,2017-06-23,2017-06-23 10:35:54
10:35:57,10:35:57,7.6,--,221,167960,卖盘,2017-06-23,2017-06-23 10:35:57
10:36:00,10:36:00,7.6,--,586,445360,卖盘,2017-06-23,2017-06-23 10:36:00
10:36:03,10:36:03,7.6,--,387,294120,卖盘,2017-06-23,2017-06-23 10:36:03
10:36:06,10:36:06,7.6,--,88,66880,卖盘,2017-06-23,2017-06-23 10:36:06
10:36:09,10:36:09,7.6,--,290,220400,卖盘,2017-06-23,2017-06-23 10:36:09
10:36:12,10:36:12,7.6,--,378,287280,卖盘,2017-06-23,2017-06-23 10:36:12
10:36:15,10:36:15,7.6,--,496,376960,卖盘,2017-06-23,2017-06-23 10:36:15
10:36:18,10:36:18,7.6,--,252,191520,卖盘,2017-06-23,2017-06-23 10:36:18
10:36:21,10:36:21,7.6,--,234,177840,卖盘,2017-06-23,2017-06-23 10:36:21
10:36:24,10:36:24,7.6,--,162,123120,卖盘,2017-06-23,2017-06-23 10:36:24
10:36:27,10:36:27,7.6,--,93,70680,卖盘,2017-06-23,2017-06-23 10:36:27
10:36:30,10:36:30,7.6,--,20,15200,卖盘,2017-06-23,2017-06-23 10:36:30
10:36:33,10:36:33,7.6,--,449,341240,卖盘,2017-06-23,2017-06-23 10:36:33
10:36:36,10:36:36,7.6,--,309,234840,卖盘,2017-06-23,2017-06-23 10:36:36
10:36:39,10:36:39,7.6,--,574,436240,卖盘,2017-06-23,2017-06-23 10:36:39
10:36:42,10:36:42,7.6,--,171,129960,卖盘,2017-06-23,2017-06-23 10:36:42
10:36:45,10:36:45,7.6,--,897,681720,卖盘,2017-06-23,2017-06-23 10:36:45
10:36:48,10:36:48,7.6,--,144,109440,卖盘,2017-06-23,2017-06-23 10:36:48
10:36:51,10:36:51,7.6,--,59,44840,卖盘,2017-06-23,2017-06-23 10:36:51
10:36:54,10:36:54,7.6,--,70,53200,卖盘,2017-06-23,2017-06-23 10:36:54
10:36:57,10:36:57,7.6,--,155,117800,卖盘,2017-06-23,2017-06-23 10:36:57
10:37:00,10:37:00,7.6,--,107,81320,卖盘,2017-06-23,2017-06-23 10:37:00
10:37:03,10:37:03,7.6,--,309,234840,卖盘,2017-06-23,2017-06-23 10:37:03
10:37:06,10:37:06,7.6,--,100,76000,卖盘,2017-06-23,2017-06-23 10:37:06
10:37:09,10:37:09,7.6,--,392,297920,卖盘,2017-06-23,2017-06-23 10:37:09
10:37:12,10:37:12,7.6,--,280,212800,卖盘,2017-06-23,2017-06-23 10:37:12
10:37:15,10:37:15,7.6,--,983,747080,卖盘,2017-06-23,2017-06-23 10:37:15
10:37:18,10:37:18,7.6,--,123,93480,卖盘,2017-06-23,2017-06-23 10:37:18
10:37:21,10:37:21,7.6,--,168,127680,卖盘,2017-06-23,2017-06-23 10:37:21
10:37:24,10:37:24,7.6,--,136,103360,卖盘,2017-06-23,2017-06-23 10:37:24
10:37:27,10:37:27,7.6,--,111,84360,卖盘,2017-06-23,2017-06-23 10:37:27
10:37:30,10:37:30,7.6,--,341,259160,卖盘,2017-06-23,2017-06-23 10:37:30
10:37:33,10:37:33,7.6,--,46,34960,卖盘,2017-06-23,2017-06-23 10:37:33
10:37:36,10:37:36,7.6,--,157,119320,卖盘,2017-06-23,2017-06-23 10:37:36
10:37:39,10:37:39,7.6,--,2210,1679600,卖盘,2017-06-23,2017-06-23 10:37:39
10:37:42,10:37:42,7.6,--,201,152760,卖盘,2017-06-23,2017-06-23 10:37:42
10:37:45,10:37:45,7.6,--,82,62320,卖盘,2017-06-23,2017-06-23 10:37:45
10:37:48,10:37:48,7.6,--,58,44080,卖盘,2017-06-23,2017-06-23 10:37:48
10:37:51,10:37:51,7.6,--,224,170240,卖盘,2017-06-23,2017-06-23 10:37:51
10:37:54,10:37:54,7.6,--,17,12920,卖盘,2017-06-23,2017-06-23 10:37:54
10:37:57,10:37:57,7.6,--,321,243960,卖盘,2017-06-23,2017-06-23 10:37:57
10:38:00,10:38:00,7.6,--,8,6080,卖盘,2017-06-23,2017-06-23 10:38:00
10:38:03,10:38:03,7.6,--,65,49400,卖盘,2017-06-23,2017-06-23 10:38:03
10:38:06,10:38:06,7.6,--,67,50920,卖盘,2017-06-23,2017-06-23 10:38:06
10:38:09,10:38:09,7.6,--,4,3040,卖盘,2017-06-23,2017-06-23 10:38:09
10:38:12,10:38:12,7.6,--,322,244720,卖盘,2017-06-23,2017-06-23 10:38:12
10:38:15,10:38:15,7.6,--,248,188480,卖盘,2017-06-23,2017-06-23 10:38:15
10:38:18,10:38:18,7.6,--,907,689320,卖盘,2017-06-23,2017-06-23 10:38:18
10:38:21,10:38:21,7.6,--,815,619400,卖盘,2017-06-23,2017-06-23 10:38:21
10:38:24,10:38:24,7.6,--,109,82840,卖盘,2017-06-23,2017-06-23 10:38:24
10:38:27,10:38:27,7.6,--,31,23560,卖盘,2017-06-23,2017-06-23 10:38:27
10:38:30,10:38:30,7.6,--,50,38000,卖盘,2017-06-23,2017-06-23 10:38:30
10:38:33,10:38:33,7.6,--,24,18240,卖盘,2017-06-23,2017-06-23 10:38:33
10:38:36,10:38:36,7.6,--,186,141360,卖盘,2017-06-23,2017-06-23 10:38:36
10:38:39,10:38:39,7.6,--,198,150480,卖盘,2017-06-23,2017-06-23 10:38:39
10:38:42,10:38:42,7.6,--,636,483360,卖盘,2017-06-23,2017-06-23 10:38:42
10:38:45,10:38:45,7.6,--,143,108680,卖盘,2017-06-23,2017-06-23 10:38:45
10:38:48,10:38:48,7.6,--,42,31920,卖盘,2017-06-23,2017-06-23 10:38:48
10:38:51,10:38:51,7.6,--,129,98040,卖盘,2017-06-23,2017-06-23 10:38:51
10:38:54,10:38:54,7.6,--,37,28120,卖盘,2017-06-23,2017-06-23 10:38:54
10:38:57,10:38:57,7.6,--,109,82840,卖盘,2017-06-23,2017-06-23 10:38:57
10:39:00,10:39:00,7.6,--,602,457520,卖盘,2017-06-23,2017-06-23 10:39:00
10:39:03,10:39:03,7.6,--,106,80560,卖盘,2017-06-23,2017-06-23 10:39:03
10:39:06,10:39:06,7.6,--,116,88160,卖盘,2017-06-23,2017-06-23 10:39:06
10:39:09,10:39:09,7.6,--,583,443080,卖盘,2017-06-23,2017-06-23 10:39:09
10:39:12,10:39:12,7.6,--,110,83600,卖盘,2017-06-23,2017-06-23 10:39:12
10:39:15,10:39:15,7.6,--,271,205960,卖盘,2017-06-23,2017-06-23 10:39:15
10:39:18,10:39:18,7.6,--,70,53200,卖盘,2017-06-23,2017-06-23 10:39:18
10:39:21,10:39:21,7.6,--,188,142880,卖盘,2017-06-23,2017-06-23 10:39:21
10:39:24,10:39:24,7.6,--,129,98040,卖盘,2017-06-23,2017-06-23 10:39:24
10:39:27,10:39:27,7.6,--,784,595840,卖盘,2017-06-23,2017-06-23 10:39:27
10:39:30,10:39:30,7.6,--,418,317680,卖盘,2017-06-23,2017-06-23 10:39:30
10:39:33,10:39:33,7.6,--,77,58520,卖盘,2017-06-23,2017-06-23 10:39:33
10:39:36,10:39:36,7.6,--,139,105640,卖盘,2017-06-23,2017-06-23 10:39:36
10:39:39,10:39:39,7.6,--,152,115520,卖盘,2017-06-23,2017-06-23 10:39:39
10:39:42,10:39:42,7.6,--,34,25840,卖盘,2017-06-23,2017-06-23 10:39:42
10:39:45,10:39:45,7.6,--,187,142120,卖盘,2017-06-23,2017-06-23 10:39:45
10:39:48,10:39:48,7.6,--,12,9120,卖盘,2017-06-23,2017-06-23 10:39:48
10:39:51,10:39:51,7.6,--,21,15960,卖盘,2017-06-23,2017-06-23 10:39:51
10:39:54,10:39:54,7.6,--,160,121600,卖盘,2017-06-23,2017-06-23 10:39:54
10:39:57,10:39:57,7.6,--,13,9880,卖盘,2017-06-23,2017-06-23 10:39:57
10:40:00,10:40:00,7.6,--,1,760,卖盘,2017-06-23,2017-06-23 10:40:00
10:40:03,10:40:03,7.6,--,79,60040,卖盘,2017-06-23,2017-06-23 10:40:03
10:40:06,10:40:06,7.6,--,60,45600,卖盘,2017-06-23,2017-06-23 10:40:06
10:40:09,10:40:09,7.6,--,18,13680,卖盘,2017-06-23,2017-06-23 10:40:09
10:40:12,10:40:12,7.6,--,42,31920,卖盘,2017-06-23,2017-06-23 10:40:12
10:40:15,10:40:15,7.6,--,931,707560,卖盘,2017-06-23,2017-06-23 10:40:15
10:40:18,10:40:18,7.6,--,258,196080,卖盘,2017-06-23,2017-06-23 10:40:18
10:40:21,10:40:21,7.6,--,133,101080,卖盘,2017-06-23,2017-06-23 10:40:21
10:40:24,10:40:24,7.6,--,80,60800,卖盘,2017-06-23,2017-06-23 10:40:24
10:40:27,10:40:27,7.6,--,30,22800,卖盘,2017-06-23,2017-06-23 10:40:27
10:40:30,10:40:30,7.6,--,11,8360,卖盘,2017-06-23,2017-06-23 10:40:30
10:40:36,10:40:36,7.6,--,633,481080,卖盘,2017-06-23,2017-06-23 10:40:36
10:40:39,10:40:39,7.6,--,65,49400,卖盘,2017-06-23,2017-06-23 10:40:39
10:40:42,10:40:42,7.6,--,45,34200,卖盘,2017-06-23,2017-06-23 10:40:42
10:40:45,10:40:45,7.6,--,19,14440,卖盘,2017-06-23,2017-06-23 10:40:45
10:40:48,10:40:48,7.6,--,5,3800,卖盘,2017-06-23,2017-06-23 10:40:48
10:40:51,10:40:51,7.6,--,76,57760,卖盘,2017-06-23,2017-06-23 10:40:51
10:40:54,10:40:54,7.6,--,107,81320,卖盘,2017-06-23,2017-06-23 10:40:54
10:40:57,10:40:57,7.6,--,55,41800,卖盘,2017-06-23,2017-06-23 10:40:57
10:41:00,10:41:00,7.6,--,41,31160,卖盘,2017-06-23,2017-06-23 10:41:00
10:41:03,10:41:03,7.6,--,223,169480,卖盘,2017-06-23,2017-06-23 10:41:03
10:41:06,10:41:06,7.6,--,33,25080,卖盘,2017-06-23,2017-06-23 10:41:06
10:41:09,10:41:09,7.6,--,30,22800,卖盘,2017-06-23,2017-06-23 10:41:09
10:41:12,10:41:12,7.6,--,66,50160,卖盘,2017-06-23,2017-06-23 10:41:12
10:41:15,10:41:15,7.6,--,260,197600,卖盘,2017-06-23,2017-06-23 10:41:15
10:41:18,10:41:18,7.6,--,110,83600,卖盘,2017-06-23,2017-06-23 10:41:18
10:41:21,10:41:21,7.6,--,153,116295,卖盘,2017-06-23,2017-06-23 10:41:21
10:41:24,10:41:24,7.6,--,66,50160,卖盘,2017-06-23,2017-06-23 10:41:24
10:41:27,10:41:27,7.6,--,25,19000,卖盘,2017-06-23,2017-06-23 10:41:27
10:41:30,10:41:30,7.6,--,6,4560,卖盘,2017-06-23,2017-06-23 10:41:30
10:41:33,10:41:33,7.6,--,20,15200,卖盘,2017-06-23,2017-06-23 10:41:33
10:41:36,10:41:36,7.6,--,54,41040,卖盘,2017-06-23,2017-06-23 10:41:36
10:41:39,10:41:39,7.6,--,123,93480,卖盘,2017-06-23,2017-06-23 10:41:39
10:41:42,10:41:42,7.6,--,55,41800,卖盘,2017-06-23,2017-06-23 10:41:42
10:41:45,10:41:45,7.6,--,66,50160,卖盘,2017-06-23,2017-06-23 10:41:45
10:41:48,10:41:48,7.6,--,24,18240,卖盘,2017-06-23,2017-06-23 10:41:48
10:41:51,10:41:51,7.6,--,36,27360,卖盘,2017-06-23,2017-06-23 10:41:51
10:41:54,10:41:54,7.6,--,212,161120,卖盘,2017-06-23,2017-06-23 10:41:54
10:41:57,10:41:57,7.6,--,16,12160,卖盘,2017-06-23,2017-06-23 10:41:57
10:42:00,10:42:00,7.6,--,109,82840,卖盘,2017-06-23,2017-06-23 10:42:00
10:42:06,10:42:06,7.6,--,50,38000,卖盘,2017-06-23,2017-06-23 10:42:06
10:42:09,10:42:09,7.6,--,68,51680,卖盘,2017-06-23,2017-06-23 10:42:09
10:42:12,10:42:12,7.6,--,40,30400,卖盘,2017-06-23,2017-06-23 10:42:12
10:42:15,10:42:15,7.6,--,20,15200,卖盘,2017-06-23,2017-06-23 10:42:15
10:42:18,10:42:18,7.6,--,75,57000,卖盘,2017-06-23,2017-06-23 10:42:18
10:42:21,10:42:21,7.6,--,5,3800,卖盘,2017-06-23,2017-06-23 10:42:21
10:42:24,10:42:24,7.6,--,172,130720,卖盘,2017-06-23,2017-06-23 10:42:24
10:42:27,10:42:27,7.6,--,3,2280,卖盘,2017-06-23,2017-06-23 10:42:27
10:42:30,10:42:30,7.6,--,3,2280,卖盘,2017-06-23,2017-06-23 10:42:30
10:42:33,10:42:33,7.6,--,13,9880,卖盘,2017-06-23,2017-06-23 10:42:33
10:42:36,10:42:36,7.6,--,40,30400,卖盘,2017-06-23,2017-06-23 10:42:36
10:42:39,10:42:39,7.6,--,9,6840,卖盘,2017-06-23,2017-06-23 10:42:39
10:42:42,10:42:42,7.6,--,230,174800,卖盘,2017-06-23,2017-06-23 10:42:42
10:42:45,10:42:45,7.6,--,16,12160,卖盘,2017-06-23,2017-06-23 10:42:45
10:42:48,10:42:48,7.6,--,32,24320,卖盘,2017-06-23,2017-06-23 10:42:48
10:42:51,10:42:51,7.6,--,35,26600,卖盘,2017-06-23,2017-06-23 10:42:51
10:42:54,10:42:54,7.6,--,21,15960,卖盘,2017-06-23,2017-06-23 10:42:54
10:42:57,10:42:57,7.6,--,11,8360,卖盘,2017-06-23,2017-06-23 10:42:57
10:43:00,10:43:00,7.6,--,69,52440,卖盘,2017-06-23,2017-06-23 10:43:00
10:43:06,10:43:06,7.6,--,3,2280,卖盘,2017-06-23,2017-06-23 10:43:06
10:43:09,10:43:09,7.6,--,38,28880,卖盘,2017-06-23,2017-06-23 10:43:09
10:43:12,10:43:12,7.6,--,31,23560,卖盘,2017-06-23,2017-06-23 10:43:12
10:43:15,10:43:15,7.6,--,414,314640,卖盘,2017-06-23,2017-06-23 10:43:15
10:43:18,10:43:18,7.6,--,6,4560,卖盘,2017-06-23,2017-06-23 10:43:18
10:43:21,10:43:21,7.6,--,8,6080,卖盘,2017-06-23,2017-06-23 10:43:21
10:43:24,10:43:24,7.6,--,33,25080,卖盘,2017-06-23,2017-06-23 10:43:24
10:43:27,10:43:27,7.6,--,14,10640,卖盘,2017-06-23,2017-06-23 10:43:27
10:43:30,10:43:30,7.6,--,22,16720,卖盘,2017-06-23,2017-06-23 10:43:30
10:43:33,10:43:33,7.6,--,4,3040,卖盘,2017-06-23,2017-06-23 10:43:33
10:43:39,10:43:39,7.6,--,331,251560,卖盘,2017-06-23,2017-06-23 10:43:39
10:43:42,10:43:42,7.6,--,6,4560,卖盘,2017-06-23,2017-06-23 10:43:42
10:43:45,10:43:45,7.6,--,20,15200,卖盘,2017-06-23,2017-06-23 10:43:45
10:43:48,10:43:48,7.6,--,100,76000,卖盘,2017-06-23,2017-06-23 10:43:48
10:43:51,10:43:51,7.6,--,70,53200,卖盘,2017-06-23,2017-06-23 10:43:51
10:44:00,10:44:00,7.6,--,45,34200,卖盘,2017-06-23,2017-06-23 10:44:00
10:44:03,10:44:03,7.6,--,10,7600,卖盘,2017-06-23,2017-06-23 10:44:03
10:44:06,10:44:06,7.6,--,200,152000,卖盘,2017-06-23,2017-06-23 10:44:06
10:44:09,10:44:09,7.6,--,59,44840,卖盘,2017-06-23,2017-06-23 10:44:09
10:44:12,10:44:12,7.6,--,2,1520,卖盘,2017-06-23,2017-06-23 10:44:12
10:44:15,10:44:15,7.6,--,32,24320,卖盘,2017-06-23,2017-06-23 10:44:15
10:44:18,10:44:18,7.6,--,88,66880,卖盘,2017-06-23,2017-06-23 10:44:18
10:44:21,10:44:21,7.6,--,121,91960,卖盘,2017-06-23,2017-06-23 10:44:21
10:44:30,10:44:30,7.6,--,10,7600,卖盘,2017-06-23,2017-06-23 10:44:30
10:44:33,10:44:33,7.6,--,2,1520,卖盘,2017-06-23,2017-06-23 10:44:33
10:44:36,10:44:36,7.6,--,10,7600,卖盘,2017-06-23,2017-06-23 10:44:36
10:44:39,10:44:39,7.6,--,30,22800,卖盘,2017-06-23,2017-06-23 10:44:39
10:44:42,10:44:42,7.6,--,70,53200,卖盘,2017-06-23,2017-06-23 10:44:42
10:44:45,10:44:45,7.6,--,210,159600,卖盘,2017-06-23,2017-06-23 10:44:45
10:44:48,10:44:48,7.6,--,45,34200,卖盘,2017-06-23,2017-06-23 10:44:48
10:44:51,10:44:51,7.6,--,2,1520,卖盘,2017-06-23,2017-06-23 10:44:51
10:44:57,10:44:57,7.6,--,70,53200,卖盘,2017-06-23,2017-06-23 10:44:57
10:45:00,10:45:00,7.6,--,23,17480,卖盘,2017-06-23,2017-06-23 10:45:00
10:45:03,10:45:03,7.6,--,6,4560,卖盘,2017-06-23,2017-06-23 10:45:03
10:45:09,10:45:09,7.6,--,5,3800,卖盘,2017-06-23,2017-06-23 10:45:09
10:45:12,10:45:12,7.6,--,29,22040,卖盘,2017-06-23,2017-06-23 10:45:12
10:45:15,10:45:15,7.6,--,110,83600,卖盘,2017-06-23,2017-06-23 10:45:15
10:45:18,10:45:18,7.6,--,47,35720,卖盘,2017-06-23,2017-06-23 10:45:18
10:45:21,10:45:21,7.6,--,10,7600,卖盘,2017-06-23,2017-06-23 10:45:21
10:45:30,10:45:30,7.6,--,60,45600,卖盘,2017-06-23,2017-06-23 10:45:30
10:45:33,10:45:33,7.6,--,24,18240,卖盘,2017-06-23,2017-06-23 10:45:33
10:45:39,10:45:39,7.6,--,10,7600,卖盘,2017-06-23,2017-06-23 10:45:39
10:45:42,10:45:42,7.6,--,15,11400,卖盘,2017-06-23,2017-06-23 10:45:42
10:45:45,10:45:45,7.6,--,24,18240,卖盘,2017-06-23,2017-06-23 10:45:45
10:45:51,10:45:51,7.6,--,5,3800,卖盘,2017-06-23,2017-06-23 10:45:51
10:45:54,10:45:54,7.6,--,50,38000,卖盘,2017-06-23,2017-06-23 10:45:54
10:46:00,10:46:00,7.6,--,277,210520,卖盘,2017-06-23,2017-06-23 10:46:00
10:46:03,10:46:03,7.6,--,25,19000,卖盘,2017-06-23,2017-06-23 10:46:03
10:46:06,10:46:06,7.6,--,6,4560,卖盘,2017-06-23,2017-06-23 10:46:06
10:46:12,10:46:12,7.6,--,20,15625,卖盘,2017-06-23,2017-06-23 10:46:12
10:46:21,10:46:21,7.6,--,17,12920,卖盘,2017-06-23,2017-06-23 10:46:21
10:46:24,10:46:24,7.6,--,5,3800,卖盘,2017-06-23,2017-06-23 10:46:24
10:46:30,10:46:30,7.6,--,98,74480,卖盘,2017-06-23,2017-06-23 10:46:30
10:46:33,10:46:33,7.6,--,40,30400,卖盘,2017-06-23,2017-06-23 10:46:33
10:46:36,10:46:36,7.6,--,57,43320,卖盘,2017-06-23,2017-06-23 10:46:36
10:46:39,10:46:39,7.6,--,65,49400,卖盘,2017-06-23,2017-06-23 10:46:39
10:46:42,10:46:42,7.6,--,4,3040,卖盘,2017-06-23,2017-06-23 10:46:42
10:46:45,10:46:45,7.6,--,10,7600,卖盘,2017-06-23,2017-06-23 10:46:45
10:46:48,10:46:48,7.6,--,28,21280,卖盘,2017-06-23,2017-06-23 10:46:48
10:46:51,10:46:51,7.6,--,150,114000,卖盘,2017-06-23,2017-06-23 10:46:51
10:46:54,10:46:54,7.6,--,2,1520,卖盘,2017-06-23,2017-06-23 10:46:54
10:46:57,10:46:57,7.6,--,220,167200,卖盘,2017-06-23,2017-06-23 10:46:57
10:47:00,10:47:00,7.6,--,100,76000,卖盘,2017-06-23,2017-06-23 10:47:00
10:47:03,10:47:03,7.6,--,21,15960,卖盘,2017-06-23,2017-06-23 10:47:03
10:47:06,10:47:06,7.6,--,4,3040,卖盘,2017-06-23,2017-06-23 10:47:06
10:47:12,10:47:12,7.6,--,1,760,卖盘,2017-06-23,2017-06-23 10:47:12
10:47:18,10:47:18,7.6,--,100,76000,卖盘,2017-06-23,2017-06-23 10:47:18
10:47:21,10:47:21,7.6,--,91,69160,卖盘,2017-06-23,2017-06-23 10:47:21
10:47:24,10:47:24,7.6,--,2,1520,卖盘,2017-06-23,2017-06-23 10:47:24
10:47:30,10:47:30,7.6,--,10,7600,卖盘,2017-06-23,2017-06-23 10:47:30
10:47:33,10:47:33,7.6,--,30,22800,卖盘,2017-06-23,2017-06-23 10:47:33
10:47:36,10:47:36,7.6,--,26,19760,卖盘,2017-06-23,2017-06-23 10:47:36
10:47:39,10:47:39,7.6,--,225,171000,卖盘,2017-06-23,2017-06-23 10:47:39
10:47:45,10:47:45,7.6,--,72,54720,卖盘,2017-06-23,2017-06-23 10:47:45
10:47:48,10:47:48,7.6,--,374,284240,卖盘,2017-06-23,2017-06-23 10:47:48
10:47:54,10:47:54,7.6,--,38,28880,卖盘,2017-06-23,2017-06-23 10:47:54
10:47:57,10:47:57,7.6,--,21,15960,卖盘,2017-06-23,2017-06-23 10:47:57
10:48:00,10:48:00,7.6,--,10,7600,卖盘,2017-06-23,2017-06-23 10:48:00
10:48:06,10:48:06,7.6,--,32,24320,卖盘,2017-06-23,2017-06-23 10:48:06
10:48:12,10:48:12,7.6,--,220,167200,卖盘,2017-06-23,2017-06-23 10:48:12
10:48:15,10:48:15,7.6,--,7,5320,卖盘,2017-06-23,2017-06-23 10:48:15
10:48:18,10:48:18,7.6,--,15,11400,卖盘,2017-06-23,2017-06-23 10:48:18
10:48:21,10:48:21,7.6,--,6,4560,卖盘,2017-06-23,2017-06-23 10:48:21
10:48:33,10:48:33,7.6,--,5,3800,卖盘,2017-06-23,2017-06-23 10:48:33
10:48:39,10:48:39,7.6,--,20,15200,卖盘,2017-06-23,2017-06-23 10:48:39
10:48:45,10:48:45,7.6,--,20,15200,卖盘,2017-06-23,2017-06-23 10:48:45
10:48:48,10:48:48,7.6,--,268,203680,卖盘,2017-06-23,2017-06-23 10:48:48
10:48:51,10:48:51,7.6,--,17,12920,卖盘,2017-06-23,2017-06-23 10:48:51
10:48:54,10:48:54,7.6,--,3,2280,卖盘,2017-06-23,2017-06-23 10:48:54
10:48:57,10:48:57,7.6,--,43,32680,卖盘,2017-06-23,2017-06-23 10:48:57
10:49:00,10:49:00,7.6,--,5,3800,卖盘,2017-06-23,2017-06-23 10:49:00
10:49:03,10:49:03,7.6,--,4,3040,卖盘,2017-06-23,2017-06-23 10:49:03
10:49:06,10:49:06,7.6,--,7,5320,卖盘,2017-06-23,2017-06-23 10:49:06
10:49:09,10:49:09,7.6,--,16,12160,卖盘,2017-06-23,2017-06-23 10:49:09
10:49:12,10:49:12,7.6,--,29,22040,卖盘,2017-06-23,2017-06-23 10:49:12
10:49:15,10:49:15,7.6,--,2,1520,卖盘,2017-06-23,2017-06-23 10:49:15
10:49:18,10:49:18,7.6,--,200,152000,卖盘,2017-06-23,2017-06-23 10:49:18
10:49:24,10:49:24,7.6,--,23,17480,卖盘,2017-06-23,2017-06-23 10:49:24
10:49:27,10:49:27,7.6,--,150,114000,卖盘,2017-06-23,2017-06-23 10:49:27
10:49:30,10:49:30,7.6,--,100,76000,卖盘,2017-06-23,2017-06-23 10:49:30
10:49:33,10:49:33,7.6,--,10,7600,卖盘,2017-06-23,2017-06-23 10:49:33
10:49:36,10:49:36,7.6,--,172,130720,卖盘,2017-06-23,2017-06-23 10:49:36
10:49:42,10:49:42,7.6,--,100,76000,卖盘,2017-06-23,2017-06-23 10:49:42
10:49:45,10:49:45,7.6,--,6,4560,卖盘,2017-06-23,2017-06-23 10:49:45
10:49:51,10:49:51,7.6,--,20,15200,卖盘,2017-06-23,2017-06-23 10:49:51
10:49:57,10:49:57,7.6,--,2,1520,卖盘,2017-06-23,2017-06-23 10:49:57
10:50:03,10:50:03,7.6,--,70,53200,卖盘,2017-06-23,2017-06-23 10:50:03
10:50:09,10:50:09,7.6,--,14,10640,卖盘,2017-06-23,2017-06-23 10:50:09
10:50:12,10:50:12,7.6,--,2,1520,卖盘,2017-06-23,2017-06-23 10:50:12
10:50:18,10:50:18,7.6,--,46,34960,卖盘,2017-06-23,2017-06-23 10:50:18
10:50:24,10:50:24,7.6,--,60,45600,卖盘,2017-06-23,2017-06-23 10:50:24
10:50:33,10:50:33,7.6,--,24,18240,卖盘,2017-06-23,2017-06-23 10:50:33
10:50:36,10:50:36,7.6,--,13,9880,卖盘,2017-06-23,2017-06-23 10:50:36
10:50:42,10:50:42,7.6,--,10,7600,卖盘,2017-06-23,2017-06-23 10:50:42
10:50:45,10:50:45,7.6,--,45,34200,卖盘,2017-06-23,2017-06-23 10:50:45
10:50:57,10:50:57,7.6,--,40,30400,卖盘,2017-06-23,2017-06-23 10:50:57
10:51:06,10:51:06,7.6,--,78,59280,卖盘,2017-06-23,2017-06-23 10:51:06
10:51:12,10:51:12,7.6,--,1,760,卖盘,2017-06-23,2017-06-23 10:51:12
10:51:15,10:51:15,7.6,--,142,107920,卖盘,2017-06-23,2017-06-23 10:51:15
10:51:18,10:51:18,7.6,--,20,15200,卖盘,2017-06-23,2017-06-23 10:51:18
10:51:24,10:51:24,7.6,--,14,10640,卖盘,2017-06-23,2017-06-23 10:51:24
10:51:27,10:51:27,7.6,--,140,106400,卖盘,2017-06-23,2017-06-23 10:51:27
10:51:30,10:51:30,7.6,--,200,152000,卖盘,2017-06-23,2017-06-23 10:51:30
10:51:39,10:51:39,7.6,--,20,15200,卖盘,2017-06-23,2017-06-23 10:51:39
10:51:48,10:51:48,7.6,--,100,76000,卖盘,2017-06-23,2017-06-23 10:51:48
10:51:54,10:51:54,7.6,--,12,9120,卖盘,2017-06-23,2017-06-23 10:51:54
10:51:57,10:51:57,7.6,--,11,8360,卖盘,2017-06-23,2017-06-23 10:51:57
10:52:03,10:52:03,7.6,--,17,12920,卖盘,2017-06-23,2017-06-23 10:52:03
10:52:09,10:52:09,7.6,--,30,22800,卖盘,2017-06-23,2017-06-23 10:52:09
10:52:12,10:52:12,7.6,--,11,8360,卖盘,2017-06-23,2017-06-23 10:52:12
10:52:15,10:52:15,7.6,--,10,7600,卖盘,2017-06-23,2017-06-23 10:52:15
10:52:21,10:52:21,7.6,--,20,15200,卖盘,2017-06-23,2017-06-23 10:52:21
10:52:24,10:52:24,7.6,--,36,27360,卖盘,2017-06-23,2017-06-23 10:52:24
10:52:27,10:52:27,7.6,--,15,11400,卖盘,2017-06-23,2017-06-23 10:52:27
10:52:33,10:52:33,7.6,--,20,15200,卖盘,2017-06-23,2017-06-23 10:52:33
10:52:39,10:52:39,7.6,--,21,15960,卖盘,2017-06-23,2017-06-23 10:52:39
10:52:51,10:52:51,7.6,--,98,74480,卖盘,2017-06-23,2017-06-23 10:52:51
10:53:00,10:53:00,7.6,--,26,19760,卖盘,2017-06-23,2017-06-23 10:53:00
10:53:09,10:53:09,7.6,--,42,31920,卖盘,2017-06-23,2017-06-23 10:53:09
10:53:12,10:53:12,7.6,--,10,7600,卖盘,2017-06-23,2017-06-23 10:53:12
10:53:21,10:53:21,7.6,--,60,45600,卖盘,2017-06-23,2017-06-23 10:53:21
10:53:24,10:53:24,7.6,--,10,7600,卖盘,2017-06-23,2017-06-23 10:53:24
10:53:27,10:53:27,7.6,--,7,5320,卖盘,2017-06-23,2017-06-23 10:53:27
10:53:36,10:53:36,7.6,--,5,3800,卖盘,2017-06-23,2017-06-23 10:53:36
10:53:48,10:53:48,7.6,--,26,19760,卖盘,2017-06-23,2017-06-23 10:53:48
10:53:51,10:53:51,7.6,--,2,1520,卖盘,2017-06-23,2017-06-23 10:53:51
10:53:57,10:53:57,7.6,--,64,48640,卖盘,2017-06-23,2017-06-23 10:53:57
10:54:00,10:54:00,7.6,--,8,6080,卖盘,2017-06-23,2017-06-23 10:54:00
10:54:09,10:54:09,7.6,--,80,60800,卖盘,2017-06-23,2017-06-23 10:54:09
10:54:12,10:54:12,7.6,--,10,7600,卖盘,2017-06-23,2017-06-23 10:54:12
10:54:15,10:54:15,7.6,--,68,51680,卖盘,2017-06-23,2017-06-23 10:54:15
10:54:18,10:54:18,7.6,--,4,3040,卖盘,2017-06-23,2017-06-23 10:54:18
10:54:27,10:54:27,7.6,--,10,7600,卖盘,2017-06-23,2017-06-23 10:54:27
10:54:33,10:54:33,7.6,--,10,7600,卖盘,2017-06-23,2017-06-23 10:54:33
10:54:39,10:54:39,7.6,--,57,43320,卖盘,2017-06-23,2017-06-23 10:54:39
10:54:42,10:54:42,7.6,--,5,3800,卖盘,2017-06-23,2017-06-23 10:54:42
10:54:45,10:54:45,7.6,--,16,12160,卖盘,2017-06-23,2017-06-23 10:54:45
10:54:57,10:54:57,7.6,--,51,38760,卖盘,2017-06-23,2017-06-23 10:54:57
10:55:03,10:55:03,7.6,--,15,11400,卖盘,2017-06-23,2017-06-23 10:55:03
10:55:09,10:55:09,7.6,--,50,38000,卖盘,2017-06-23,2017-06-23 10:55:09
10:55:12,10:55:12,7.6,--,7,5320,卖盘,2017-06-23,2017-06-23 10:55:12
10:55:15,10:55:15,7.6,--,30,22800,卖盘,2017-06-23,2017-06-23 10:55:15
10:55:27,10:55:27,7.6,--,2,1520,卖盘,2017-06-23,2017-06-23 10:55:27
10:55:33,10:55:33,7.6,--,10,7600,卖盘,2017-06-23,2017-06-23 10:55:33
10:55:39,10:55:39,7.6,--,65,49400,卖盘,2017-06-23,2017-06-23 10:55:39
10:55:48,10:55:48,7.6,--,11,8360,卖盘,2017-06-23,2017-06-23 10:55:48
10:55:54,10:55:54,7.6,--,70,53200,卖盘,2017-06-23,2017-06-23 10:55:54
10:56:00,10:56:00,7.6,--,67,50920,卖盘,2017-06-23,2017-06-23 10:56:00
10:56:03,10:56:03,7.6,--,1,760,卖盘,2017-06-23,2017-06-23 10:56:03
10:56:21,10:56:21,7.6,--,2,1520,卖盘,2017-06-23,2017-06-23 10:56:21
10:56:30,10:56:30,7.6,--,12,9120,卖盘,2017-06-23,2017-06-23 10:56:30
10:56:36,10:56:36,7.6,--,10,7600,卖盘,2017-06-23,2017-06-23 10:56:36
10:56:39,10:56:39,7.6,--,10,7600,卖盘,2017-06-23,2017-06-23 10:56:39
10:56:45,10:56:45,7.6,--,10,7600,卖盘,2017-06-23,2017-06-23 10:56:45
10:56:51,10:56:51,7.6,--,10,7600,卖盘,2017-06-23,2017-06-23 10:56:51
10:57:00,10:57:00,7.6,--,18,13680,卖盘,2017-06-23,2017-06-23 10:57:00
10:57:12,10:57:12,7.6,--,6,4560,卖盘,2017-06-23,2017-06-23 10:57:12
10:57:24,10:57:24,7.6,--,25,19000,卖盘,2017-06-23,2017-06-23 10:57:24
10:57:27,10:57:27,7.6,--,9,6840,卖盘,2017-06-23,2017-06-23 10:57:27
10:57:48,10:57:48,7.6,--,55,41800,卖盘,2017-06-23,2017-06-23 10:57:48
10:57:54,10:57:54,7.6,--,2,1520,卖盘,2017-06-23,2017-06-23 10:57:54
10:58:03,10:58:03,7.6,--,2,1520,卖盘,2017-06-23,2017-06-23 10:58:03
10:58:06,10:58:06,7.6,--,27,20520,卖盘,2017-06-23,2017-06-23 10:58:06
10:58:09,10:58:09,7.6,--,6,4560,卖盘,2017-06-23,2017-06-23 10:58:09
10:58:15,10:58:15,7.6,--,12,9120,卖盘,2017-06-23,2017-06-23 10:58:15
10:58:18,10:58:18,7.6,--,13,9880,卖盘,2017-06-23,2017-06-23 10:58:18
10:58:24,10:58:24,7.6,--,20,15200,卖盘,2017-06-23,2017-06-23 10:58:24
10:58:30,10:58:30,7.6,--,10,7600,卖盘,2017-06-23,2017-06-23 10:58:30
10:58:39,10:58:39,7.6,--,10,7600,卖盘,2017-06-23,2017-06-23 10:58:39
10:58:54,10:58:54,7.6,--,5,3800,卖盘,2017-06-23,2017-06-23 10:58:54
10:59:06,10:59:06,7.6,--,24,18240,卖盘,2017-06-23,2017-06-23 10:59:06
10:59:09,10:59:09,7.6,--,20,15200,卖盘,2017-06-23,2017-06-23 10:59:09
10:59:15,10:59:15,7.6,--,35,26600,卖盘,2017-06-23,2017-06-23 10:59:15
10:59:18,10:59:18,7.6,--,25,19000,卖盘,2017-06-23,2017-06-23 10:59:18
10:59:30,10:59:30,7.6,--,8,6080,卖盘,2017-06-23,2017-06-23 10:59:30
10:59:33,10:59:33,7.6,--,3,2280,卖盘,2017-06-23,2017-06-23 10:59:33
10:59:36,10:59:36,7.6,--,300,228000,卖盘,2017-06-23,2017-06-23 10:59:36
10:59:48,10:59:48,7.6,--,90,68400,卖盘,2017-06-23,2017-06-23 10:59:48
11:00:00,11:00:00,7.6,--,20,15200,卖盘,2017-06-23,2017-06-23 11:00:00
11:00:03,11:00:03,7.6,--,600,456000,卖盘,2017-06-23,2017-06-23 11:00:03
11:00:09,11:00:09,7.6,--,35,26600,卖盘,2017-06-23,2017-06-23 11:00:09
11:00:18,11:00:18,7.6,--,20,15200,卖盘,2017-06-23,2017-06-23 11:00:18
11:00:21,11:00:21,7.6,--,1,760,卖盘,2017-06-23,2017-06-23 11:00:21
11:00:36,11:00:36,7.6,--,16,12160,卖盘,2017-06-23,2017-06-23 11:00:36
11:00:39,11:00:39,7.6,--,16,12160,卖盘,2017-06-23,2017-06-23 11:00:39
11:00:45,11:00:45,7.6,--,22,16720,卖盘,2017-06-23,2017-06-23 11:00:45
11:00:57,11:00:57,7.6,--,22,16720,卖盘,2017-06-23,2017-06-23 11:00:57
11:01:03,11:01:03,7.6,--,31,23560,卖盘,2017-06-23,2017-06-23 11:01:03
11:01:06,11:01:06,7.6,--,20,15200,卖盘,2017-06-23,2017-06-23 11:01:06
11:01:24,11:01:24,7.6,--,10,7600,卖盘,2017-06-23,2017-06-23 11:01:24
11:01:27,11:01:27,7.6,--,12,9120,卖盘,2017-06-23,2017-06-23 11:01:27
11:01:30,11:01:30,7.6,--,20,15200,卖盘,2017-06-23,2017-06-23 11:01:30
11:01:36,11:01:36,7.6,--,17,12920,卖盘,2017-06-23,2017-06-23 11:01:36
11:02:00,11:02:00,7.6,--,5,3800,卖盘,2017-06-23,2017-06-23 11:02:00
11:02:03,11:02:03,7.6,--,20,15200,卖盘,2017-06-23,2017-06-23 11:02:03
11:02:06,11:02:06,7.6,--,3,2280,卖盘,2017-06-23,2017-06-23 11:02:06
11:02:12,11:02:12,7.6,--,40,30400,卖盘,2017-06-23,2017-06-23 11:02:12
11:02:18,11:02:18,7.6,--,20,15200,卖盘,2017-06-23,2017-06-23 11:02:18
11:02:21,11:02:21,7.6,--,25,19000,卖盘,2017-06-23,2017-06-23 11:02:21
11:02:30,11:02:30,7.6,--,10,7600,卖盘,2017-06-23,2017-06-23 11:02:30
11:02:33,11:02:33,7.6,--,34,25840,卖盘,2017-06-23,2017-06-23 11:02:33
11:02:39,11:02:39,7.6,--,58,44080,卖盘,2017-06-23,2017-06-23 11:02:39
11:02:48,11:02:48,7.6,--,5,3800,卖盘,2017-06-23,2017-06-23 11:02:48
11:02:54,11:02:54,7.6,--,1,760,卖盘,2017-06-23,2017-06-23 11:02:54
11:03:03,11:03:03,7.6,--,109,82840,卖盘,2017-06-23,2017-06-23 11:03:03
11:03:06,11:03:06,7.6,--,50,38000,卖盘,2017-06-23,2017-06-23 11:03:06
11:03:12,11:03:12,7.6,--,9,6840,卖盘,2017-06-23,2017-06-23 11:03:12
11:03:15,11:03:15,7.6,--,130,98800,卖盘,2017-06-23,2017-06-23 11:03:15
11:03:18,11:03:18,7.6,--,70,53200,卖盘,2017-06-23,2017-06-23 11:03:18
11:03:33,11:03:33,7.6,--,13,9880,卖盘,2017-06-23,2017-06-23 11:03:33
11:03:45,11:03:45,7.6,--,20,15200,卖盘,2017-06-23,2017-06-23 11:03:45
11:03:48,11:03:48,7.6,--,200,152000,卖盘,2017-06-23,2017-06-23 11:03:48
11:03:54,11:03:54,7.6,--,300,228000,卖盘,2017-06-23,2017-06-23 11:03:54
11:04:06,11:04:06,7.6,--,40,30400,卖盘,2017-06-23,2017-06-23 11:04:06
11:04:12,11:04:12,7.6,--,50,38000,卖盘,2017-06-23,2017-06-23 11:04:12
11:04:18,11:04:18,7.6,--,5,3800,卖盘,2017-06-23,2017-06-23 11:04:18
11:04:21,11:04:21,7.6,--,10,7600,卖盘,2017-06-23,2017-06-23 11:04:21
11:04:24,11:04:24,7.6,--,10,7600,卖盘,2017-06-23,2017-06-23 11:04:24
11:04:30,11:04:30,7.6,--,23,17480,卖盘,2017-06-23,2017-06-23 11:04:30
11:04:33,11:04:33,7.6,--,35,26600,卖盘,2017-06-23,2017-06-23 11:04:33
11:04:36,11:04:36,7.6,--,351,266760,卖盘,2017-06-23,2017-06-23 11:04:36
11:04:54,11:04:54,7.6,--,20,15200,卖盘,2017-06-23,2017-06-23 11:04:54
11:05:06,11:05:06,7.6,--,66,50160,卖盘,2017-06-23,2017-06-23 11:05:06
11:05:12,11:05:12,7.6,--,17,12920,卖盘,2017-06-23,2017-06-23 11:05:12
11:05:18,11:05:18,7.6,--,27,20520,卖盘,2017-06-23,2017-06-23 11:05:18
11:05:21,11:05:21,7.6,--,2,1520,卖盘,2017-06-23,2017-06-23 11:05:21
11:05:24,11:05:24,7.6,--,20,15200,卖盘,2017-06-23,2017-06-23 11:05:24
11:05:27,11:05:27,7.6,--,20,15200,卖盘,2017-06-23,2017-06-23 11:05:27
11:05:30,11:05:30,7.6,--,50,38000,卖盘,2017-06-23,2017-06-23 11:05:30
11:05:39,11:05:39,7.6,--,236,179360,卖盘,2017-06-23,2017-06-23 11:05:39
11:05:45,11:05:45,7.6,--,142,107920,卖盘,2017-06-23,2017-06-23 11:05:45
11:05:51,11:05:51,7.6,--,40,30400,卖盘,2017-06-23,2017-06-23 11:05:51
11:05:54,11:05:54,7.6,--,40,30400,卖盘,2017-06-23,2017-06-23 11:05:54
11:05:57,11:05:57,7.6,--,15,11400,卖盘,2017-06-23,2017-06-23 11:05:57
11:06:03,11:06:03,7.6,--,6,4560,卖盘,2017-06-23,2017-06-23 11:06:03
11:06:12,11:06:12,7.6,--,15,11400,卖盘,2017-06-23,2017-06-23 11:06:12
11:06:21,11:06:21,7.6,--,10,7600,卖盘,2017-06-23,2017-06-23 11:06:21
11:06:24,11:06:24,7.6,--,5,3800,卖盘,2017-06-23,2017-06-23 11:06:24
11:06:30,11:06:30,7.6,--,2,1520,卖盘,2017-06-23,2017-06-23 11:06:30
11:06:36,11:06:36,7.6,--,2,1520,卖盘,2017-06-23,2017-06-23 11:06:36
11:06:39,11:06:39,7.6,--,1,760,卖盘,2017-06-23,2017-06-23 11:06:39
11:06:42,11:06:42,7.6,--,10,7600,卖盘,2017-06-23,2017-06-23 11:06:42
11:06:51,11:06:51,7.6,--,213,161880,卖盘,2017-06-23,2017-06-23 11:06:51
11:06:57,11:06:57,7.6,--,20,15200,卖盘,2017-06-23,2017-06-23 11:06:57
11:07:00,11:07:00,7.6,--,500,380000,卖盘,2017-06-23,2017-06-23 11:07:00
11:07:06,11:07:06,7.6,--,21,15960,卖盘,2017-06-23,2017-06-23 11:07:06
11:07:24,11:07:24,7.6,--,5,3800,卖盘,2017-06-23,2017-06-23 11:07:24
11:07:27,11:07:27,7.6,--,4,3040,卖盘,2017-06-23,2017-06-23 11:07:27
11:07:33,11:07:33,7.6,--,8,6080,卖盘,2017-06-23,2017-06-23 11:07:33
11:07:36,11:07:36,7.6,--,150,114000,卖盘,2017-06-23,2017-06-23 11:07:36
11:07:39,11:07:39,7.6,--,111,84360,卖盘,2017-06-23,2017-06-23 11:07:39
11:07:51,11:07:51,7.6,--,20,15200,卖盘,2017-06-23,2017-06-23 11:07:51
11:07:57,11:07:57,7.6,--,24,18240,卖盘,2017-06-23,2017-06-23 11:07:57
11:08:03,11:08:03,7.6,--,8,6080,卖盘,2017-06-23,2017-06-23 11:08:03
11:08:06,11:08:06,7.6,--,6,4560,卖盘,2017-06-23,2017-06-23 11:08:06
11:08:12,11:08:12,7.6,--,15,11400,卖盘,2017-06-23,2017-06-23 11:08:12
11:08:15,11:08:15,7.6,--,2,1520,卖盘,2017-06-23,2017-06-23 11:08:15
11:08:21,11:08:21,7.6,--,20,15200,卖盘,2017-06-23,2017-06-23 11:08:21
11:08:24,11:08:24,7.6,--,10,7600,卖盘,2017-06-23,2017-06-23 11:08:24
11:08:27,11:08:27,7.6,--,285,216600,卖盘,2017-06-23,2017-06-23 11:08:27
11:08:30,11:08:30,7.6,--,118,89680,卖盘,2017-06-23,2017-06-23 11:08:30
11:08:33,11:08:33,7.6,--,40,30400,卖盘,2017-06-23,2017-06-23 11:08:33
11:08:36,11:08:36,7.6,--,20,15200,卖盘,2017-06-23,2017-06-23 11:08:36
11:08:39,11:08:39,7.6,--,90,68400,卖盘,2017-06-23,2017-06-23 11:08:39
11:08:42,11:08:42,7.6,--,15,11400,卖盘,2017-06-23,2017-06-23 11:08:42
11:08:45,11:08:45,7.6,--,1147,871720,卖盘,2017-06-23,2017-06-23 11:08:45
11:08:48,11:08:48,7.6,--,2950,2242000,卖盘,2017-06-23,2017-06-23 11:08:48
11:08:51,11:08:51,7.6,--,565,429400,卖盘,2017-06-23,2017-06-23 11:08:51
11:08:54,11:08:54,7.6,--,393,298680,卖盘,2017-06-23,2017-06-23 11:08:54
11:08:57,11:08:57,7.6,--,114,86640,卖盘,2017-06-23,2017-06-23 11:08:57
11:09:00,11:09:00,7.6,--,855,650164,卖盘,2017-06-23,2017-06-23 11:09:00
11:09:03,11:09:03,7.6,--,316,240160,卖盘,2017-06-23,2017-06-23 11:09:03
11:09:06,11:09:06,7.6,--,12,9120,卖盘,2017-06-23,2017-06-23 11:09:06
11:09:09,11:09:09,7.6,--,6,4560,卖盘,2017-06-23,2017-06-23 11:09:09
11:09:12,11:09:12,7.6,--,120,91200,卖盘,2017-06-23,2017-06-23 11:09:12
11:09:15,11:09:15,7.6,--,130,98800,卖盘,2017-06-23,2017-06-23 11:09:15
11:09:18,11:09:18,7.6,--,161,122360,卖盘,2017-06-23,2017-06-23 11:09:18
11:09:21,11:09:21,7.6,--,429,326040,卖盘,2017-06-23,2017-06-23 11:09:21
11:09:24,11:09:24,7.6,--,290,220400,卖盘,2017-06-23,2017-06-23 11:09:24
11:09:27,11:09:27,7.6,--,454,345040,卖盘,2017-06-23,2017-06-23 11:09:27
11:09:30,11:09:30,7.6,--,159,120840,卖盘,2017-06-23,2017-06-23 11:09:30
11:09:33,11:09:33,7.6,--,90,68400,卖盘,2017-06-23,2017-06-23 11:09:33
11:09:36,11:09:36,7.6,--,199,151240,卖盘,2017-06-23,2017-06-23 11:09:36
11:09:39,11:09:39,7.6,--,26,19760,卖盘,2017-06-23,2017-06-23 11:09:39
11:09:42,11:09:42,7.6,--,30,22800,卖盘,2017-06-23,2017-06-23 11:09:42
11:09:45,11:09:45,7.6,--,5,3800,卖盘,2017-06-23,2017-06-23 11:09:45
11:09:48,11:09:48,7.6,--,2,1520,卖盘,2017-06-23,2017-06-23 11:09:48
11:09:51,11:09:51,7.6,--,510,387600,卖盘,2017-06-23,2017-06-23 11:09:51
11:09:54,11:09:54,7.6,--,47,35720,卖盘,2017-06-23,2017-06-23 11:09:54
11:09:57,11:09:57,7.6,--,536,407360,卖盘,2017-06-23,2017-06-23 11:09:57
11:10:00,11:10:00,7.6,--,110,83600,卖盘,2017-06-23,2017-06-23 11:10:00
11:10:03,11:10:03,7.6,--,109,82840,卖盘,2017-06-23,2017-06-23 11:10:03
11:10:06,11:10:06,7.6,--,65,49400,卖盘,2017-06-23,2017-06-23 11:10:06
11:10:09,11:10:09,7.6,--,11,8360,卖盘,2017-06-23,2017-06-23 11:10:09
11:10:12,11:10:12,7.6,--,42,31920,卖盘,2017-06-23,2017-06-23 11:10:12
11:10:15,11:10:15,7.6,--,60,45600,卖盘,2017-06-23,2017-06-23 11:10:15
11:10:18,11:10:18,7.6,--,5,3800,卖盘,2017-06-23,2017-06-23 11:10:18
11:10:21,11:10:21,7.6,--,352,267520,卖盘,2017-06-23,2017-06-23 11:10:21
11:10:24,11:10:24,7.6,--,90,68400,卖盘,2017-06-23,2017-06-23 11:10:24
11:10:27,11:10:27,7.6,--,460,349600,卖盘,2017-06-23,2017-06-23 11:10:27
11:10:30,11:10:30,7.6,--,91,69160,卖盘,2017-06-23,2017-06-23 11:10:30
11:10:33,11:10:33,7.6,--,28,21280,卖盘,2017-06-23,2017-06-23 11:10:33
11:10:36,11:10:36,7.6,--,150,114000,卖盘,2017-06-23,2017-06-23 11:10:36
11:10:39,11:10:39,7.6,--,30,22800,卖盘,2017-06-23,2017-06-23 11:10:39
11:10:42,11:10:42,7.6,--,1061,806360,卖盘,2017-06-23,2017-06-23 11:10:42
11:10:45,11:10:45,7.6,--,127,96520,卖盘,2017-06-23,2017-06-23 11:10:45
11:10:48,11:10:48,7.6,--,560,425600,卖盘,2017-06-23,2017-06-23 11:10:48
11:10:51,11:10:51,7.6,--,37,28120,卖盘,2017-06-23,2017-06-23 11:10:51
11:10:54,11:10:54,7.6,--,21,15960,卖盘,2017-06-23,2017-06-23 11:10:54
11:10:57,11:10:57,7.6,--,121,91960,卖盘,2017-06-23,2017-06-23 11:10:57
11:11:00,11:11:00,7.6,--,29,22040,卖盘,2017-06-23,2017-06-23 11:11:00
11:11:03,11:11:03,7.6,--,173,131480,卖盘,2017-06-23,2017-06-23 11:11:03
11:11:06,11:11:06,7.6,--,85,64600,卖盘,2017-06-23,2017-06-23 11:11:06
11:11:09,11:11:09,7.6,--,1,760,卖盘,2017-06-23,2017-06-23 11:11:09
11:11:12,11:11:12,7.6,--,72,54720,卖盘,2017-06-23,2017-06-23 11:11:12
11:11:15,11:11:15,7.6,--,26,19760,卖盘,2017-06-23,2017-06-23 11:11:15
11:11:18,11:11:18,7.6,--,170,129200,卖盘,2017-06-23,2017-06-23 11:11:18
11:11:21,11:11:21,7.6,--,28,21280,卖盘,2017-06-23,2017-06-23 11:11:21
11:11:24,11:11:24,7.6,--,100,76000,卖盘,2017-06-23,2017-06-23 11:11:24
11:11:27,11:11:27,7.6,--,60,45600,卖盘,2017-06-23,2017-06-23 11:11:27
11:11:30,11:11:30,7.6,--,7,5320,卖盘,2017-06-23,2017-06-23 11:11:30
11:11:33,11:11:33,7.6,--,113,85880,卖盘,2017-06-23,2017-06-23 11:11:33
11:11:36,11:11:36,7.6,--,10,7600,卖盘,2017-06-23,2017-06-23 11:11:36
11:11:39,11:11:39,7.6,--,111,84360,卖盘,2017-06-23,2017-06-23 11:11:39
11:11:42,11:11:42,7.6,--,580,440800,卖盘,2017-06-23,2017-06-23 11:11:42
11:11:45,11:11:45,7.6,--,60,45600,卖盘,2017-06-23,2017-06-23 11:11:45
11:11:48,11:11:48,7.6,--,317,240920,卖盘,2017-06-23,2017-06-23 11:11:48
11:11:54,11:11:54,7.6,--,154,117040,卖盘,2017-06-23,2017-06-23 11:11:54
11:11:57,11:11:57,7.6,--,47,35720,卖盘,2017-06-23,2017-06-23 11:11:57
11:12:00,11:12:00,7.6,--,23,17480,卖盘,2017-06-23,2017-06-23 11:12:00
11:12:03,11:12:03,7.6,--,46,34960,卖盘,2017-06-23,2017-06-23 11:12:03
11:12:06,11:12:06,7.6,--,200,152000,卖盘,2017-06-23,2017-06-23 11:12:06
11:12:09,11:12:09,7.6,--,19,14440,卖盘,2017-06-23,2017-06-23 11:12:09
11:12:12,11:12:12,7.6,--,9,6840,卖盘,2017-06-23,2017-06-23 11:12:12
11:12:15,11:12:15,7.6,--,35,26600,卖盘,2017-06-23,2017-06-23 11:12:15
11:12:18,11:12:18,7.6,--,156,118560,卖盘,2017-06-23,2017-06-23 11:12:18
11:12:21,11:12:21,7.6,--,26,19760,卖盘,2017-06-23,2017-06-23 11:12:21
11:12:24,11:12:24,7.6,--,19,14440,卖盘,2017-06-23,2017-06-23 11:12:24
11:12:27,11:12:27,7.6,--,5,3800,卖盘,2017-06-23,2017-06-23 11:12:27
11:12:30,11:12:30,7.6,--,324,246240,卖盘,2017-06-23,2017-06-23 11:12:30
11:12:36,11:12:36,7.6,--,25,19000,卖盘,2017-06-23,2017-06-23 11:12:36
11:12:39,11:12:39,7.6,--,27,20520,卖盘,2017-06-23,2017-06-23 11:12:39
11:12:42,11:12:42,7.6,--,254,193040,卖盘,2017-06-23,2017-06-23 11:12:42
11:12:45,11:12:45,7.6,--,82,62320,卖盘,2017-06-23,2017-06-23 11:12:45
11:12:48,11:12:48,7.6,--,80,60800,卖盘,2017-06-23,2017-06-23 11:12:48
11:12:51,11:12:51,7.6,--,3,2280,卖盘,2017-06-23,2017-06-23 11:12:51
11:12:54,11:12:54,7.6,--,30,22800,卖盘,2017-06-23,2017-06-23 11:12:54
11:12:57,11:12:57,7.6,--,10,7600,卖盘,2017-06-23,2017-06-23 11:12:57
11:13:00,11:13:00,7.6,--,90,68400,卖盘,2017-06-23,2017-06-23 11:13:00
11:13:03,11:13:03,7.6,--,360,273600,卖盘,2017-06-23,2017-06-23 11:13:03
11:13:06,11:13:06,7.6,--,180,136800,卖盘,2017-06-23,2017-06-23 11:13:06
11:13:09,11:13:09,7.6,--,50,38000,卖盘,2017-06-23,2017-06-23 11:13:09
11:13:12,11:13:12,7.6,--,68,51680,卖盘,2017-06-23,2017-06-23 11:13:12
11:13:15,11:13:15,7.6,--,120,91200,卖盘,2017-06-23,2017-06-23 11:13:15
