idx_time,time,price,change,volume,amount,type,date,date_time
09:25:03,09:25:03,9.01,9.01,69662,62765462,买盘,2017-06-27,2017-06-27 09:25:03
09:30:03,09:30:03,9.04,0.03,14039,12691979,买盘,2017-06-27,2017-06-27 09:30:03
09:30:06,09:30:06,9.08,0.04,48453,43995968,买盘,2017-06-27,2017-06-27 09:30:06
09:30:09,09:30:09,9.03,-0.05,7050,6366150,卖盘,2017-06-27,2017-06-27 09:30:09
09:30:12,09:30:12,9.01,-0.02,5694,5130294,卖盘,2017-06-27,2017-06-27 09:30:12
09:30:15,09:30:15,9.03,0.02,2652,2394756,卖盘,2017-06-27,2017-06-27 09:30:15
09:30:18,09:30:18,9.05,0.02,1354,1225370,中性盘,2017-06-27,2017-06-27 09:30:18
09:30:21,09:30:21,9.05,--,2110,1909550,买盘,2017-06-27,2017-06-27 09:30:21
09:30:24,09:30:24,9.05,--,2628,2378340,买盘,2017-06-27,2017-06-27 09:30:24
09:30:27,09:30:27,9.03,-0.02,3737,3374510,卖盘,2017-06-27,2017-06-27 09:30:27
09:30:30,09:30:30,9.03,--,2556,2308068,买盘,2017-06-27,2017-06-27 09:30:30
09:30:33,09:30:33,9.0,-0.03,2398,2158200,卖盘,2017-06-27,2017-06-27 09:30:33
09:30:36,09:30:36,8.98,-0.02,2254,2024092,卖盘,2017-06-27,2017-06-27 09:30:36
09:30:39,09:30:39,8.96,-0.02,2013,1803648,卖盘,2017-06-27,2017-06-27 09:30:39
09:30:42,09:30:42,8.92,-0.04,1799,1604708,卖盘,2017-06-27,2017-06-27 09:30:42
09:30:45,09:30:45,8.91,-0.01,3496,3114936,卖盘,2017-06-27,2017-06-27 09:30:45
09:30:48,09:30:48,8.93,0.02,2086,1862798,买盘,2017-06-27,2017-06-27 09:30:48
09:30:51,09:30:51,8.9,-0.03,2584,2299760,卖盘,2017-06-27,2017-06-27 09:30:51
09:30:54,09:30:54,8.92,0.02,2524,2251408,买盘,2017-06-27,2017-06-27 09:30:54
09:30:57,09:30:57,8.9,-0.02,2609,2322010,卖盘,2017-06-27,2017-06-27 09:30:57
09:31:00,09:31:00,8.91,0.01,3384,3015144,买盘,2017-06-27,2017-06-27 09:31:00
09:31:03,09:31:03,8.92,0.01,2709,2416428,买盘,2017-06-27,2017-06-27 09:31:03
09:31:06,09:31:06,8.94,0.02,4540,4058760,买盘,2017-06-27,2017-06-27 09:31:06
09:31:09,09:31:09,8.92,-0.02,3706,3305752,卖盘,2017-06-27,2017-06-27 09:31:09
09:31:12,09:31:12,8.94,0.02,2050,1832950,买盘,2017-06-27,2017-06-27 09:31:12
09:31:15,09:31:15,8.94,--,1808,1616352,卖盘,2017-06-27,2017-06-27 09:31:15
09:31:18,09:31:18,8.97,0.03,1550,1390350,买盘,2017-06-27,2017-06-27 09:31:18
09:31:21,09:31:21,8.96,-0.01,2381,2133376,中性盘,2017-06-27,2017-06-27 09:31:21
09:31:24,09:31:24,8.94,-0.02,3271,2924274,卖盘,2017-06-27,2017-06-27 09:31:24
09:31:27,09:31:27,9.0,0.06,9412,8470800,买盘,2017-06-27,2017-06-27 09:31:27
09:31:30,09:31:30,8.94,-0.06,979,875226,卖盘,2017-06-27,2017-06-27 09:31:30
09:31:33,09:31:33,8.95,0.01,1101,985394,买盘,2017-06-27,2017-06-27 09:31:33
09:31:36,09:31:36,8.99,0.04,1920,1726080,买盘,2017-06-27,2017-06-27 09:31:36
09:31:39,09:31:39,8.97,-0.02,3460,3103620,卖盘,2017-06-27,2017-06-27 09:31:39
09:31:42,09:31:42,8.98,0.01,1312,1178176,中性盘,2017-06-27,2017-06-27 09:31:42
09:31:45,09:31:45,9.0,0.02,3111,2799900,买盘,2017-06-27,2017-06-27 09:31:45
09:31:48,09:31:48,8.96,-0.04,1300,1164800,卖盘,2017-06-27,2017-06-27 09:31:48
09:31:51,09:31:51,8.95,-0.01,1610,1440950,卖盘,2017-06-27,2017-06-27 09:31:51
09:31:54,09:31:54,8.92,-0.03,991,883972,卖盘,2017-06-27,2017-06-27 09:31:54
09:31:57,09:31:57,8.91,-0.01,1424,1268784,卖盘,2017-06-27,2017-06-27 09:31:57
09:32:00,09:32:00,8.92,0.01,1701,1517630,中性盘,2017-06-27,2017-06-27 09:32:00
09:32:03,09:32:03,8.88,-0.04,2565,2278021,卖盘,2017-06-27,2017-06-27 09:32:03
09:32:06,09:32:06,8.89,0.01,2376,2112264,买盘,2017-06-27,2017-06-27 09:32:06
09:32:09,09:32:09,8.85,-0.04,9002,7966770,卖盘,2017-06-27,2017-06-27 09:32:09
09:32:12,09:32:12,8.84,-0.01,3312,2927808,卖盘,2017-06-27,2017-06-27 09:32:12
09:32:15,09:32:15,8.83,-0.01,1255,1108165,中性盘,2017-06-27,2017-06-27 09:32:15
09:32:18,09:32:18,8.81,-0.02,3664,3227984,卖盘,2017-06-27,2017-06-27 09:32:18
09:32:21,09:32:21,8.81,--,3625,3193625,卖盘,2017-06-27,2017-06-27 09:32:21
09:32:24,09:32:24,8.81,--,3618,3187458,卖盘,2017-06-27,2017-06-27 09:32:24
09:32:27,09:32:27,8.77,-0.04,6014,5274278,卖盘,2017-06-27,2017-06-27 09:32:27
09:32:30,09:32:30,8.79,0.02,1417,1245542,买盘,2017-06-27,2017-06-27 09:32:30
09:32:33,09:32:33,8.8,0.01,1569,1380720,买盘,2017-06-27,2017-06-27 09:32:33
09:32:36,09:32:36,8.76,-0.04,1323,1158948,卖盘,2017-06-27,2017-06-27 09:32:36
09:32:39,09:32:39,8.76,--,1371,1200996,买盘,2017-06-27,2017-06-27 09:32:39
09:32:42,09:32:42,8.75,-0.01,2633,2303875,卖盘,2017-06-27,2017-06-27 09:32:42
09:32:45,09:32:45,8.75,--,1971,1724625,买盘,2017-06-27,2017-06-27 09:32:45
09:32:48,09:32:48,8.74,-0.01,1096,957904,中性盘,2017-06-27,2017-06-27 09:32:48
09:32:51,09:32:51,8.73,-0.01,1861,1624653,卖盘,2017-06-27,2017-06-27 09:32:51
09:32:54,09:32:54,8.75,0.02,5212,4560500,买盘,2017-06-27,2017-06-27 09:32:54
09:32:57,09:32:57,8.8,0.05,1462,1286560,买盘,2017-06-27,2017-06-27 09:32:57
09:33:00,09:33:00,8.74,-0.06,2048,1789952,卖盘,2017-06-27,2017-06-27 09:33:00
09:33:03,09:33:03,8.8,0.06,1678,1476640,买盘,2017-06-27,2017-06-27 09:33:03
09:33:06,09:33:06,8.77,-0.03,2182,1913614,卖盘,2017-06-27,2017-06-27 09:33:06
09:33:09,09:33:09,8.8,0.03,1126,990880,卖盘,2017-06-27,2017-06-27 09:33:09
09:33:12,09:33:12,8.8,--,1165,1025657,中性盘,2017-06-27,2017-06-27 09:33:12
09:33:15,09:33:15,8.82,0.02,657,579474,买盘,2017-06-27,2017-06-27 09:33:15
09:33:18,09:33:18,8.82,--,575,507150,卖盘,2017-06-27,2017-06-27 09:33:18
09:33:21,09:33:21,8.83,0.01,540,476820,中性盘,2017-06-27,2017-06-27 09:33:21
09:33:24,09:33:24,8.85,0.02,917,811545,中性盘,2017-06-27,2017-06-27 09:33:24
09:33:27,09:33:27,8.89,0.04,587,521843,中性盘,2017-06-27,2017-06-27 09:33:27
09:33:30,09:33:30,8.87,-0.02,1564,1387267,卖盘,2017-06-27,2017-06-27 09:33:30
09:33:33,09:33:33,8.91,0.04,768,684288,中性盘,2017-06-27,2017-06-27 09:33:33
09:33:36,09:33:36,8.89,-0.02,2161,1921129,卖盘,2017-06-27,2017-06-27 09:33:36
09:33:39,09:33:39,8.89,--,2011,1787779,买盘,2017-06-27,2017-06-27 09:33:39
09:33:42,09:33:42,8.88,-0.01,1664,1477632,买盘,2017-06-27,2017-06-27 09:33:42
09:33:45,09:33:45,8.87,-0.01,775,687424,中性盘,2017-06-27,2017-06-27 09:33:45
09:33:48,09:33:48,8.85,-0.02,2325,2057625,中性盘,2017-06-27,2017-06-27 09:33:48
09:33:51,09:33:51,8.83,-0.02,1314,1160262,中性盘,2017-06-27,2017-06-27 09:33:51
09:33:54,09:33:54,8.86,0.03,470,416420,买盘,2017-06-27,2017-06-27 09:33:54
09:33:57,09:33:57,8.85,-0.01,570,504450,卖盘,2017-06-27,2017-06-27 09:33:57
09:34:00,09:34:00,8.85,--,661,584985,买盘,2017-06-27,2017-06-27 09:34:00
09:34:03,09:34:03,8.82,-0.03,1057,932274,卖盘,2017-06-27,2017-06-27 09:34:03
09:34:06,09:34:06,8.82,--,1511,1332702,卖盘,2017-06-27,2017-06-27 09:34:06
09:34:09,09:34:09,8.83,0.01,1901,1678583,买盘,2017-06-27,2017-06-27 09:34:09
09:34:12,09:34:12,8.8,-0.03,5118,4503840,卖盘,2017-06-27,2017-06-27 09:34:12
09:34:15,09:34:15,8.8,--,1790,1575200,买盘,2017-06-27,2017-06-27 09:34:15
09:34:18,09:34:18,8.77,-0.03,1072,940564,卖盘,2017-06-27,2017-06-27 09:34:18
09:34:21,09:34:21,8.78,0.01,1208,1060624,买盘,2017-06-27,2017-06-27 09:34:21
09:34:24,09:34:24,8.78,--,455,399490,买盘,2017-06-27,2017-06-27 09:34:24
09:34:27,09:34:27,8.76,-0.02,1339,1172964,卖盘,2017-06-27,2017-06-27 09:34:27
09:34:30,09:34:30,8.77,0.01,2925,2565225,中性盘,2017-06-27,2017-06-27 09:34:30
09:34:33,09:34:33,8.77,--,4233,3712341,买盘,2017-06-27,2017-06-27 09:34:33
09:34:36,09:34:36,8.77,--,2390,2096030,买盘,2017-06-27,2017-06-27 09:34:36
09:34:39,09:34:39,8.76,-0.01,1147,1004772,卖盘,2017-06-27,2017-06-27 09:34:39
09:34:42,09:34:42,8.75,-0.01,899,786625,卖盘,2017-06-27,2017-06-27 09:34:42
09:34:45,09:34:45,8.75,--,2107,1843625,卖盘,2017-06-27,2017-06-27 09:34:45
09:34:48,09:34:48,8.75,--,1457,1274875,卖盘,2017-06-27,2017-06-27 09:34:48
09:34:51,09:34:51,8.76,0.01,798,699048,中性盘,2017-06-27,2017-06-27 09:34:51
09:34:54,09:34:54,8.75,-0.01,1907,1668625,卖盘,2017-06-27,2017-06-27 09:34:54
09:34:57,09:34:57,8.76,0.01,965,845340,买盘,2017-06-27,2017-06-27 09:34:57
09:35:00,09:35:00,8.76,--,1189,1041564,卖盘,2017-06-27,2017-06-27 09:35:00
09:35:03,09:35:03,8.78,0.02,976,856927,买盘,2017-06-27,2017-06-27 09:35:03
09:35:06,09:35:06,8.79,0.01,462,406097,买盘,2017-06-27,2017-06-27 09:35:06
09:35:09,09:35:09,8.77,-0.02,945,828765,卖盘,2017-06-27,2017-06-27 09:35:09
09:35:12,09:35:12,8.78,0.01,1616,1418848,中性盘,2017-06-27,2017-06-27 09:35:12
09:35:15,09:35:15,8.79,0.01,1764,1550555,中性盘,2017-06-27,2017-06-27 09:35:15
09:35:18,09:35:18,8.78,-0.01,440,386320,卖盘,2017-06-27,2017-06-27 09:35:18
09:35:21,09:35:21,8.81,0.03,2483,2187523,买盘,2017-06-27,2017-06-27 09:35:21
09:35:24,09:35:24,8.79,-0.02,1216,1068864,卖盘,2017-06-27,2017-06-27 09:35:24
09:35:27,09:35:27,8.8,0.01,210,184800,卖盘,2017-06-27,2017-06-27 09:35:27
09:35:30,09:35:30,8.83,0.03,418,369094,买盘,2017-06-27,2017-06-27 09:35:30
09:35:33,09:35:33,8.84,0.01,435,384540,买盘,2017-06-27,2017-06-27 09:35:33
09:35:36,09:35:36,8.84,--,188,166192,买盘,2017-06-27,2017-06-27 09:35:36
09:35:39,09:35:39,8.81,-0.03,850,748850,卖盘,2017-06-27,2017-06-27 09:35:39
09:35:42,09:35:42,8.85,0.04,496,438960,中性盘,2017-06-27,2017-06-27 09:35:42
09:35:45,09:35:45,8.85,--,424,375240,卖盘,2017-06-27,2017-06-27 09:35:45
09:35:48,09:35:48,8.88,0.03,605,537240,买盘,2017-06-27,2017-06-27 09:35:48
09:35:51,09:35:51,8.84,-0.04,592,523328,买盘,2017-06-27,2017-06-27 09:35:51
09:35:54,09:35:54,8.85,0.01,540,477900,买盘,2017-06-27,2017-06-27 09:35:54
09:35:57,09:35:57,8.89,0.04,1728,1536192,买盘,2017-06-27,2017-06-27 09:35:57
09:36:00,09:36:00,8.89,--,2658,2362962,卖盘,2017-06-27,2017-06-27 09:36:00
09:36:03,09:36:03,8.85,-0.04,731,646935,卖盘,2017-06-27,2017-06-27 09:36:03
09:36:06,09:36:06,8.85,--,595,526575,卖盘,2017-06-27,2017-06-27 09:36:06
09:36:09,09:36:09,8.85,--,899,795615,卖盘,2017-06-27,2017-06-27 09:36:09
09:36:12,09:36:12,8.85,--,596,527460,卖盘,2017-06-27,2017-06-27 09:36:12
09:36:15,09:36:15,8.85,--,1057,935445,买盘,2017-06-27,2017-06-27 09:36:15
09:36:18,09:36:18,8.87,0.02,459,407132,买盘,2017-06-27,2017-06-27 09:36:18
09:36:21,09:36:21,8.82,-0.05,868,765576,卖盘,2017-06-27,2017-06-27 09:36:21
09:36:24,09:36:24,8.83,0.01,281,248123,买盘,2017-06-27,2017-06-27 09:36:24
09:36:27,09:36:27,8.81,-0.02,586,516266,卖盘,2017-06-27,2017-06-27 09:36:27
09:36:30,09:36:30,8.81,--,401,353281,卖盘,2017-06-27,2017-06-27 09:36:30
09:36:33,09:36:33,8.82,0.01,517,455994,买盘,2017-06-27,2017-06-27 09:36:33
09:36:36,09:36:36,8.81,-0.01,484,426404,卖盘,2017-06-27,2017-06-27 09:36:36
09:36:39,09:36:39,8.81,--,346,304826,卖盘,2017-06-27,2017-06-27 09:36:39
09:36:42,09:36:42,8.81,--,376,331256,买盘,2017-06-27,2017-06-27 09:36:42
09:36:45,09:36:45,8.81,--,549,483827,买盘,2017-06-27,2017-06-27 09:36:45
09:36:48,09:36:48,8.8,-0.01,1121,987201,卖盘,2017-06-27,2017-06-27 09:36:48
09:36:51,09:36:51,8.79,-0.01,3115,2738243,卖盘,2017-06-27,2017-06-27 09:36:51
09:36:54,09:36:54,8.76,-0.03,1042,912792,卖盘,2017-06-27,2017-06-27 09:36:54
09:36:57,09:36:57,8.8,0.04,380,334400,买盘,2017-06-27,2017-06-27 09:36:57
09:37:00,09:37:00,8.82,0.02,429,378378,买盘,2017-06-27,2017-06-27 09:37:00
09:37:03,09:37:03,8.8,-0.02,233,205040,卖盘,2017-06-27,2017-06-27 09:37:03
09:37:06,09:37:06,8.77,-0.03,351,307827,卖盘,2017-06-27,2017-06-27 09:37:06
09:37:09,09:37:09,8.79,0.02,461,405218,买盘,2017-06-27,2017-06-27 09:37:09
09:37:12,09:37:12,8.8,0.01,210,184800,买盘,2017-06-27,2017-06-27 09:37:12
09:37:15,09:37:15,8.78,-0.02,539,473241,卖盘,2017-06-27,2017-06-27 09:37:15
09:37:18,09:37:18,8.78,--,398,349444,卖盘,2017-06-27,2017-06-27 09:37:18
09:37:21,09:37:21,8.78,--,468,410903,卖盘,2017-06-27,2017-06-27 09:37:21
09:37:24,09:37:24,8.79,0.01,1000,878999,买盘,2017-06-27,2017-06-27 09:37:24
09:37:27,09:37:27,8.82,0.03,498,439236,买盘,2017-06-27,2017-06-27 09:37:27
09:37:30,09:37:30,8.79,-0.03,145,127454,卖盘,2017-06-27,2017-06-27 09:37:30
09:37:33,09:37:33,8.8,0.01,498,438240,卖盘,2017-06-27,2017-06-27 09:37:33
09:37:36,09:37:36,8.8,--,322,283360,卖盘,2017-06-27,2017-06-27 09:37:36
09:37:39,09:37:39,8.8,--,615,541200,卖盘,2017-06-27,2017-06-27 09:37:39
09:37:42,09:37:42,8.8,--,571,502480,卖盘,2017-06-27,2017-06-27 09:37:42
09:37:45,09:37:45,8.8,--,220,193600,卖盘,2017-06-27,2017-06-27 09:37:45
09:37:48,09:37:48,8.8,--,352,310235,卖盘,2017-06-27,2017-06-27 09:37:48
09:37:51,09:37:51,8.81,0.01,262,230822,中性盘,2017-06-27,2017-06-27 09:37:51
09:37:54,09:37:54,8.81,--,479,421999,卖盘,2017-06-27,2017-06-27 09:37:54
09:37:57,09:37:57,8.81,--,400,352400,卖盘,2017-06-27,2017-06-27 09:37:57
09:38:00,09:38:00,8.83,0.02,451,398233,买盘,2017-06-27,2017-06-27 09:38:00
09:38:03,09:38:03,8.82,-0.01,541,477162,卖盘,2017-06-27,2017-06-27 09:38:03
09:38:06,09:38:06,8.83,0.01,521,460043,买盘,2017-06-27,2017-06-27 09:38:06
09:38:09,09:38:09,8.85,0.02,1663,1471755,买盘,2017-06-27,2017-06-27 09:38:09
09:38:12,09:38:12,8.83,-0.02,168,148344,卖盘,2017-06-27,2017-06-27 09:38:12
09:38:15,09:38:15,8.85,0.02,224,198240,买盘,2017-06-27,2017-06-27 09:38:15
09:38:18,09:38:18,8.85,--,398,352230,买盘,2017-06-27,2017-06-27 09:38:18
09:38:21,09:38:21,8.85,--,1002,886770,买盘,2017-06-27,2017-06-27 09:38:21
09:38:24,09:38:24,8.86,0.01,808,715888,买盘,2017-06-27,2017-06-27 09:38:24
09:38:27,09:38:27,8.85,-0.01,398,352230,卖盘,2017-06-27,2017-06-27 09:38:27
09:38:30,09:38:30,8.88,0.03,304,269952,买盘,2017-06-27,2017-06-27 09:38:30
09:38:33,09:38:33,8.86,-0.02,93,82398,卖盘,2017-06-27,2017-06-27 09:38:33
09:38:36,09:38:36,8.87,0.01,52,46123,中性盘,2017-06-27,2017-06-27 09:38:36
09:38:39,09:38:39,8.88,0.01,471,418248,买盘,2017-06-27,2017-06-27 09:38:39
09:38:42,09:38:42,8.87,-0.01,1471,1304777,卖盘,2017-06-27,2017-06-27 09:38:42
09:38:45,09:38:45,8.9,0.03,3936,3503040,买盘,2017-06-27,2017-06-27 09:38:45
09:38:48,09:38:48,8.91,0.01,1795,1599345,中性盘,2017-06-27,2017-06-27 09:38:48
09:38:51,09:38:51,9.0,0.09,208,187200,买盘,2017-06-27,2017-06-27 09:38:51
09:38:54,09:38:54,8.99,-0.01,414,372186,买盘,2017-06-27,2017-06-27 09:38:54
09:38:57,09:38:57,9.0,0.01,1449,1304100,买盘,2017-06-27,2017-06-27 09:38:57
09:39:00,09:39:00,8.99,-0.01,1266,1138134,中性盘,2017-06-27,2017-06-27 09:39:00
09:39:03,09:39:03,8.99,--,1750,1573250,买盘,2017-06-27,2017-06-27 09:39:03
09:39:06,09:39:06,9.0,0.01,861,774900,买盘,2017-06-27,2017-06-27 09:39:06
09:39:09,09:39:09,8.88,-0.12,1414,1255632,卖盘,2017-06-27,2017-06-27 09:39:09
09:39:12,09:39:12,8.99,0.11,1281,1152086,买盘,2017-06-27,2017-06-27 09:39:12
09:39:15,09:39:15,8.95,-0.04,598,535210,卖盘,2017-06-27,2017-06-27 09:39:15
09:39:18,09:39:18,8.95,--,297,265815,买盘,2017-06-27,2017-06-27 09:39:18
09:39:21,09:39:21,8.95,--,318,284610,买盘,2017-06-27,2017-06-27 09:39:21
09:39:24,09:39:24,8.95,--,376,336520,买盘,2017-06-27,2017-06-27 09:39:24
09:39:27,09:39:27,8.94,-0.01,468,418392,中性盘,2017-06-27,2017-06-27 09:39:27
09:39:30,09:39:30,8.91,-0.03,545,486022,卖盘,2017-06-27,2017-06-27 09:39:30
09:39:33,09:39:33,8.92,0.01,223,198916,买盘,2017-06-27,2017-06-27 09:39:33
09:39:36,09:39:36,8.92,--,862,768904,买盘,2017-06-27,2017-06-27 09:39:36
09:39:39,09:39:39,8.9,-0.02,547,487559,中性盘,2017-06-27,2017-06-27 09:39:39
09:39:42,09:39:42,8.9,--,174,154860,买盘,2017-06-27,2017-06-27 09:39:42
09:39:45,09:39:45,8.9,--,1095,974550,买盘,2017-06-27,2017-06-27 09:39:45
09:39:48,09:39:48,8.9,--,118,105020,买盘,2017-06-27,2017-06-27 09:39:48
09:39:51,09:39:51,8.9,--,363,323070,买盘,2017-06-27,2017-06-27 09:39:51
09:39:54,09:39:54,8.85,-0.05,495,438075,卖盘,2017-06-27,2017-06-27 09:39:54
09:39:57,09:39:57,8.88,0.03,140,124320,买盘,2017-06-27,2017-06-27 09:39:57
09:40:00,09:40:00,8.87,-0.01,371,329077,中性盘,2017-06-27,2017-06-27 09:40:00
09:40:03,09:40:03,8.85,-0.02,455,402834,卖盘,2017-06-27,2017-06-27 09:40:03
09:40:06,09:40:06,8.87,0.02,507,449708,买盘,2017-06-27,2017-06-27 09:40:06
09:40:09,09:40:09,8.85,-0.02,1399,1238115,卖盘,2017-06-27,2017-06-27 09:40:09
09:40:12,09:40:12,8.87,0.02,616,547119,买盘,2017-06-27,2017-06-27 09:40:12
09:40:15,09:40:15,8.87,--,74,65638,卖盘,2017-06-27,2017-06-27 09:40:15
09:40:18,09:40:18,8.87,--,130,115309,卖盘,2017-06-27,2017-06-27 09:40:18
09:40:21,09:40:21,8.87,--,2549,2261282,卖盘,2017-06-27,2017-06-27 09:40:21
09:40:24,09:40:24,8.9,0.03,1294,1151660,买盘,2017-06-27,2017-06-27 09:40:24
09:40:27,09:40:27,8.88,-0.02,760,674880,卖盘,2017-06-27,2017-06-27 09:40:27
09:40:30,09:40:30,8.89,0.01,728,647192,中性盘,2017-06-27,2017-06-27 09:40:30
09:40:33,09:40:33,8.89,--,331,294259,卖盘,2017-06-27,2017-06-27 09:40:33
09:40:36,09:40:36,8.89,--,497,441833,卖盘,2017-06-27,2017-06-27 09:40:36
09:40:39,09:40:39,8.89,--,999,888111,卖盘,2017-06-27,2017-06-27 09:40:39
09:40:42,09:40:42,8.9,0.01,252,224280,买盘,2017-06-27,2017-06-27 09:40:42
09:40:45,09:40:45,8.9,--,211,187790,卖盘,2017-06-27,2017-06-27 09:40:45
09:40:48,09:40:48,8.9,--,475,422750,卖盘,2017-06-27,2017-06-27 09:40:48
09:40:51,09:40:51,8.91,0.01,274,244134,中性盘,2017-06-27,2017-06-27 09:40:51
09:40:54,09:40:54,8.91,--,384,342144,买盘,2017-06-27,2017-06-27 09:40:54
09:40:57,09:40:57,8.91,--,456,406296,买盘,2017-06-27,2017-06-27 09:40:57
09:41:00,09:41:00,8.91,--,624,555984,买盘,2017-06-27,2017-06-27 09:41:00
09:41:03,09:41:03,8.91,--,616,548856,买盘,2017-06-27,2017-06-27 09:41:03
09:41:06,09:41:06,8.89,-0.02,271,240919,卖盘,2017-06-27,2017-06-27 09:41:06
09:41:09,09:41:09,8.9,0.01,835,743150,买盘,2017-06-27,2017-06-27 09:41:09
09:41:12,09:41:12,8.9,--,153,136170,买盘,2017-06-27,2017-06-27 09:41:12
09:41:15,09:41:15,8.88,-0.02,391,347208,卖盘,2017-06-27,2017-06-27 09:41:15
09:41:18,09:41:18,8.88,--,351,311688,卖盘,2017-06-27,2017-06-27 09:41:18
09:41:21,09:41:21,8.9,0.02,2705,2407450,买盘,2017-06-27,2017-06-27 09:41:21
09:41:24,09:41:24,8.89,-0.01,375,333375,卖盘,2017-06-27,2017-06-27 09:41:24
09:41:27,09:41:27,8.9,0.01,540,480600,卖盘,2017-06-27,2017-06-27 09:41:27
09:41:30,09:41:30,8.88,-0.02,107,95016,卖盘,2017-06-27,2017-06-27 09:41:30
09:41:33,09:41:33,8.89,0.01,348,309372,买盘,2017-06-27,2017-06-27 09:41:33
09:41:36,09:41:36,8.89,--,76,67564,买盘,2017-06-27,2017-06-27 09:41:36
09:41:39,09:41:39,8.88,-0.01,162,143856,卖盘,2017-06-27,2017-06-27 09:41:39
09:41:42,09:41:42,8.88,--,113,100344,卖盘,2017-06-27,2017-06-27 09:41:42
09:41:45,09:41:45,8.88,--,396,351648,卖盘,2017-06-27,2017-06-27 09:41:45
09:41:48,09:41:48,8.85,-0.03,1600,1416725,卖盘,2017-06-27,2017-06-27 09:41:48
09:41:51,09:41:51,8.88,0.03,1025,910200,买盘,2017-06-27,2017-06-27 09:41:51
09:41:54,09:41:54,8.86,-0.02,422,373892,买盘,2017-06-27,2017-06-27 09:41:54
09:41:57,09:41:57,8.82,-0.04,667,588294,中性盘,2017-06-27,2017-06-27 09:41:57
09:42:00,09:42:00,8.81,-0.01,825,726825,卖盘,2017-06-27,2017-06-27 09:42:00
09:42:03,09:42:03,8.81,--,307,270467,买盘,2017-06-27,2017-06-27 09:42:03
09:42:06,09:42:06,8.81,--,610,537568,买盘,2017-06-27,2017-06-27 09:42:06
09:42:09,09:42:09,8.81,--,1626,1432506,买盘,2017-06-27,2017-06-27 09:42:09
09:42:12,09:42:12,8.84,0.03,288,254592,买盘,2017-06-27,2017-06-27 09:42:12
09:42:15,09:42:15,8.85,0.01,431,381435,买盘,2017-06-27,2017-06-27 09:42:15
09:42:18,09:42:18,8.81,-0.04,562,495122,卖盘,2017-06-27,2017-06-27 09:42:18
09:42:21,09:42:21,8.82,0.01,111,97902,卖盘,2017-06-27,2017-06-27 09:42:21
09:42:24,09:42:24,8.86,0.04,195,172770,买盘,2017-06-27,2017-06-27 09:42:24
09:42:27,09:42:27,8.85,-0.01,469,415065,卖盘,2017-06-27,2017-06-27 09:42:27
09:42:30,09:42:30,8.84,-0.01,222,196248,中性盘,2017-06-27,2017-06-27 09:42:30
09:42:33,09:42:33,8.85,0.01,242,214170,买盘,2017-06-27,2017-06-27 09:42:33
09:42:36,09:42:36,8.85,--,298,263730,买盘,2017-06-27,2017-06-27 09:42:36
09:42:39,09:42:39,8.85,--,148,130980,买盘,2017-06-27,2017-06-27 09:42:39
09:42:42,09:42:42,8.84,-0.01,196,173264,卖盘,2017-06-27,2017-06-27 09:42:42
09:42:45,09:42:45,8.85,0.01,278,246030,买盘,2017-06-27,2017-06-27 09:42:45
09:42:48,09:42:48,8.82,-0.03,658,580356,卖盘,2017-06-27,2017-06-27 09:42:48
09:42:51,09:42:51,8.85,0.03,155,137175,买盘,2017-06-27,2017-06-27 09:42:51
09:42:54,09:42:54,8.85,--,291,257535,买盘,2017-06-27,2017-06-27 09:42:54
09:42:57,09:42:57,8.82,-0.03,464,409248,卖盘,2017-06-27,2017-06-27 09:42:57
09:43:00,09:43:00,8.84,0.02,1316,1163344,买盘,2017-06-27,2017-06-27 09:43:00
09:43:03,09:43:03,8.84,--,318,281112,买盘,2017-06-27,2017-06-27 09:43:03
09:43:06,09:43:06,8.85,0.01,258,228330,买盘,2017-06-27,2017-06-27 09:43:06
09:43:09,09:43:09,8.84,-0.01,232,205538,卖盘,2017-06-27,2017-06-27 09:43:09
09:43:12,09:43:12,8.84,--,75,66300,卖盘,2017-06-27,2017-06-27 09:43:12
09:43:15,09:43:15,8.84,--,168,148512,卖盘,2017-06-27,2017-06-27 09:43:15
09:43:18,09:43:18,8.85,0.01,454,401790,买盘,2017-06-27,2017-06-27 09:43:18
09:43:21,09:43:21,8.84,-0.01,342,302761,卖盘,2017-06-27,2017-06-27 09:43:21
09:43:24,09:43:24,8.83,-0.01,359,316997,卖盘,2017-06-27,2017-06-27 09:43:24
09:43:27,09:43:27,8.84,0.01,195,172380,买盘,2017-06-27,2017-06-27 09:43:27
09:43:30,09:43:30,8.84,--,113,99892,买盘,2017-06-27,2017-06-27 09:43:30
09:43:33,09:43:33,8.84,--,225,198900,买盘,2017-06-27,2017-06-27 09:43:33
09:43:36,09:43:36,8.84,--,360,318240,买盘,2017-06-27,2017-06-27 09:43:36
09:43:39,09:43:39,8.84,--,385,340790,买盘,2017-06-27,2017-06-27 09:43:39
09:43:42,09:43:42,8.84,--,253,223652,卖盘,2017-06-27,2017-06-27 09:43:42
09:43:45,09:43:45,8.84,--,107,94588,卖盘,2017-06-27,2017-06-27 09:43:45
09:43:48,09:43:48,8.84,--,59,52156,卖盘,2017-06-27,2017-06-27 09:43:48
09:43:51,09:43:51,8.85,0.01,543,480555,买盘,2017-06-27,2017-06-27 09:43:51
09:43:54,09:43:54,8.85,--,137,121245,买盘,2017-06-27,2017-06-27 09:43:54
09:43:57,09:43:57,8.84,-0.01,270,238680,卖盘,2017-06-27,2017-06-27 09:43:57
09:44:00,09:44:00,8.84,--,299,264316,买盘,2017-06-27,2017-06-27 09:44:00
09:44:03,09:44:03,8.85,0.01,317,280545,买盘,2017-06-27,2017-06-27 09:44:03
09:44:06,09:44:06,8.84,-0.01,1418,1253512,卖盘,2017-06-27,2017-06-27 09:44:06
09:44:09,09:44:09,8.84,--,2754,2434536,卖盘,2017-06-27,2017-06-27 09:44:09
09:44:12,09:44:12,8.83,-0.01,1005,887415,卖盘,2017-06-27,2017-06-27 09:44:12
09:44:15,09:44:15,8.83,--,100,88300,买盘,2017-06-27,2017-06-27 09:44:15
09:44:18,09:44:18,8.84,0.01,361,319124,买盘,2017-06-27,2017-06-27 09:44:18
09:44:21,09:44:21,8.84,--,134,118456,买盘,2017-06-27,2017-06-27 09:44:21
09:44:24,09:44:24,8.84,--,557,492388,买盘,2017-06-27,2017-06-27 09:44:24
09:44:27,09:44:27,8.8,-0.04,3488,3070117,卖盘,2017-06-27,2017-06-27 09:44:27
09:44:30,09:44:30,8.8,--,1247,1097360,买盘,2017-06-27,2017-06-27 09:44:30
09:44:33,09:44:33,8.8,--,1119,984720,买盘,2017-06-27,2017-06-27 09:44:33
09:44:36,09:44:36,8.78,-0.02,1889,1658541,卖盘,2017-06-27,2017-06-27 09:44:36
09:44:39,09:44:39,8.78,--,382,335396,买盘,2017-06-27,2017-06-27 09:44:39
09:44:42,09:44:42,8.76,-0.02,1179,1032804,卖盘,2017-06-27,2017-06-27 09:44:42
09:44:45,09:44:45,8.76,--,921,806796,卖盘,2017-06-27,2017-06-27 09:44:45
09:44:48,09:44:48,8.76,--,618,541368,买盘,2017-06-27,2017-06-27 09:44:48
09:44:51,09:44:51,8.75,-0.01,798,698250,卖盘,2017-06-27,2017-06-27 09:44:51
09:44:54,09:44:54,8.75,--,679,594842,卖盘,2017-06-27,2017-06-27 09:44:54
09:44:57,09:44:57,8.75,--,478,418250,买盘,2017-06-27,2017-06-27 09:44:57
09:45:00,09:45:00,8.73,-0.02,1695,1479735,卖盘,2017-06-27,2017-06-27 09:45:00
09:45:03,09:45:03,8.74,0.01,329,287546,买盘,2017-06-27,2017-06-27 09:45:03
09:45:06,09:45:06,8.74,--,138,120612,买盘,2017-06-27,2017-06-27 09:45:06
09:45:09,09:45:09,8.72,-0.02,7796,6798112,卖盘,2017-06-27,2017-06-27 09:45:09
09:45:12,09:45:12,8.73,0.01,519,453087,买盘,2017-06-27,2017-06-27 09:45:12
09:45:15,09:45:15,8.7,-0.03,1832,1593839,卖盘,2017-06-27,2017-06-27 09:45:15
09:45:18,09:45:18,8.71,0.01,2889,2516475,中性盘,2017-06-27,2017-06-27 09:45:18
09:45:21,09:45:21,8.7,-0.01,489,425429,卖盘,2017-06-27,2017-06-27 09:45:21
09:45:24,09:45:24,8.7,--,1053,916823,卖盘,2017-06-27,2017-06-27 09:45:24
09:45:27,09:45:27,8.68,-0.02,308,267344,卖盘,2017-06-27,2017-06-27 09:45:27
09:45:30,09:45:30,8.7,0.02,590,513299,买盘,2017-06-27,2017-06-27 09:45:30
09:45:33,09:45:33,8.68,-0.02,385,334180,卖盘,2017-06-27,2017-06-27 09:45:33
09:45:36,09:45:36,8.68,--,3237,2809716,卖盘,2017-06-27,2017-06-27 09:45:36
09:45:39,09:45:39,8.66,-0.02,216,187056,中性盘,2017-06-27,2017-06-27 09:45:39
09:45:42,09:45:42,8.67,0.01,2516,2181372,买盘,2017-06-27,2017-06-27 09:45:42
09:45:45,09:45:45,8.64,-0.03,397,343008,卖盘,2017-06-27,2017-06-27 09:45:45
09:45:48,09:45:48,8.64,--,1708,1475712,买盘,2017-06-27,2017-06-27 09:45:48
09:45:51,09:45:51,8.63,-0.01,857,739591,中性盘,2017-06-27,2017-06-27 09:45:51
09:45:54,09:45:54,8.65,0.02,308,266420,买盘,2017-06-27,2017-06-27 09:45:54
09:45:57,09:45:57,8.63,-0.02,3215,2774545,卖盘,2017-06-27,2017-06-27 09:45:57
09:46:00,09:46:00,8.63,--,553,477239,买盘,2017-06-27,2017-06-27 09:46:00
09:46:03,09:46:03,8.66,0.03,943,816638,买盘,2017-06-27,2017-06-27 09:46:03
09:46:06,09:46:06,8.65,-0.01,1759,1521535,卖盘,2017-06-27,2017-06-27 09:46:06
09:46:09,09:46:09,8.65,--,594,513810,卖盘,2017-06-27,2017-06-27 09:46:09
09:46:12,09:46:12,8.66,0.01,260,225160,买盘,2017-06-27,2017-06-27 09:46:12
09:46:15,09:46:15,8.65,-0.01,1311,1134015,卖盘,2017-06-27,2017-06-27 09:46:15
09:46:18,09:46:18,8.66,0.01,820,710120,买盘,2017-06-27,2017-06-27 09:46:18
09:46:21,09:46:21,8.65,-0.01,974,842510,卖盘,2017-06-27,2017-06-27 09:46:21
09:46:24,09:46:24,8.66,0.01,1011,875526,卖盘,2017-06-27,2017-06-27 09:46:24
09:46:27,09:46:27,8.64,-0.02,1015,877512,卖盘,2017-06-27,2017-06-27 09:46:27
09:46:30,09:46:30,8.68,0.04,554,480872,买盘,2017-06-27,2017-06-27 09:46:30
09:46:33,09:46:33,8.69,0.01,851,739519,买盘,2017-06-27,2017-06-27 09:46:33
09:46:36,09:46:36,8.68,-0.01,445,386260,卖盘,2017-06-27,2017-06-27 09:46:36
09:46:39,09:46:39,8.7,0.02,292,254039,买盘,2017-06-27,2017-06-27 09:46:39
09:46:42,09:46:42,8.7,--,420,365399,买盘,2017-06-27,2017-06-27 09:46:42
09:46:45,09:46:45,8.69,-0.01,432,375408,卖盘,2017-06-27,2017-06-27 09:46:45
09:46:48,09:46:48,8.7,0.01,979,851729,买盘,2017-06-27,2017-06-27 09:46:48
09:46:51,09:46:51,8.71,0.01,228,198588,中性盘,2017-06-27,2017-06-27 09:46:51
09:46:54,09:46:54,8.73,0.02,86,75078,买盘,2017-06-27,2017-06-27 09:46:54
09:46:57,09:46:57,8.7,-0.03,266,231419,卖盘,2017-06-27,2017-06-27 09:46:57
09:47:00,09:47:00,8.74,0.04,173,151202,买盘,2017-06-27,2017-06-27 09:47:00
09:47:03,09:47:03,8.73,-0.01,79,68967,卖盘,2017-06-27,2017-06-27 09:47:03
09:47:06,09:47:06,8.73,--,98,85554,卖盘,2017-06-27,2017-06-27 09:47:06
09:47:09,09:47:09,8.74,0.01,672,587328,买盘,2017-06-27,2017-06-27 09:47:09
09:47:12,09:47:12,8.74,--,454,396796,买盘,2017-06-27,2017-06-27 09:47:12
09:47:15,09:47:15,8.73,-0.01,488,426024,卖盘,2017-06-27,2017-06-27 09:47:15
09:47:18,09:47:18,8.73,--,356,310788,买盘,2017-06-27,2017-06-27 09:47:18
09:47:21,09:47:21,8.72,-0.01,274,238928,中性盘,2017-06-27,2017-06-27 09:47:21
09:47:24,09:47:24,8.72,--,148,129056,买盘,2017-06-27,2017-06-27 09:47:24
09:47:27,09:47:27,8.72,--,1052,917344,买盘,2017-06-27,2017-06-27 09:47:27
09:47:30,09:47:30,8.7,-0.02,424,368879,卖盘,2017-06-27,2017-06-27 09:47:30
09:47:33,09:47:33,8.71,0.01,251,218621,买盘,2017-06-27,2017-06-27 09:47:33
09:47:36,09:47:36,8.7,-0.01,1090,948299,卖盘,2017-06-27,2017-06-27 09:47:36
09:47:39,09:47:39,8.7,--,610,530700,买盘,2017-06-27,2017-06-27 09:47:39
09:47:42,09:47:42,8.69,-0.01,328,285032,卖盘,2017-06-27,2017-06-27 09:47:42
09:47:45,09:47:45,8.7,0.01,233,202709,买盘,2017-06-27,2017-06-27 09:47:45
09:47:48,09:47:48,8.69,-0.01,1486,1291334,卖盘,2017-06-27,2017-06-27 09:47:48
09:47:51,09:47:51,8.67,-0.02,261,226287,卖盘,2017-06-27,2017-06-27 09:47:51
09:47:54,09:47:54,8.66,-0.01,532,460712,卖盘,2017-06-27,2017-06-27 09:47:54
09:47:57,09:47:57,8.68,0.02,253,219604,买盘,2017-06-27,2017-06-27 09:47:57
09:48:00,09:48:00,8.67,-0.01,169,146523,卖盘,2017-06-27,2017-06-27 09:48:00
09:48:03,09:48:03,8.66,-0.01,444,384504,卖盘,2017-06-27,2017-06-27 09:48:03
09:48:06,09:48:06,8.68,0.02,440,381920,中性盘,2017-06-27,2017-06-27 09:48:06
09:48:09,09:48:09,8.68,--,311,269948,买盘,2017-06-27,2017-06-27 09:48:09
09:48:12,09:48:12,8.68,--,515,447020,买盘,2017-06-27,2017-06-27 09:48:12
09:48:15,09:48:15,8.67,-0.01,806,698802,卖盘,2017-06-27,2017-06-27 09:48:15
09:48:18,09:48:18,8.66,-0.01,240,207840,卖盘,2017-06-27,2017-06-27 09:48:18
09:48:21,09:48:21,8.66,--,1026,888516,卖盘,2017-06-27,2017-06-27 09:48:21
09:48:24,09:48:24,8.66,--,849,735234,买盘,2017-06-27,2017-06-27 09:48:24
09:48:27,09:48:27,8.66,--,544,471104,买盘,2017-06-27,2017-06-27 09:48:27
09:48:30,09:48:30,8.66,--,440,381040,卖盘,2017-06-27,2017-06-27 09:48:30
09:48:33,09:48:33,8.67,0.01,905,784635,中性盘,2017-06-27,2017-06-27 09:48:33
09:48:36,09:48:36,8.67,--,427,370209,买盘,2017-06-27,2017-06-27 09:48:36
09:48:39,09:48:39,8.66,-0.01,1145,991570,卖盘,2017-06-27,2017-06-27 09:48:39
09:48:42,09:48:42,8.67,0.01,124,107508,买盘,2017-06-27,2017-06-27 09:48:42
09:48:45,09:48:45,8.68,0.01,193,167524,买盘,2017-06-27,2017-06-27 09:48:45
09:48:48,09:48:48,8.67,-0.01,265,229755,卖盘,2017-06-27,2017-06-27 09:48:48
09:48:51,09:48:51,8.67,--,117,101439,卖盘,2017-06-27,2017-06-27 09:48:51
09:48:54,09:48:54,8.67,--,97,84099,卖盘,2017-06-27,2017-06-27 09:48:54
09:48:57,09:48:57,8.68,0.01,301,261268,买盘,2017-06-27,2017-06-27 09:48:57
09:49:00,09:49:00,8.68,--,301,261268,买盘,2017-06-27,2017-06-27 09:49:00
09:49:03,09:49:03,8.68,--,39,33852,买盘,2017-06-27,2017-06-27 09:49:03
09:49:06,09:49:06,8.68,--,293,254324,卖盘,2017-06-27,2017-06-27 09:49:06
09:49:09,09:49:09,8.69,0.01,192,166848,买盘,2017-06-27,2017-06-27 09:49:09
09:49:12,09:49:12,8.69,--,335,291132,买盘,2017-06-27,2017-06-27 09:49:12
09:49:15,09:49:15,8.7,0.01,64,55679,买盘,2017-06-27,2017-06-27 09:49:15
09:49:18,09:49:18,8.69,-0.01,604,524876,卖盘,2017-06-27,2017-06-27 09:49:18
09:49:21,09:49:21,8.69,--,232,201608,卖盘,2017-06-27,2017-06-27 09:49:21
09:49:24,09:49:24,8.7,0.01,345,300150,买盘,2017-06-27,2017-06-27 09:49:24
09:49:27,09:49:27,8.7,--,763,663810,买盘,2017-06-27,2017-06-27 09:49:27
09:49:30,09:49:30,8.7,--,1074,934379,买盘,2017-06-27,2017-06-27 09:49:30
09:49:33,09:49:33,8.7,--,762,662940,买盘,2017-06-27,2017-06-27 09:49:33
09:49:36,09:49:36,8.7,--,340,295800,买盘,2017-06-27,2017-06-27 09:49:36
09:49:39,09:49:39,8.7,--,1050,914048,买盘,2017-06-27,2017-06-27 09:49:39
09:49:42,09:49:42,8.7,--,362,314940,卖盘,2017-06-27,2017-06-27 09:49:42
09:49:45,09:49:45,8.7,--,97,84390,卖盘,2017-06-27,2017-06-27 09:49:45
09:49:48,09:49:48,8.72,0.02,145,126440,买盘,2017-06-27,2017-06-27 09:49:48
09:49:51,09:49:51,8.71,-0.01,397,345787,卖盘,2017-06-27,2017-06-27 09:49:51
09:49:54,09:49:54,8.72,0.01,5,4360,中性盘,2017-06-27,2017-06-27 09:49:54
09:49:57,09:49:57,8.74,0.02,236,206264,买盘,2017-06-27,2017-06-27 09:49:57
09:50:00,09:50:00,8.73,-0.01,73,63729,卖盘,2017-06-27,2017-06-27 09:50:00
09:50:03,09:50:03,8.73,--,359,313407,卖盘,2017-06-27,2017-06-27 09:50:03
09:50:06,09:50:06,8.75,0.02,361,315875,买盘,2017-06-27,2017-06-27 09:50:06
09:50:09,09:50:09,8.74,-0.01,75,65550,卖盘,2017-06-27,2017-06-27 09:50:09
09:50:12,09:50:12,8.75,0.01,102,89250,买盘,2017-06-27,2017-06-27 09:50:12
09:50:15,09:50:15,8.75,--,279,244125,买盘,2017-06-27,2017-06-27 09:50:15
09:50:18,09:50:18,8.75,--,28,24500,卖盘,2017-06-27,2017-06-27 09:50:18
09:50:21,09:50:21,8.76,0.01,176,154176,中性盘,2017-06-27,2017-06-27 09:50:21
09:50:24,09:50:24,8.76,--,257,225132,卖盘,2017-06-27,2017-06-27 09:50:24
09:50:27,09:50:27,8.76,--,197,172572,买盘,2017-06-27,2017-06-27 09:50:27
09:50:30,09:50:30,8.78,0.02,855,750690,买盘,2017-06-27,2017-06-27 09:50:30
09:50:33,09:50:33,8.76,-0.02,518,453768,卖盘,2017-06-27,2017-06-27 09:50:33
09:50:36,09:50:36,8.77,0.01,162,142074,卖盘,2017-06-27,2017-06-27 09:50:36
09:50:39,09:50:39,8.78,0.01,77,67606,买盘,2017-06-27,2017-06-27 09:50:39
09:50:42,09:50:42,8.78,--,351,308178,买盘,2017-06-27,2017-06-27 09:50:42
09:50:45,09:50:45,8.78,--,109,95702,卖盘,2017-06-27,2017-06-27 09:50:45
09:50:48,09:50:48,8.76,-0.02,969,848844,卖盘,2017-06-27,2017-06-27 09:50:48
09:50:51,09:50:51,8.76,--,239,209364,买盘,2017-06-27,2017-06-27 09:50:51
09:50:54,09:50:54,8.76,--,392,343392,买盘,2017-06-27,2017-06-27 09:50:54
09:50:57,09:50:57,8.76,--,450,394200,买盘,2017-06-27,2017-06-27 09:50:57
09:51:00,09:51:00,8.75,-0.01,964,843500,卖盘,2017-06-27,2017-06-27 09:51:00
09:51:03,09:51:03,8.75,--,346,302750,买盘,2017-06-27,2017-06-27 09:51:03
09:51:06,09:51:06,8.75,--,352,308000,买盘,2017-06-27,2017-06-27 09:51:06
09:51:09,09:51:09,8.75,--,164,143500,买盘,2017-06-27,2017-06-27 09:51:09
09:51:12,09:51:12,8.75,--,174,152250,买盘,2017-06-27,2017-06-27 09:51:12
09:51:15,09:51:15,8.73,-0.02,313,273249,卖盘,2017-06-27,2017-06-27 09:51:15
09:51:18,09:51:18,8.73,--,431,376263,买盘,2017-06-27,2017-06-27 09:51:18
09:51:21,09:51:21,8.71,-0.02,85,74035,卖盘,2017-06-27,2017-06-27 09:51:21
09:51:24,09:51:24,8.72,0.01,186,162192,中性盘,2017-06-27,2017-06-27 09:51:24
09:51:27,09:51:27,8.72,--,210,183120,买盘,2017-06-27,2017-06-27 09:51:27
09:51:30,09:51:30,8.71,-0.01,62,54002,卖盘,2017-06-27,2017-06-27 09:51:30
09:51:33,09:51:33,8.71,--,227,197717,卖盘,2017-06-27,2017-06-27 09:51:33
09:51:36,09:51:36,8.71,--,556,484276,中性盘,2017-06-27,2017-06-27 09:51:36
09:51:39,09:51:39,8.71,--,250,217750,买盘,2017-06-27,2017-06-27 09:51:39
09:51:42,09:51:42,8.7,-0.01,74,64379,卖盘,2017-06-27,2017-06-27 09:51:42
09:51:45,09:51:45,8.7,--,500,434999,卖盘,2017-06-27,2017-06-27 09:51:45
09:51:48,09:51:48,8.71,0.01,304,264784,买盘,2017-06-27,2017-06-27 09:51:48
09:51:51,09:51:51,8.7,-0.01,78,67860,卖盘,2017-06-27,2017-06-27 09:51:51
09:51:54,09:51:54,8.71,0.01,347,302237,买盘,2017-06-27,2017-06-27 09:51:54
09:51:57,09:51:57,8.7,-0.01,621,540270,卖盘,2017-06-27,2017-06-27 09:51:57
09:52:00,09:52:00,8.7,--,98,85260,买盘,2017-06-27,2017-06-27 09:52:00
09:52:03,09:52:03,8.7,--,1195,1039649,买盘,2017-06-27,2017-06-27 09:52:03
09:52:06,09:52:06,8.7,--,106,92219,买盘,2017-06-27,2017-06-27 09:52:06
09:52:09,09:52:09,8.69,-0.01,108,93852,卖盘,2017-06-27,2017-06-27 09:52:09
09:52:12,09:52:12,8.69,--,81,70389,卖盘,2017-06-27,2017-06-27 09:52:12
09:52:15,09:52:15,8.69,--,3,2607,买盘,2017-06-27,2017-06-27 09:52:15
09:52:18,09:52:18,8.69,--,145,126005,买盘,2017-06-27,2017-06-27 09:52:18
09:52:21,09:52:21,8.68,-0.01,198,171864,卖盘,2017-06-27,2017-06-27 09:52:21
09:52:24,09:52:24,8.69,0.01,120,104280,买盘,2017-06-27,2017-06-27 09:52:24
09:52:27,09:52:27,8.68,-0.01,225,195300,卖盘,2017-06-27,2017-06-27 09:52:27
09:52:30,09:52:30,8.68,--,254,220472,卖盘,2017-06-27,2017-06-27 09:52:30
09:52:33,09:52:33,8.68,--,149,130182,卖盘,2017-06-27,2017-06-27 09:52:33
09:52:36,09:52:36,8.67,-0.01,274,237558,卖盘,2017-06-27,2017-06-27 09:52:36
09:52:39,09:52:39,8.67,--,219,189873,卖盘,2017-06-27,2017-06-27 09:52:39
09:52:42,09:52:42,8.68,0.01,632,548576,买盘,2017-06-27,2017-06-27 09:52:42
09:52:45,09:52:45,8.68,--,216,187488,买盘,2017-06-27,2017-06-27 09:52:45
09:52:48,09:52:48,8.67,-0.01,166,143922,卖盘,2017-06-27,2017-06-27 09:52:48
09:52:51,09:52:51,8.67,--,335,290445,卖盘,2017-06-27,2017-06-27 09:52:51
09:52:54,09:52:54,8.67,--,592,513264,卖盘,2017-06-27,2017-06-27 09:52:54
09:52:57,09:52:57,8.67,--,196,169932,卖盘,2017-06-27,2017-06-27 09:52:57
09:53:00,09:53:00,8.67,--,325,281775,买盘,2017-06-27,2017-06-27 09:53:00
09:53:03,09:53:03,8.67,--,82,71094,买盘,2017-06-27,2017-06-27 09:53:03
09:53:06,09:53:06,8.67,--,89,77163,买盘,2017-06-27,2017-06-27 09:53:06
09:53:09,09:53:09,8.66,-0.01,370,320420,卖盘,2017-06-27,2017-06-27 09:53:09
09:53:12,09:53:12,8.67,0.01,364,315588,买盘,2017-06-27,2017-06-27 09:53:12
09:53:15,09:53:15,8.66,-0.01,231,200046,卖盘,2017-06-27,2017-06-27 09:53:15
09:53:18,09:53:18,8.67,0.01,261,226980,买盘,2017-06-27,2017-06-27 09:53:18
09:53:21,09:53:21,8.67,--,104,90168,卖盘,2017-06-27,2017-06-27 09:53:21
09:53:24,09:53:24,8.66,-0.01,401,347266,卖盘,2017-06-27,2017-06-27 09:53:24
09:53:27,09:53:27,8.67,0.01,438,379746,中性盘,2017-06-27,2017-06-27 09:53:27
09:53:30,09:53:30,8.67,--,65,56355,卖盘,2017-06-27,2017-06-27 09:53:30
09:53:33,09:53:33,8.66,-0.01,232,200912,卖盘,2017-06-27,2017-06-27 09:53:33
09:53:36,09:53:36,8.66,--,28,24248,卖盘,2017-06-27,2017-06-27 09:53:36
09:53:39,09:53:39,8.67,0.01,490,424830,买盘,2017-06-27,2017-06-27 09:53:39
09:53:42,09:53:42,8.66,-0.01,196,169736,卖盘,2017-06-27,2017-06-27 09:53:42
09:53:45,09:53:45,8.66,--,102,88332,卖盘,2017-06-27,2017-06-27 09:53:45
09:53:48,09:53:48,8.68,0.02,206,178808,买盘,2017-06-27,2017-06-27 09:53:48
09:53:51,09:53:51,8.67,-0.01,233,202011,卖盘,2017-06-27,2017-06-27 09:53:51
09:53:54,09:53:54,8.66,-0.01,809,700594,卖盘,2017-06-27,2017-06-27 09:53:54
09:53:57,09:53:57,8.68,0.02,20,17360,中性盘,2017-06-27,2017-06-27 09:53:57
09:54:00,09:54:00,8.69,0.01,42,36654,买盘,2017-06-27,2017-06-27 09:54:00
09:54:03,09:54:03,8.68,-0.01,151,131068,卖盘,2017-06-27,2017-06-27 09:54:03
09:54:06,09:54:06,8.69,0.01,61,53009,买盘,2017-06-27,2017-06-27 09:54:06
09:54:09,09:54:09,8.69,--,72,62568,买盘,2017-06-27,2017-06-27 09:54:09
09:54:12,09:54:12,8.68,-0.01,139,120652,卖盘,2017-06-27,2017-06-27 09:54:12
09:54:15,09:54:15,8.67,-0.01,160,138737,卖盘,2017-06-27,2017-06-27 09:54:15
09:54:18,09:54:18,8.68,0.01,1059,919212,中性盘,2017-06-27,2017-06-27 09:54:18
09:54:21,09:54:21,8.69,0.01,43,37367,买盘,2017-06-27,2017-06-27 09:54:21
09:54:24,09:54:24,8.69,--,44,38236,买盘,2017-06-27,2017-06-27 09:54:24
09:54:27,09:54:27,8.69,--,505,438845,买盘,2017-06-27,2017-06-27 09:54:27
09:54:30,09:54:30,8.69,--,226,196394,买盘,2017-06-27,2017-06-27 09:54:30
09:54:33,09:54:33,8.68,-0.01,91,78988,中性盘,2017-06-27,2017-06-27 09:54:33
09:54:36,09:54:36,8.68,--,106,92008,买盘,2017-06-27,2017-06-27 09:54:36
09:54:39,09:54:39,8.67,-0.01,369,319923,卖盘,2017-06-27,2017-06-27 09:54:39
09:54:42,09:54:42,8.68,0.01,79,68572,买盘,2017-06-27,2017-06-27 09:54:42
09:54:45,09:54:45,8.67,-0.01,28,24276,卖盘,2017-06-27,2017-06-27 09:54:45
09:54:48,09:54:48,8.67,--,55,47685,卖盘,2017-06-27,2017-06-27 09:54:48
09:54:51,09:54:51,8.68,0.01,38,32984,买盘,2017-06-27,2017-06-27 09:54:51
09:54:54,09:54:54,8.68,--,380,329840,卖盘,2017-06-27,2017-06-27 09:54:54
09:54:57,09:54:57,8.67,-0.01,243,210681,卖盘,2017-06-27,2017-06-27 09:54:57
09:55:00,09:55:00,8.67,--,173,149991,卖盘,2017-06-27,2017-06-27 09:55:00
09:55:03,09:55:03,8.68,0.01,495,429660,买盘,2017-06-27,2017-06-27 09:55:03
09:55:06,09:55:06,8.67,-0.01,48,41616,卖盘,2017-06-27,2017-06-27 09:55:06
09:55:09,09:55:09,8.68,0.01,100,86800,买盘,2017-06-27,2017-06-27 09:55:09
09:55:12,09:55:12,8.67,-0.01,275,238425,卖盘,2017-06-27,2017-06-27 09:55:12
09:55:15,09:55:15,8.67,--,1281,1110627,中性盘,2017-06-27,2017-06-27 09:55:15
09:55:18,09:55:18,8.67,--,53,45951,中性盘,2017-06-27,2017-06-27 09:55:18
09:55:21,09:55:21,8.68,0.01,133,115444,买盘,2017-06-27,2017-06-27 09:55:21
09:55:24,09:55:24,8.68,--,69,59892,买盘,2017-06-27,2017-06-27 09:55:24
09:55:27,09:55:27,8.68,--,93,80724,买盘,2017-06-27,2017-06-27 09:55:27
09:55:30,09:55:30,8.68,--,57,49476,卖盘,2017-06-27,2017-06-27 09:55:30
09:55:33,09:55:33,8.69,0.01,459,398871,买盘,2017-06-27,2017-06-27 09:55:33
09:55:36,09:55:36,8.69,--,41,35629,买盘,2017-06-27,2017-06-27 09:55:36
09:55:39,09:55:39,8.68,-0.01,97,84196,卖盘,2017-06-27,2017-06-27 09:55:39
09:55:42,09:55:42,8.68,--,85,73780,买盘,2017-06-27,2017-06-27 09:55:42
09:55:45,09:55:45,8.67,-0.01,106,91902,卖盘,2017-06-27,2017-06-27 09:55:45
09:55:48,09:55:48,8.68,0.01,129,111972,买盘,2017-06-27,2017-06-27 09:55:48
09:55:51,09:55:51,8.68,--,267,231756,买盘,2017-06-27,2017-06-27 09:55:51
09:55:54,09:55:54,8.68,--,25,21700,卖盘,2017-06-27,2017-06-27 09:55:54
09:55:57,09:55:57,8.69,0.01,96,83424,买盘,2017-06-27,2017-06-27 09:55:57
09:56:00,09:56:00,8.69,--,342,297198,买盘,2017-06-27,2017-06-27 09:56:00
09:56:03,09:56:03,8.68,-0.01,642,557256,卖盘,2017-06-27,2017-06-27 09:56:03
09:56:06,09:56:06,8.68,--,305,264740,卖盘,2017-06-27,2017-06-27 09:56:06
09:56:09,09:56:09,8.69,0.01,109,94721,卖盘,2017-06-27,2017-06-27 09:56:09
09:56:12,09:56:12,8.68,-0.01,199,172732,卖盘,2017-06-27,2017-06-27 09:56:12
09:56:15,09:56:15,8.7,0.02,32,27839,买盘,2017-06-27,2017-06-27 09:56:15
09:56:18,09:56:18,8.69,-0.01,386,335434,卖盘,2017-06-27,2017-06-27 09:56:18
09:56:21,09:56:21,8.68,-0.01,207,179676,卖盘,2017-06-27,2017-06-27 09:56:21
09:56:24,09:56:24,8.69,0.01,79,68651,卖盘,2017-06-27,2017-06-27 09:56:24
09:56:27,09:56:27,8.7,0.01,59,51329,买盘,2017-06-27,2017-06-27 09:56:27
09:56:30,09:56:30,8.7,--,48,41760,买盘,2017-06-27,2017-06-27 09:56:30
09:56:33,09:56:33,8.69,-0.01,52,45188,卖盘,2017-06-27,2017-06-27 09:56:33
09:56:36,09:56:36,8.7,0.01,46,40020,买盘,2017-06-27,2017-06-27 09:56:36
09:56:39,09:56:39,8.7,--,17,14789,买盘,2017-06-27,2017-06-27 09:56:39
09:56:42,09:56:42,8.69,-0.01,129,112101,卖盘,2017-06-27,2017-06-27 09:56:42
09:56:45,09:56:45,8.7,0.01,51,44370,买盘,2017-06-27,2017-06-27 09:56:45
09:56:48,09:56:48,8.7,--,306,266220,买盘,2017-06-27,2017-06-27 09:56:48
09:56:51,09:56:51,8.7,--,106,92219,买盘,2017-06-27,2017-06-27 09:56:51
09:56:54,09:56:54,8.7,--,297,258389,买盘,2017-06-27,2017-06-27 09:56:54
09:56:57,09:56:57,8.69,-0.01,238,206822,卖盘,2017-06-27,2017-06-27 09:56:57
09:57:00,09:57:00,8.69,--,254,220726,卖盘,2017-06-27,2017-06-27 09:57:00
09:57:03,09:57:03,8.7,0.01,219,190529,买盘,2017-06-27,2017-06-27 09:57:03
09:57:06,09:57:06,8.7,--,2047,1780889,买盘,2017-06-27,2017-06-27 09:57:06
09:57:09,09:57:09,8.7,--,591,514169,卖盘,2017-06-27,2017-06-27 09:57:09
09:57:12,09:57:12,8.71,0.01,39,33969,买盘,2017-06-27,2017-06-27 09:57:12
09:57:15,09:57:15,8.7,-0.01,165,143550,卖盘,2017-06-27,2017-06-27 09:57:15
09:57:18,09:57:18,8.71,0.01,79,68809,买盘,2017-06-27,2017-06-27 09:57:18
09:57:21,09:57:21,8.72,0.01,700,610400,买盘,2017-06-27,2017-06-27 09:57:21
09:57:24,09:57:24,8.72,--,96,83712,买盘,2017-06-27,2017-06-27 09:57:24
09:57:27,09:57:27,8.72,--,69,60168,买盘,2017-06-27,2017-06-27 09:57:27
09:57:30,09:57:30,8.72,--,67,58424,买盘,2017-06-27,2017-06-27 09:57:30
09:57:33,09:57:33,8.72,--,172,149984,买盘,2017-06-27,2017-06-27 09:57:33
09:57:36,09:57:36,8.72,--,101,88072,买盘,2017-06-27,2017-06-27 09:57:36
09:57:39,09:57:39,8.73,0.01,172,150156,买盘,2017-06-27,2017-06-27 09:57:39
09:57:42,09:57:42,8.74,0.01,22,19228,买盘,2017-06-27,2017-06-27 09:57:42
09:57:45,09:57:45,8.72,-0.02,95,82840,卖盘,2017-06-27,2017-06-27 09:57:45
09:57:48,09:57:48,8.74,0.02,88,76912,买盘,2017-06-27,2017-06-27 09:57:48
09:57:51,09:57:51,8.74,--,341,298034,买盘,2017-06-27,2017-06-27 09:57:51
09:57:54,09:57:54,8.73,-0.01,534,466182,卖盘,2017-06-27,2017-06-27 09:57:54
09:57:57,09:57:57,8.74,0.01,116,101384,中性盘,2017-06-27,2017-06-27 09:57:57
09:58:00,09:58:00,8.75,0.01,204,178500,买盘,2017-06-27,2017-06-27 09:58:00
09:58:03,09:58:03,8.75,--,570,498750,买盘,2017-06-27,2017-06-27 09:58:03
09:58:06,09:58:06,8.72,-0.03,953,831016,卖盘,2017-06-27,2017-06-27 09:58:06
09:58:09,09:58:09,8.72,--,107,93304,买盘,2017-06-27,2017-06-27 09:58:09
09:58:12,09:58:12,8.72,--,464,404608,买盘,2017-06-27,2017-06-27 09:58:12
09:58:15,09:58:15,8.72,--,193,168296,买盘,2017-06-27,2017-06-27 09:58:15
09:58:18,09:58:18,8.71,-0.01,317,276107,卖盘,2017-06-27,2017-06-27 09:58:18
09:58:21,09:58:21,8.71,--,92,80132,买盘,2017-06-27,2017-06-27 09:58:21
09:58:24,09:58:24,8.72,0.01,177,154344,买盘,2017-06-27,2017-06-27 09:58:24
09:58:27,09:58:27,8.71,-0.01,506,440726,中性盘,2017-06-27,2017-06-27 09:58:27
09:58:30,09:58:30,8.7,-0.01,549,477629,卖盘,2017-06-27,2017-06-27 09:58:30
09:58:33,09:58:33,8.71,0.01,13,11323,中性盘,2017-06-27,2017-06-27 09:58:33
09:58:36,09:58:36,8.7,-0.01,71,61769,卖盘,2017-06-27,2017-06-27 09:58:36
09:58:39,09:58:39,8.7,--,462,401939,卖盘,2017-06-27,2017-06-27 09:58:39
09:58:42,09:58:42,8.71,0.01,191,166361,买盘,2017-06-27,2017-06-27 09:58:42
09:58:45,09:58:45,8.71,--,147,128037,卖盘,2017-06-27,2017-06-27 09:58:45
09:58:48,09:58:48,8.71,--,328,285688,卖盘,2017-06-27,2017-06-27 09:58:48
09:58:51,09:58:51,8.71,--,32,27872,卖盘,2017-06-27,2017-06-27 09:58:51
09:58:54,09:58:54,8.71,--,45,39195,卖盘,2017-06-27,2017-06-27 09:58:54
09:58:57,09:58:57,8.72,0.01,552,481344,买盘,2017-06-27,2017-06-27 09:58:57
09:59:00,09:59:00,8.7,-0.02,46,40020,卖盘,2017-06-27,2017-06-27 09:59:00
09:59:03,09:59:03,8.7,--,435,378449,卖盘,2017-06-27,2017-06-27 09:59:03
09:59:06,09:59:06,8.7,--,625,544324,买盘,2017-06-27,2017-06-27 09:59:06
09:59:09,09:59:09,8.68,-0.02,53,46004,卖盘,2017-06-27,2017-06-27 09:59:09
09:59:12,09:59:12,8.71,0.03,126,109746,买盘,2017-06-27,2017-06-27 09:59:12
09:59:15,09:59:15,8.71,--,90,78390,买盘,2017-06-27,2017-06-27 09:59:15
09:59:18,09:59:18,8.68,-0.03,324,281232,卖盘,2017-06-27,2017-06-27 09:59:18
09:59:21,09:59:21,8.71,0.03,620,540020,买盘,2017-06-27,2017-06-27 09:59:21
09:59:24,09:59:24,8.71,--,159,138489,卖盘,2017-06-27,2017-06-27 09:59:24
09:59:27,09:59:27,8.7,-0.01,550,478499,卖盘,2017-06-27,2017-06-27 09:59:27
09:59:30,09:59:30,8.71,0.01,38,33098,中性盘,2017-06-27,2017-06-27 09:59:30
09:59:33,09:59:33,8.71,--,169,147199,卖盘,2017-06-27,2017-06-27 09:59:33
09:59:36,09:59:36,8.7,-0.01,115,100049,卖盘,2017-06-27,2017-06-27 09:59:36
09:59:39,09:59:39,8.72,0.02,1098,957456,买盘,2017-06-27,2017-06-27 09:59:39
09:59:42,09:59:42,8.7,-0.02,42,36540,卖盘,2017-06-27,2017-06-27 09:59:42
09:59:45,09:59:45,8.7,--,48,41760,卖盘,2017-06-27,2017-06-27 09:59:45
09:59:48,09:59:48,8.71,0.01,342,297882,买盘,2017-06-27,2017-06-27 09:59:48
09:59:51,09:59:51,8.71,--,90,78390,卖盘,2017-06-27,2017-06-27 09:59:51
09:59:54,09:59:54,8.72,0.01,16,13952,买盘,2017-06-27,2017-06-27 09:59:54
09:59:57,09:59:57,8.71,-0.01,55,47905,卖盘,2017-06-27,2017-06-27 09:59:57
10:00:00,10:00:00,8.71,--,36,31356,卖盘,2017-06-27,2017-06-27 10:00:00
10:00:03,10:00:03,8.71,--,98,85358,卖盘,2017-06-27,2017-06-27 10:00:03
10:00:06,10:00:06,8.71,--,97,84487,卖盘,2017-06-27,2017-06-27 10:00:06
10:00:09,10:00:09,8.71,--,25,21775,卖盘,2017-06-27,2017-06-27 10:00:09
10:00:12,10:00:12,8.72,0.01,23,20056,买盘,2017-06-27,2017-06-27 10:00:12
10:00:15,10:00:15,8.72,--,70,61040,买盘,2017-06-27,2017-06-27 10:00:15
10:00:18,10:00:18,8.72,--,877,764744,买盘,2017-06-27,2017-06-27 10:00:18
10:00:21,10:00:21,8.72,--,112,97664,买盘,2017-06-27,2017-06-27 10:00:21
10:00:24,10:00:24,8.71,-0.01,501,436371,卖盘,2017-06-27,2017-06-27 10:00:24
10:00:27,10:00:27,8.72,0.01,306,267285,买盘,2017-06-27,2017-06-27 10:00:27
10:00:30,10:00:30,8.73,0.01,86,75078,买盘,2017-06-27,2017-06-27 10:00:30
10:00:33,10:00:33,8.73,--,51,44523,买盘,2017-06-27,2017-06-27 10:00:33
10:00:36,10:00:36,8.73,--,296,258408,买盘,2017-06-27,2017-06-27 10:00:36
10:00:39,10:00:39,8.73,--,25,21825,卖盘,2017-06-27,2017-06-27 10:00:39
10:00:42,10:00:42,8.73,--,60,52380,卖盘,2017-06-27,2017-06-27 10:00:42
10:00:45,10:00:45,8.74,0.01,58,50692,买盘,2017-06-27,2017-06-27 10:00:45
10:00:48,10:00:48,8.73,-0.01,146,127458,卖盘,2017-06-27,2017-06-27 10:00:48
10:00:51,10:00:51,8.73,--,69,60237,卖盘,2017-06-27,2017-06-27 10:00:51
10:00:54,10:00:54,8.74,0.01,105,91770,买盘,2017-06-27,2017-06-27 10:00:54
10:00:57,10:00:57,8.75,0.01,40,35000,买盘,2017-06-27,2017-06-27 10:00:57
10:01:00,10:01:00,8.75,--,657,574875,买盘,2017-06-27,2017-06-27 10:01:00
10:01:03,10:01:03,8.75,--,50,43750,买盘,2017-06-27,2017-06-27 10:01:03
10:01:06,10:01:06,8.75,--,174,152250,买盘,2017-06-27,2017-06-27 10:01:06
10:01:09,10:01:09,8.76,0.01,125,109500,买盘,2017-06-27,2017-06-27 10:01:09
10:01:12,10:01:12,8.76,--,46,40296,买盘,2017-06-27,2017-06-27 10:01:12
10:01:15,10:01:15,8.76,--,17,14892,买盘,2017-06-27,2017-06-27 10:01:15
10:01:18,10:01:18,8.76,--,312,273312,买盘,2017-06-27,2017-06-27 10:01:18
10:01:21,10:01:21,8.76,--,81,70956,买盘,2017-06-27,2017-06-27 10:01:21
10:01:24,10:01:24,8.76,--,146,127896,买盘,2017-06-27,2017-06-27 10:01:24
10:01:27,10:01:27,8.76,--,137,120012,买盘,2017-06-27,2017-06-27 10:01:27
10:01:30,10:01:30,8.76,--,374,327624,买盘,2017-06-27,2017-06-27 10:01:30
10:01:33,10:01:33,8.75,-0.01,103,90125,卖盘,2017-06-27,2017-06-27 10:01:33
10:01:36,10:01:36,8.76,0.01,162,141912,买盘,2017-06-27,2017-06-27 10:01:36
10:01:39,10:01:39,8.76,--,633,554508,买盘,2017-06-27,2017-06-27 10:01:39
10:01:42,10:01:42,8.76,--,439,384564,卖盘,2017-06-27,2017-06-27 10:01:42
10:01:45,10:01:45,8.76,--,38,33288,卖盘,2017-06-27,2017-06-27 10:01:45
10:01:48,10:01:48,8.76,--,421,368796,卖盘,2017-06-27,2017-06-27 10:01:48
10:01:51,10:01:51,8.76,--,95,83220,卖盘,2017-06-27,2017-06-27 10:01:51
10:01:54,10:01:54,8.76,--,173,151548,卖盘,2017-06-27,2017-06-27 10:01:54
10:01:57,10:01:57,8.77,0.01,128,112256,买盘,2017-06-27,2017-06-27 10:01:57
10:02:00,10:02:00,8.77,--,23,20171,买盘,2017-06-27,2017-06-27 10:02:00
10:02:03,10:02:03,8.77,--,266,233282,买盘,2017-06-27,2017-06-27 10:02:03
10:02:06,10:02:06,8.77,--,166,145582,买盘,2017-06-27,2017-06-27 10:02:06
10:02:09,10:02:09,8.76,-0.01,262,229512,卖盘,2017-06-27,2017-06-27 10:02:09
10:02:12,10:02:12,8.77,0.01,66,57882,买盘,2017-06-27,2017-06-27 10:02:12
10:02:15,10:02:15,8.76,-0.01,53,46428,卖盘,2017-06-27,2017-06-27 10:02:15
10:02:18,10:02:18,8.76,--,103,90228,买盘,2017-06-27,2017-06-27 10:02:18
10:02:21,10:02:21,8.75,-0.01,372,325500,卖盘,2017-06-27,2017-06-27 10:02:21
10:02:24,10:02:24,8.75,--,399,349125,卖盘,2017-06-27,2017-06-27 10:02:24
10:02:27,10:02:27,8.75,--,64,56000,买盘,2017-06-27,2017-06-27 10:02:27
10:02:30,10:02:30,8.73,-0.02,229,199917,卖盘,2017-06-27,2017-06-27 10:02:30
10:02:33,10:02:33,8.7,-0.03,1198,1042259,卖盘,2017-06-27,2017-06-27 10:02:33
10:02:36,10:02:36,8.74,0.04,85,74290,买盘,2017-06-27,2017-06-27 10:02:36
10:02:39,10:02:39,8.71,-0.03,62,54002,中性盘,2017-06-27,2017-06-27 10:02:39
10:02:42,10:02:42,8.7,-0.01,108,93959,卖盘,2017-06-27,2017-06-27 10:02:42
10:02:45,10:02:45,8.7,--,123,107427,卖盘,2017-06-27,2017-06-27 10:02:45
10:02:48,10:02:48,8.72,0.02,117,102024,买盘,2017-06-27,2017-06-27 10:02:48
10:02:51,10:02:51,8.7,-0.02,47,40890,卖盘,2017-06-27,2017-06-27 10:02:51
10:02:54,10:02:54,8.72,0.02,70,61040,卖盘,2017-06-27,2017-06-27 10:02:54
10:02:57,10:02:57,8.69,-0.03,869,755161,卖盘,2017-06-27,2017-06-27 10:02:57
10:03:00,10:03:00,8.7,0.01,155,134850,卖盘,2017-06-27,2017-06-27 10:03:00
10:03:03,10:03:03,8.7,--,3,2610,买盘,2017-06-27,2017-06-27 10:03:03
10:03:06,10:03:06,8.7,--,30,26099,买盘,2017-06-27,2017-06-27 10:03:06
10:03:09,10:03:09,8.7,--,9,7829,买盘,2017-06-27,2017-06-27 10:03:09
10:03:12,10:03:12,8.71,0.01,347,302237,买盘,2017-06-27,2017-06-27 10:03:12
10:03:15,10:03:15,8.71,--,310,270010,卖盘,2017-06-27,2017-06-27 10:03:15
10:03:18,10:03:18,8.7,-0.01,125,108749,卖盘,2017-06-27,2017-06-27 10:03:18
10:03:21,10:03:21,8.69,-0.01,251,218119,卖盘,2017-06-27,2017-06-27 10:03:21
10:03:24,10:03:24,8.71,0.02,13,11323,中性盘,2017-06-27,2017-06-27 10:03:24
10:03:27,10:03:27,8.71,--,241,209911,买盘,2017-06-27,2017-06-27 10:03:27
10:03:30,10:03:30,8.69,-0.02,103,89507,卖盘,2017-06-27,2017-06-27 10:03:30
10:03:33,10:03:33,8.7,0.01,5,4350,中性盘,2017-06-27,2017-06-27 10:03:33
10:03:36,10:03:36,8.7,--,54,46979,卖盘,2017-06-27,2017-06-27 10:03:36
10:03:39,10:03:39,8.7,--,238,207059,卖盘,2017-06-27,2017-06-27 10:03:39
10:03:42,10:03:42,8.7,--,212,184439,卖盘,2017-06-27,2017-06-27 10:03:42
10:03:45,10:03:45,8.71,0.01,374,325754,买盘,2017-06-27,2017-06-27 10:03:45
10:03:48,10:03:48,8.71,--,1823,1587833,买盘,2017-06-27,2017-06-27 10:03:48
10:03:51,10:03:51,8.72,0.01,144,125568,买盘,2017-06-27,2017-06-27 10:03:51
10:03:54,10:03:54,8.72,--,182,158704,卖盘,2017-06-27,2017-06-27 10:03:54
10:03:57,10:03:57,8.72,--,2,1744,卖盘,2017-06-27,2017-06-27 10:03:57
10:04:00,10:04:00,8.73,0.01,96,83808,买盘,2017-06-27,2017-06-27 10:04:00
10:04:03,10:04:03,8.72,-0.01,134,116848,卖盘,2017-06-27,2017-06-27 10:04:03
10:04:06,10:04:06,8.73,0.01,33,28809,买盘,2017-06-27,2017-06-27 10:04:06
10:04:09,10:04:09,8.72,-0.01,94,81968,卖盘,2017-06-27,2017-06-27 10:04:09
10:04:12,10:04:12,8.73,0.01,143,124839,买盘,2017-06-27,2017-06-27 10:04:12
10:04:15,10:04:15,8.73,--,376,328248,卖盘,2017-06-27,2017-06-27 10:04:15
10:04:18,10:04:18,8.74,0.01,27,23598,买盘,2017-06-27,2017-06-27 10:04:18
10:04:21,10:04:21,8.73,-0.01,114,99522,卖盘,2017-06-27,2017-06-27 10:04:21
10:04:24,10:04:24,8.74,0.01,64,55936,买盘,2017-06-27,2017-06-27 10:04:24
10:04:27,10:04:27,8.74,--,32,27968,买盘,2017-06-27,2017-06-27 10:04:27
10:04:30,10:04:30,8.73,-0.01,241,210393,卖盘,2017-06-27,2017-06-27 10:04:30
10:04:33,10:04:33,8.75,0.02,265,231875,买盘,2017-06-27,2017-06-27 10:04:33
10:04:36,10:04:36,8.75,--,354,310205,买盘,2017-06-27,2017-06-27 10:04:36
10:04:39,10:04:39,8.75,--,6,5250,卖盘,2017-06-27,2017-06-27 10:04:39
10:04:42,10:04:42,8.76,0.01,218,190968,买盘,2017-06-27,2017-06-27 10:04:42
10:04:45,10:04:45,8.75,-0.01,11,9625,卖盘,2017-06-27,2017-06-27 10:04:45
10:04:48,10:04:48,8.76,0.01,97,84972,买盘,2017-06-27,2017-06-27 10:04:48
10:04:51,10:04:51,8.76,--,12,10512,卖盘,2017-06-27,2017-06-27 10:04:51
10:04:54,10:04:54,8.77,0.01,147,128919,买盘,2017-06-27,2017-06-27 10:04:54
10:04:57,10:04:57,8.77,--,31,27187,买盘,2017-06-27,2017-06-27 10:04:57
10:05:00,10:05:00,8.76,-0.01,57,49932,卖盘,2017-06-27,2017-06-27 10:05:00
10:05:03,10:05:03,8.76,--,371,324996,卖盘,2017-06-27,2017-06-27 10:05:03
10:05:06,10:05:06,8.77,0.01,304,266608,买盘,2017-06-27,2017-06-27 10:05:06
10:05:09,10:05:09,8.76,-0.01,294,257544,卖盘,2017-06-27,2017-06-27 10:05:09
10:05:12,10:05:12,8.76,--,1386,1214136,卖盘,2017-06-27,2017-06-27 10:05:12
10:05:15,10:05:15,8.76,--,13,11388,买盘,2017-06-27,2017-06-27 10:05:15
10:05:18,10:05:18,8.75,-0.01,23,20125,卖盘,2017-06-27,2017-06-27 10:05:18
10:05:21,10:05:21,8.77,0.02,170,149090,买盘,2017-06-27,2017-06-27 10:05:21
10:05:24,10:05:24,8.76,-0.01,16,14016,卖盘,2017-06-27,2017-06-27 10:05:24
10:05:27,10:05:27,8.76,--,121,105996,卖盘,2017-06-27,2017-06-27 10:05:27
10:05:30,10:05:30,8.77,0.01,192,168384,买盘,2017-06-27,2017-06-27 10:05:30
10:05:33,10:05:33,8.76,-0.01,88,77088,卖盘,2017-06-27,2017-06-27 10:05:33
10:05:36,10:05:36,8.76,--,39,34164,买盘,2017-06-27,2017-06-27 10:05:36
10:05:39,10:05:39,8.76,--,109,95484,买盘,2017-06-27,2017-06-27 10:05:39
10:05:42,10:05:42,8.74,-0.02,538,470212,卖盘,2017-06-27,2017-06-27 10:05:42
10:05:45,10:05:45,8.75,0.01,163,142625,中性盘,2017-06-27,2017-06-27 10:05:45
10:05:48,10:05:48,8.77,0.02,366,320982,买盘,2017-06-27,2017-06-27 10:05:48
10:05:51,10:05:51,8.75,-0.02,171,149625,卖盘,2017-06-27,2017-06-27 10:05:51
10:05:54,10:05:54,8.73,-0.02,153,133569,卖盘,2017-06-27,2017-06-27 10:05:54
10:05:57,10:05:57,8.75,0.02,50,43750,卖盘,2017-06-27,2017-06-27 10:05:57
10:06:00,10:06:00,8.73,-0.02,61,53253,卖盘,2017-06-27,2017-06-27 10:06:00
10:06:03,10:06:03,8.73,--,10,8730,买盘,2017-06-27,2017-06-27 10:06:03
10:06:06,10:06:06,8.73,--,5,4365,买盘,2017-06-27,2017-06-27 10:06:06
10:06:09,10:06:09,8.75,0.02,79,69125,买盘,2017-06-27,2017-06-27 10:06:09
10:06:12,10:06:12,8.72,-0.03,87,75864,卖盘,2017-06-27,2017-06-27 10:06:12
10:06:15,10:06:15,8.73,0.01,7,6111,卖盘,2017-06-27,2017-06-27 10:06:15
10:06:18,10:06:18,8.75,0.02,31,27125,买盘,2017-06-27,2017-06-27 10:06:18
10:06:21,10:06:21,8.73,-0.02,21,18333,卖盘,2017-06-27,2017-06-27 10:06:21
10:06:24,10:06:24,8.74,0.01,1,874,买盘,2017-06-27,2017-06-27 10:06:24
10:06:27,10:06:27,8.75,0.01,70,61250,买盘,2017-06-27,2017-06-27 10:06:27
10:06:30,10:06:30,8.73,-0.02,38,33174,卖盘,2017-06-27,2017-06-27 10:06:30
10:06:33,10:06:33,8.74,0.01,92,80408,买盘,2017-06-27,2017-06-27 10:06:33
10:06:36,10:06:36,8.74,--,45,39330,买盘,2017-06-27,2017-06-27 10:06:36
10:06:39,10:06:39,8.73,-0.01,74,64602,卖盘,2017-06-27,2017-06-27 10:06:39
10:06:42,10:06:42,8.74,0.01,12,10488,买盘,2017-06-27,2017-06-27 10:06:42
10:06:45,10:06:45,8.74,--,464,405536,买盘,2017-06-27,2017-06-27 10:06:45
10:06:48,10:06:48,8.74,--,97,84778,买盘,2017-06-27,2017-06-27 10:06:48
10:06:51,10:06:51,8.73,-0.01,1257,1097361,卖盘,2017-06-27,2017-06-27 10:06:51
10:06:54,10:06:54,8.73,--,101,88173,买盘,2017-06-27,2017-06-27 10:06:54
10:06:57,10:06:57,8.74,0.01,39,34086,买盘,2017-06-27,2017-06-27 10:06:57
10:07:00,10:07:00,8.73,-0.01,294,256662,买盘,2017-06-27,2017-06-27 10:07:00
10:07:03,10:07:03,8.73,--,5,4365,买盘,2017-06-27,2017-06-27 10:07:03
10:07:06,10:07:06,8.7,-0.03,1991,1732169,卖盘,2017-06-27,2017-06-27 10:07:06
10:07:09,10:07:09,8.7,--,26,22619,买盘,2017-06-27,2017-06-27 10:07:09
10:07:12,10:07:12,8.71,0.01,338,294398,买盘,2017-06-27,2017-06-27 10:07:12
10:07:15,10:07:15,8.71,--,13,11323,买盘,2017-06-27,2017-06-27 10:07:15
10:07:18,10:07:18,8.71,--,21,18291,买盘,2017-06-27,2017-06-27 10:07:18
10:07:21,10:07:21,8.69,-0.02,300,260699,卖盘,2017-06-27,2017-06-27 10:07:21
10:07:24,10:07:24,8.69,--,107,92983,卖盘,2017-06-27,2017-06-27 10:07:24
10:07:27,10:07:27,8.7,0.01,151,131370,买盘,2017-06-27,2017-06-27 10:07:27
10:07:30,10:07:30,8.69,-0.01,410,356290,卖盘,2017-06-27,2017-06-27 10:07:30
10:07:33,10:07:33,8.69,--,67,58223,卖盘,2017-06-27,2017-06-27 10:07:33
10:07:36,10:07:36,8.69,--,44,38236,卖盘,2017-06-27,2017-06-27 10:07:36
10:07:39,10:07:39,8.69,--,37,32152,买盘,2017-06-27,2017-06-27 10:07:39
10:07:42,10:07:42,8.68,-0.01,215,186620,卖盘,2017-06-27,2017-06-27 10:07:42
10:07:45,10:07:45,8.69,0.01,133,115577,买盘,2017-06-27,2017-06-27 10:07:45
10:07:48,10:07:48,8.69,--,74,64305,买盘,2017-06-27,2017-06-27 10:07:48
10:07:51,10:07:51,8.68,-0.01,105,91140,卖盘,2017-06-27,2017-06-27 10:07:51
10:07:54,10:07:54,8.68,--,99,85932,卖盘,2017-06-27,2017-06-27 10:07:54
10:07:57,10:07:57,8.69,0.01,22,19118,买盘,2017-06-27,2017-06-27 10:07:57
10:08:00,10:08:00,8.68,-0.01,807,700476,卖盘,2017-06-27,2017-06-27 10:08:00
10:08:03,10:08:03,8.67,-0.01,624,541008,卖盘,2017-06-27,2017-06-27 10:08:03
10:08:06,10:08:06,8.68,0.01,479,415772,买盘,2017-06-27,2017-06-27 10:08:06
10:08:09,10:08:09,8.69,0.01,101,87769,买盘,2017-06-27,2017-06-27 10:08:09
10:08:12,10:08:12,8.67,-0.02,317,274839,卖盘,2017-06-27,2017-06-27 10:08:12
10:08:15,10:08:15,8.68,0.01,284,246512,买盘,2017-06-27,2017-06-27 10:08:15
10:08:18,10:08:18,8.68,--,306,265608,买盘,2017-06-27,2017-06-27 10:08:18
10:08:21,10:08:21,8.68,--,675,585900,买盘,2017-06-27,2017-06-27 10:08:21
10:08:24,10:08:24,8.67,-0.01,141,122247,卖盘,2017-06-27,2017-06-27 10:08:24
10:08:27,10:08:27,8.68,0.01,378,328104,买盘,2017-06-27,2017-06-27 10:08:27
10:08:30,10:08:30,8.68,--,48,41664,卖盘,2017-06-27,2017-06-27 10:08:30
10:08:33,10:08:33,8.68,--,30,26040,卖盘,2017-06-27,2017-06-27 10:08:33
10:08:36,10:08:36,8.68,--,8,6944,卖盘,2017-06-27,2017-06-27 10:08:36
10:08:39,10:08:39,8.68,--,64,55552,卖盘,2017-06-27,2017-06-27 10:08:39
10:08:42,10:08:42,8.69,0.01,184,159896,买盘,2017-06-27,2017-06-27 10:08:42
10:08:45,10:08:45,8.69,--,67,58223,卖盘,2017-06-27,2017-06-27 10:08:45
10:08:48,10:08:48,8.7,0.01,33,28727,买盘,2017-06-27,2017-06-27 10:08:48
10:08:51,10:08:51,8.7,--,39,33930,买盘,2017-06-27,2017-06-27 10:08:51
10:08:54,10:08:54,8.7,--,88,76560,买盘,2017-06-27,2017-06-27 10:08:54
10:08:57,10:08:57,8.69,-0.01,54,46926,卖盘,2017-06-27,2017-06-27 10:08:57
10:09:00,10:09:00,8.7,0.01,23,20010,买盘,2017-06-27,2017-06-27 10:09:00
10:09:03,10:09:03,8.7,--,117,101789,买盘,2017-06-27,2017-06-27 10:09:03
10:09:06,10:09:06,8.7,--,105,91349,买盘,2017-06-27,2017-06-27 10:09:06
10:09:09,10:09:09,8.69,-0.01,316,274604,卖盘,2017-06-27,2017-06-27 10:09:09
10:09:12,10:09:12,8.7,0.01,67,58289,买盘,2017-06-27,2017-06-27 10:09:12
10:09:15,10:09:15,8.7,--,68,59159,买盘,2017-06-27,2017-06-27 10:09:15
10:09:18,10:09:18,8.7,--,82,71340,买盘,2017-06-27,2017-06-27 10:09:18
10:09:21,10:09:21,8.7,--,76,66120,买盘,2017-06-27,2017-06-27 10:09:21
10:09:24,10:09:24,8.7,--,56,48719,买盘,2017-06-27,2017-06-27 10:09:24
10:09:27,10:09:27,8.7,--,101,87870,买盘,2017-06-27,2017-06-27 10:09:27
10:09:30,10:09:30,8.7,--,247,214889,买盘,2017-06-27,2017-06-27 10:09:30
10:09:33,10:09:33,8.69,-0.01,152,132088,卖盘,2017-06-27,2017-06-27 10:09:33
10:09:42,10:09:42,8.7,0.01,8,6959,卖盘,2017-06-27,2017-06-27 10:09:42
10:09:45,10:09:45,8.7,--,110,95699,卖盘,2017-06-27,2017-06-27 10:09:45
10:09:48,10:09:48,8.7,--,265,230549,卖盘,2017-06-27,2017-06-27 10:09:48
10:09:51,10:09:51,8.71,0.01,19,16549,买盘,2017-06-27,2017-06-27 10:09:51
10:09:54,10:09:54,8.71,--,821,715091,买盘,2017-06-27,2017-06-27 10:09:54
10:09:57,10:09:57,8.71,--,57,49647,买盘,2017-06-27,2017-06-27 10:09:57
10:10:00,10:10:00,8.7,-0.01,94,81780,卖盘,2017-06-27,2017-06-27 10:10:00
10:10:03,10:10:03,8.7,--,85,73950,卖盘,2017-06-27,2017-06-27 10:10:03
10:10:06,10:10:06,8.7,--,117,101789,卖盘,2017-06-27,2017-06-27 10:10:06
10:10:09,10:10:09,8.7,--,95,82650,卖盘,2017-06-27,2017-06-27 10:10:09
10:10:12,10:10:12,8.7,--,39,33930,卖盘,2017-06-27,2017-06-27 10:10:12
10:10:15,10:10:15,8.71,0.01,207,180297,买盘,2017-06-27,2017-06-27 10:10:15
10:10:18,10:10:18,8.7,-0.01,180,156600,卖盘,2017-06-27,2017-06-27 10:10:18
10:10:21,10:10:21,8.71,0.01,268,233428,卖盘,2017-06-27,2017-06-27 10:10:21
10:10:24,10:10:24,8.71,--,10,8710,卖盘,2017-06-27,2017-06-27 10:10:24
10:10:27,10:10:27,8.72,0.01,35,30520,买盘,2017-06-27,2017-06-27 10:10:27
10:10:30,10:10:30,8.7,-0.02,142,123539,卖盘,2017-06-27,2017-06-27 10:10:30
10:10:33,10:10:33,8.71,0.01,28,24388,买盘,2017-06-27,2017-06-27 10:10:33
10:10:36,10:10:36,8.71,--,20,17420,买盘,2017-06-27,2017-06-27 10:10:36
10:10:39,10:10:39,8.71,--,70,60970,买盘,2017-06-27,2017-06-27 10:10:39
10:10:42,10:10:42,8.7,-0.01,265,230549,卖盘,2017-06-27,2017-06-27 10:10:42
10:10:45,10:10:45,8.7,--,81,70470,卖盘,2017-06-27,2017-06-27 10:10:45
10:10:48,10:10:48,8.71,0.01,294,256074,买盘,2017-06-27,2017-06-27 10:10:48
10:10:51,10:10:51,8.7,-0.01,37,32189,卖盘,2017-06-27,2017-06-27 10:10:51
10:10:54,10:10:54,8.7,--,75,65249,买盘,2017-06-27,2017-06-27 10:10:54
10:10:57,10:10:57,8.7,--,42,36540,卖盘,2017-06-27,2017-06-27 10:10:57
10:11:00,10:11:00,8.69,-0.01,57,49533,卖盘,2017-06-27,2017-06-27 10:11:00
10:11:03,10:11:03,8.71,0.02,94,81874,买盘,2017-06-27,2017-06-27 10:11:03
10:11:06,10:11:06,8.7,-0.01,2,1739,中性盘,2017-06-27,2017-06-27 10:11:06
10:11:09,10:11:09,8.7,--,275,239249,买盘,2017-06-27,2017-06-27 10:11:09
10:11:12,10:11:12,8.7,--,37,32189,买盘,2017-06-27,2017-06-27 10:11:12
10:11:15,10:11:15,8.7,--,593,515909,买盘,2017-06-27,2017-06-27 10:11:15
10:11:18,10:11:18,8.7,--,28,24359,买盘,2017-06-27,2017-06-27 10:11:18
10:11:21,10:11:21,8.7,--,700,609000,买盘,2017-06-27,2017-06-27 10:11:21
10:11:24,10:11:24,8.7,--,1,869,卖盘,2017-06-27,2017-06-27 10:11:24
10:11:27,10:11:27,8.7,--,10,8700,卖盘,2017-06-27,2017-06-27 10:11:27
10:11:30,10:11:30,8.71,0.01,112,97552,买盘,2017-06-27,2017-06-27 10:11:30
10:11:33,10:11:33,8.7,-0.01,17,14789,卖盘,2017-06-27,2017-06-27 10:11:33
10:11:36,10:11:36,8.7,--,134,116579,卖盘,2017-06-27,2017-06-27 10:11:36
10:11:39,10:11:39,8.71,0.01,49,42679,买盘,2017-06-27,2017-06-27 10:11:39
10:11:42,10:11:42,8.7,-0.01,167,145290,卖盘,2017-06-27,2017-06-27 10:11:42
10:11:45,10:11:45,8.7,--,32,27839,买盘,2017-06-27,2017-06-27 10:11:45
10:11:48,10:11:48,8.7,--,363,315810,买盘,2017-06-27,2017-06-27 10:11:48
10:11:51,10:11:51,8.7,--,111,96569,买盘,2017-06-27,2017-06-27 10:11:51
10:11:54,10:11:54,8.7,--,30,26099,买盘,2017-06-27,2017-06-27 10:11:54
10:11:57,10:11:57,8.7,--,201,174870,买盘,2017-06-27,2017-06-27 10:11:57
10:12:00,10:12:00,8.7,--,9,7829,买盘,2017-06-27,2017-06-27 10:12:00
10:12:03,10:12:03,8.7,--,247,214889,买盘,2017-06-27,2017-06-27 10:12:03
10:12:06,10:12:06,8.7,--,106,92219,买盘,2017-06-27,2017-06-27 10:12:06
10:12:09,10:12:09,8.71,0.01,23,20033,买盘,2017-06-27,2017-06-27 10:12:09
10:12:12,10:12:12,8.7,-0.01,233,202709,卖盘,2017-06-27,2017-06-27 10:12:12
10:12:15,10:12:15,8.71,0.01,270,235170,买盘,2017-06-27,2017-06-27 10:12:15
10:12:18,10:12:18,8.71,--,6,5226,买盘,2017-06-27,2017-06-27 10:12:18
10:12:21,10:12:21,8.71,--,65,56615,买盘,2017-06-27,2017-06-27 10:12:21
10:12:24,10:12:24,8.7,-0.01,22,19140,卖盘,2017-06-27,2017-06-27 10:12:24
10:12:27,10:12:27,8.71,0.01,216,188136,买盘,2017-06-27,2017-06-27 10:12:27
10:12:30,10:12:30,8.71,--,37,32227,买盘,2017-06-27,2017-06-27 10:12:30
10:12:33,10:12:33,8.7,-0.01,85,73950,卖盘,2017-06-27,2017-06-27 10:12:33
10:12:36,10:12:36,8.71,0.01,291,253461,买盘,2017-06-27,2017-06-27 10:12:36
10:12:39,10:12:39,8.71,--,46,40066,买盘,2017-06-27,2017-06-27 10:12:39
10:12:42,10:12:42,8.72,0.01,204,177888,买盘,2017-06-27,2017-06-27 10:12:42
10:12:45,10:12:45,8.7,-0.02,627,545490,卖盘,2017-06-27,2017-06-27 10:12:45
10:12:48,10:12:48,8.7,--,19,16530,卖盘,2017-06-27,2017-06-27 10:12:48
10:12:51,10:12:51,8.72,0.02,72,62784,买盘,2017-06-27,2017-06-27 10:12:51
10:12:54,10:12:54,8.73,0.01,20,17460,买盘,2017-06-27,2017-06-27 10:12:54
10:12:57,10:12:57,8.71,-0.02,17,14807,卖盘,2017-06-27,2017-06-27 10:12:57
10:13:00,10:13:00,8.72,0.01,59,51448,买盘,2017-06-27,2017-06-27 10:13:00
10:13:03,10:13:03,8.72,--,57,49704,买盘,2017-06-27,2017-06-27 10:13:03
10:13:09,10:13:09,8.72,--,199,173528,买盘,2017-06-27,2017-06-27 10:13:09
10:13:12,10:13:12,8.72,--,43,37496,买盘,2017-06-27,2017-06-27 10:13:12
10:13:15,10:13:15,8.72,--,24,20928,买盘,2017-06-27,2017-06-27 10:13:15
10:13:18,10:13:18,8.72,--,59,51448,卖盘,2017-06-27,2017-06-27 10:13:18
10:13:21,10:13:21,8.72,--,31,27032,买盘,2017-06-27,2017-06-27 10:13:21
10:13:24,10:13:24,8.74,0.02,93,81282,买盘,2017-06-27,2017-06-27 10:13:24
10:13:27,10:13:27,8.73,-0.01,4,3492,卖盘,2017-06-27,2017-06-27 10:13:27
10:13:30,10:13:30,8.73,--,78,68111,买盘,2017-06-27,2017-06-27 10:13:30
10:13:33,10:13:33,8.74,0.01,247,215878,买盘,2017-06-27,2017-06-27 10:13:33
10:13:36,10:13:36,8.72,-0.02,374,326982,卖盘,2017-06-27,2017-06-27 10:13:36
10:13:39,10:13:39,8.74,0.02,278,242972,买盘,2017-06-27,2017-06-27 10:13:39
10:13:42,10:13:42,8.74,--,15,13110,买盘,2017-06-27,2017-06-27 10:13:42
10:13:45,10:13:45,8.72,-0.02,43,37496,卖盘,2017-06-27,2017-06-27 10:13:45
10:13:48,10:13:48,8.74,0.02,97,84778,买盘,2017-06-27,2017-06-27 10:13:48
10:13:51,10:13:51,8.72,-0.02,519,452568,卖盘,2017-06-27,2017-06-27 10:13:51
10:13:54,10:13:54,8.74,0.02,471,411654,买盘,2017-06-27,2017-06-27 10:13:54
10:13:57,10:13:57,8.73,-0.01,41,35793,中性盘,2017-06-27,2017-06-27 10:13:57
10:14:00,10:14:00,8.72,-0.01,284,247648,卖盘,2017-06-27,2017-06-27 10:14:00
10:14:03,10:14:03,8.72,--,24,20928,买盘,2017-06-27,2017-06-27 10:14:03
10:14:06,10:14:06,8.72,--,47,40984,买盘,2017-06-27,2017-06-27 10:14:06
10:14:09,10:14:09,8.73,0.01,619,540387,买盘,2017-06-27,2017-06-27 10:14:09
10:14:12,10:14:12,8.72,-0.01,545,475240,卖盘,2017-06-27,2017-06-27 10:14:12
10:14:15,10:14:15,8.73,0.01,39,34047,卖盘,2017-06-27,2017-06-27 10:14:15
10:14:21,10:14:21,8.72,-0.01,417,363624,卖盘,2017-06-27,2017-06-27 10:14:21
10:14:24,10:14:24,8.72,--,271,236312,卖盘,2017-06-27,2017-06-27 10:14:24
10:14:27,10:14:27,8.73,0.01,52,45396,买盘,2017-06-27,2017-06-27 10:14:27
10:14:30,10:14:30,8.73,--,35,30555,买盘,2017-06-27,2017-06-27 10:14:30
10:14:36,10:14:36,8.73,--,445,388485,买盘,2017-06-27,2017-06-27 10:14:36
10:14:39,10:14:39,8.72,-0.01,27,23544,卖盘,2017-06-27,2017-06-27 10:14:39
10:14:42,10:14:42,8.72,--,21,18312,买盘,2017-06-27,2017-06-27 10:14:42
10:14:45,10:14:45,8.71,-0.01,41,35711,卖盘,2017-06-27,2017-06-27 10:14:45
10:14:48,10:14:48,8.71,--,5,4355,买盘,2017-06-27,2017-06-27 10:14:48
10:14:51,10:14:51,8.71,--,21,18291,买盘,2017-06-27,2017-06-27 10:14:51
10:14:54,10:14:54,8.71,--,2,1742,买盘,2017-06-27,2017-06-27 10:14:54
10:14:57,10:14:57,8.7,-0.01,26,22619,卖盘,2017-06-27,2017-06-27 10:14:57
10:15:00,10:15:00,8.72,0.02,99,86328,买盘,2017-06-27,2017-06-27 10:15:00
10:15:03,10:15:03,8.71,-0.01,74,64454,卖盘,2017-06-27,2017-06-27 10:15:03
10:15:06,10:15:06,8.7,-0.01,212,184439,卖盘,2017-06-27,2017-06-27 10:15:06
10:15:09,10:15:09,8.7,--,622,541140,卖盘,2017-06-27,2017-06-27 10:15:09
10:15:12,10:15:12,8.69,-0.01,13,11297,卖盘,2017-06-27,2017-06-27 10:15:12
10:15:15,10:15:15,8.69,--,163,141647,卖盘,2017-06-27,2017-06-27 10:15:15
10:15:18,10:15:18,8.69,--,5,4345,卖盘,2017-06-27,2017-06-27 10:15:18
10:15:21,10:15:21,8.7,0.01,65,56549,买盘,2017-06-27,2017-06-27 10:15:21
10:15:24,10:15:24,8.7,--,22,19140,买盘,2017-06-27,2017-06-27 10:15:24
10:15:27,10:15:27,8.69,-0.01,62,53878,卖盘,2017-06-27,2017-06-27 10:15:27
10:15:30,10:15:30,8.69,--,37,32152,卖盘,2017-06-27,2017-06-27 10:15:30
10:15:33,10:15:33,8.69,--,96,83424,卖盘,2017-06-27,2017-06-27 10:15:33
10:15:36,10:15:36,8.7,0.01,124,107879,买盘,2017-06-27,2017-06-27 10:15:36
10:15:39,10:15:39,8.7,--,88,76560,买盘,2017-06-27,2017-06-27 10:15:39
10:15:42,10:15:42,8.7,--,2,1739,卖盘,2017-06-27,2017-06-27 10:15:42
10:15:45,10:15:45,8.7,--,11,9570,卖盘,2017-06-27,2017-06-27 10:15:45
10:15:48,10:15:48,8.7,--,20,17400,卖盘,2017-06-27,2017-06-27 10:15:48
10:15:51,10:15:51,8.7,--,40,34800,卖盘,2017-06-27,2017-06-27 10:15:51
10:15:54,10:15:54,8.7,--,5,4350,买盘,2017-06-27,2017-06-27 10:15:54
10:15:57,10:15:57,8.69,-0.01,77,66913,卖盘,2017-06-27,2017-06-27 10:15:57
10:16:00,10:16:00,8.7,0.01,87,75690,买盘,2017-06-27,2017-06-27 10:16:00
10:16:03,10:16:03,8.7,--,23,20010,卖盘,2017-06-27,2017-06-27 10:16:03
10:16:06,10:16:06,8.7,--,32,27839,卖盘,2017-06-27,2017-06-27 10:16:06
10:16:09,10:16:09,8.7,--,23,20010,卖盘,2017-06-27,2017-06-27 10:16:09
10:16:12,10:16:12,8.7,--,31,26969,买盘,2017-06-27,2017-06-27 10:16:12
10:16:15,10:16:15,8.7,--,29,25229,买盘,2017-06-27,2017-06-27 10:16:15
10:16:18,10:16:18,8.7,--,88,76560,买盘,2017-06-27,2017-06-27 10:16:18
10:16:21,10:16:21,8.7,--,10,8700,买盘,2017-06-27,2017-06-27 10:16:21
10:16:24,10:16:24,8.7,--,188,163560,买盘,2017-06-27,2017-06-27 10:16:24
10:16:27,10:16:27,8.71,0.01,38,33098,买盘,2017-06-27,2017-06-27 10:16:27
10:16:30,10:16:30,8.7,-0.01,11,9570,卖盘,2017-06-27,2017-06-27 10:16:30
10:16:33,10:16:33,8.7,--,11,9570,卖盘,2017-06-27,2017-06-27 10:16:33
10:16:36,10:16:36,8.7,--,32,27839,卖盘,2017-06-27,2017-06-27 10:16:36
10:16:39,10:16:39,8.71,0.01,4,3484,买盘,2017-06-27,2017-06-27 10:16:39
10:16:42,10:16:42,8.7,-0.01,15,13049,卖盘,2017-06-27,2017-06-27 10:16:42
10:16:45,10:16:45,8.71,0.01,206,179426,买盘,2017-06-27,2017-06-27 10:16:45
10:16:48,10:16:48,8.71,--,31,27001,买盘,2017-06-27,2017-06-27 10:16:48
10:16:51,10:16:51,8.7,-0.01,2,1739,卖盘,2017-06-27,2017-06-27 10:16:51
10:16:54,10:16:54,8.71,0.01,29,25259,买盘,2017-06-27,2017-06-27 10:16:54
10:16:57,10:16:57,8.7,-0.01,59,51329,卖盘,2017-06-27,2017-06-27 10:16:57
10:17:00,10:17:00,8.71,0.01,123,107133,买盘,2017-06-27,2017-06-27 10:17:00
10:17:03,10:17:03,8.71,--,111,96681,卖盘,2017-06-27,2017-06-27 10:17:03
10:17:06,10:17:06,8.71,--,100,87100,卖盘,2017-06-27,2017-06-27 10:17:06
10:17:09,10:17:09,8.71,--,51,44421,卖盘,2017-06-27,2017-06-27 10:17:09
10:17:15,10:17:15,8.72,0.01,182,158704,买盘,2017-06-27,2017-06-27 10:17:15
10:17:18,10:17:18,8.72,--,23,20056,卖盘,2017-06-27,2017-06-27 10:17:18
10:17:21,10:17:21,8.72,--,39,34008,卖盘,2017-06-27,2017-06-27 10:17:21
10:17:24,10:17:24,8.72,--,65,56680,卖盘,2017-06-27,2017-06-27 10:17:24
10:17:27,10:17:27,8.72,--,61,53192,卖盘,2017-06-27,2017-06-27 10:17:27
10:17:30,10:17:30,8.72,--,23,20056,卖盘,2017-06-27,2017-06-27 10:17:30
10:17:33,10:17:33,8.73,0.01,55,48015,买盘,2017-06-27,2017-06-27 10:17:33
10:17:36,10:17:36,8.73,--,64,55872,买盘,2017-06-27,2017-06-27 10:17:36
10:17:39,10:17:39,8.73,--,107,93411,买盘,2017-06-27,2017-06-27 10:17:39
10:17:42,10:17:42,8.73,--,33,28809,买盘,2017-06-27,2017-06-27 10:17:42
10:17:45,10:17:45,8.73,--,362,316026,买盘,2017-06-27,2017-06-27 10:17:45
10:17:48,10:17:48,8.74,0.01,193,168682,买盘,2017-06-27,2017-06-27 10:17:48
10:17:51,10:17:51,8.73,-0.01,1,873,卖盘,2017-06-27,2017-06-27 10:17:51
10:17:54,10:17:54,8.74,0.01,255,222870,买盘,2017-06-27,2017-06-27 10:17:54
10:17:57,10:17:57,8.73,-0.01,43,37539,卖盘,2017-06-27,2017-06-27 10:17:57
10:18:00,10:18:00,8.73,--,701,611990,卖盘,2017-06-27,2017-06-27 10:18:00
10:18:03,10:18:03,8.75,0.02,10,8750,买盘,2017-06-27,2017-06-27 10:18:03
10:18:06,10:18:06,8.75,--,157,137375,买盘,2017-06-27,2017-06-27 10:18:06
10:18:09,10:18:09,8.73,-0.02,257,224361,卖盘,2017-06-27,2017-06-27 10:18:09
10:18:15,10:18:15,8.75,0.02,665,581875,买盘,2017-06-27,2017-06-27 10:18:15
10:18:18,10:18:18,8.74,-0.01,2015,1761110,中性盘,2017-06-27,2017-06-27 10:18:18
10:18:21,10:18:21,8.75,0.01,55,48125,卖盘,2017-06-27,2017-06-27 10:18:21
10:18:24,10:18:24,8.75,--,13,11375,卖盘,2017-06-27,2017-06-27 10:18:24
10:18:27,10:18:27,8.79,0.04,31,27248,买盘,2017-06-27,2017-06-27 10:18:27
10:18:30,10:18:30,8.79,--,17,14942,买盘,2017-06-27,2017-06-27 10:18:30
10:18:33,10:18:33,8.79,--,159,139761,买盘,2017-06-27,2017-06-27 10:18:33
10:18:36,10:18:36,8.79,--,95,83504,买盘,2017-06-27,2017-06-27 10:18:36
10:18:39,10:18:39,8.78,-0.01,54,47412,中性盘,2017-06-27,2017-06-27 10:18:39
10:18:42,10:18:42,8.79,0.01,381,334898,买盘,2017-06-27,2017-06-27 10:18:42
10:18:45,10:18:45,8.79,--,888,780551,买盘,2017-06-27,2017-06-27 10:18:45
10:18:48,10:18:48,8.79,--,111,97568,卖盘,2017-06-27,2017-06-27 10:18:48
10:18:51,10:18:51,8.79,--,540,474659,卖盘,2017-06-27,2017-06-27 10:18:51
10:18:54,10:18:54,8.79,--,98,86141,卖盘,2017-06-27,2017-06-27 10:18:54
10:18:57,10:18:57,8.8,0.01,287,252560,买盘,2017-06-27,2017-06-27 10:18:57
10:19:00,10:19:00,8.8,--,311,273680,买盘,2017-06-27,2017-06-27 10:19:00
10:19:03,10:19:03,8.8,--,597,525360,买盘,2017-06-27,2017-06-27 10:19:03
10:19:06,10:19:06,8.8,--,225,198000,买盘,2017-06-27,2017-06-27 10:19:06
10:19:09,10:19:09,8.8,--,350,308000,买盘,2017-06-27,2017-06-27 10:19:09
10:19:12,10:19:12,8.8,--,850,748000,买盘,2017-06-27,2017-06-27 10:19:12
10:19:15,10:19:15,8.81,0.01,135,119252,买盘,2017-06-27,2017-06-27 10:19:15
10:19:18,10:19:18,8.8,-0.01,120,105600,卖盘,2017-06-27,2017-06-27 10:19:18
10:19:21,10:19:21,8.81,0.01,23,20263,买盘,2017-06-27,2017-06-27 10:19:21
10:19:24,10:19:24,8.84,0.03,255,225420,买盘,2017-06-27,2017-06-27 10:19:24
10:19:27,10:19:27,8.82,-0.02,107,94374,中性盘,2017-06-27,2017-06-27 10:19:27
10:19:30,10:19:30,8.82,--,158,139356,买盘,2017-06-27,2017-06-27 10:19:30
10:19:33,10:19:33,8.83,0.01,151,133333,买盘,2017-06-27,2017-06-27 10:19:33
10:19:36,10:19:36,8.82,-0.01,396,349272,卖盘,2017-06-27,2017-06-27 10:19:36
10:19:39,10:19:39,8.83,0.01,43,37969,买盘,2017-06-27,2017-06-27 10:19:39
10:19:42,10:19:42,8.82,-0.01,141,124362,卖盘,2017-06-27,2017-06-27 10:19:42
10:19:45,10:19:45,8.83,0.01,701,618983,买盘,2017-06-27,2017-06-27 10:19:45
10:19:48,10:19:48,8.83,--,185,163355,买盘,2017-06-27,2017-06-27 10:19:48
10:19:51,10:19:51,8.82,-0.01,78,68796,卖盘,2017-06-27,2017-06-27 10:19:51
10:19:54,10:19:54,8.82,--,283,249606,卖盘,2017-06-27,2017-06-27 10:19:54
10:19:57,10:19:57,8.83,0.01,66,58278,中性盘,2017-06-27,2017-06-27 10:19:57
10:20:00,10:20:00,8.82,-0.01,766,675612,卖盘,2017-06-27,2017-06-27 10:20:00
10:20:03,10:20:03,8.82,--,320,282240,卖盘,2017-06-27,2017-06-27 10:20:03
10:20:06,10:20:06,8.8,-0.02,692,608960,卖盘,2017-06-27,2017-06-27 10:20:06
10:20:09,10:20:09,8.8,--,188,166003,卖盘,2017-06-27,2017-06-27 10:20:09
10:20:12,10:20:12,8.82,0.02,457,403074,买盘,2017-06-27,2017-06-27 10:20:12
10:20:15,10:20:15,8.78,-0.04,128,112383,中性盘,2017-06-27,2017-06-27 10:20:15
10:20:18,10:20:18,8.75,-0.03,142,124250,卖盘,2017-06-27,2017-06-27 10:20:18
10:20:21,10:20:21,8.79,0.04,10,8790,买盘,2017-06-27,2017-06-27 10:20:21
10:20:24,10:20:24,8.75,-0.04,2,1750,卖盘,2017-06-27,2017-06-27 10:20:24
10:20:27,10:20:27,8.75,--,2,1750,卖盘,2017-06-27,2017-06-27 10:20:27
10:20:30,10:20:30,8.75,--,148,129500,卖盘,2017-06-27,2017-06-27 10:20:30
10:20:33,10:20:33,8.75,--,122,106750,卖盘,2017-06-27,2017-06-27 10:20:33
10:20:36,10:20:36,8.75,--,36,31500,卖盘,2017-06-27,2017-06-27 10:20:36
10:20:39,10:20:39,8.75,--,131,114625,卖盘,2017-06-27,2017-06-27 10:20:39
10:20:42,10:20:42,8.79,0.04,29,25490,买盘,2017-06-27,2017-06-27 10:20:42
10:20:45,10:20:45,8.76,-0.03,15,13140,卖盘,2017-06-27,2017-06-27 10:20:45
10:20:48,10:20:48,8.77,0.01,35,30695,买盘,2017-06-27,2017-06-27 10:20:48
10:20:51,10:20:51,8.76,-0.01,11,9636,卖盘,2017-06-27,2017-06-27 10:20:51
10:20:54,10:20:54,8.76,--,127,111252,卖盘,2017-06-27,2017-06-27 10:20:54
10:20:57,10:20:57,8.78,0.02,9,7901,买盘,2017-06-27,2017-06-27 10:20:57
10:21:00,10:21:00,8.78,--,19,16682,买盘,2017-06-27,2017-06-27 10:21:00
10:21:03,10:21:03,8.78,--,184,161552,买盘,2017-06-27,2017-06-27 10:21:03
10:21:06,10:21:06,8.78,--,15,13169,卖盘,2017-06-27,2017-06-27 10:21:06
10:21:09,10:21:09,8.78,--,291,255497,卖盘,2017-06-27,2017-06-27 10:21:09
10:21:12,10:21:12,8.79,0.01,72,63287,买盘,2017-06-27,2017-06-27 10:21:12
10:21:15,10:21:15,8.78,-0.01,78,68484,卖盘,2017-06-27,2017-06-27 10:21:15
10:21:18,10:21:18,8.79,0.01,75,65925,买盘,2017-06-27,2017-06-27 10:21:18
10:21:21,10:21:21,8.78,-0.01,75,65850,卖盘,2017-06-27,2017-06-27 10:21:21
10:21:24,10:21:24,8.79,0.01,211,185468,中性盘,2017-06-27,2017-06-27 10:21:24
10:21:27,10:21:27,8.78,-0.01,32,28095,卖盘,2017-06-27,2017-06-27 10:21:27
10:21:30,10:21:30,8.8,0.02,3,2640,买盘,2017-06-27,2017-06-27 10:21:30
10:21:33,10:21:33,8.78,-0.02,463,406513,卖盘,2017-06-27,2017-06-27 10:21:33
10:21:36,10:21:36,8.75,-0.03,235,205625,卖盘,2017-06-27,2017-06-27 10:21:36
10:21:39,10:21:39,8.79,0.04,114,100205,买盘,2017-06-27,2017-06-27 10:21:39
10:21:42,10:21:42,8.79,--,36,31643,买盘,2017-06-27,2017-06-27 10:21:42
10:21:45,10:21:45,8.79,--,67,58892,买盘,2017-06-27,2017-06-27 10:21:45
10:21:48,10:21:48,8.77,-0.02,218,191186,卖盘,2017-06-27,2017-06-27 10:21:48
10:21:54,10:21:54,8.78,0.01,17,14925,卖盘,2017-06-27,2017-06-27 10:21:54
10:21:57,10:21:57,8.77,-0.01,134,117518,卖盘,2017-06-27,2017-06-27 10:21:57
10:22:03,10:22:03,8.77,--,3,2631,买盘,2017-06-27,2017-06-27 10:22:03
10:22:06,10:22:06,8.77,--,1,877,买盘,2017-06-27,2017-06-27 10:22:06
10:22:09,10:22:09,8.77,--,159,139443,买盘,2017-06-27,2017-06-27 10:22:09
10:22:12,10:22:12,8.76,-0.01,89,77964,卖盘,2017-06-27,2017-06-27 10:22:12
10:22:15,10:22:15,8.77,0.01,111,97347,买盘,2017-06-27,2017-06-27 10:22:15
10:22:18,10:22:18,8.77,--,30,26310,卖盘,2017-06-27,2017-06-27 10:22:18
10:22:21,10:22:21,8.79,0.02,986,866693,买盘,2017-06-27,2017-06-27 10:22:21
10:22:24,10:22:24,8.77,-0.02,89,78053,卖盘,2017-06-27,2017-06-27 10:22:24
10:22:27,10:22:27,8.76,-0.01,250,219000,卖盘,2017-06-27,2017-06-27 10:22:27
10:22:30,10:22:30,8.78,0.02,71,62337,卖盘,2017-06-27,2017-06-27 10:22:30
10:22:33,10:22:33,8.79,0.01,71,62408,买盘,2017-06-27,2017-06-27 10:22:33
10:22:36,10:22:36,8.79,--,64,56255,买盘,2017-06-27,2017-06-27 10:22:36
10:22:39,10:22:39,8.79,--,22,19337,买盘,2017-06-27,2017-06-27 10:22:39
10:22:42,10:22:42,8.78,-0.01,27,23706,卖盘,2017-06-27,2017-06-27 10:22:42
10:22:45,10:22:45,8.78,--,10,8780,买盘,2017-06-27,2017-06-27 10:22:45
10:22:48,10:22:48,8.78,--,40,35120,买盘,2017-06-27,2017-06-27 10:22:48
10:22:51,10:22:51,8.78,--,118,103603,买盘,2017-06-27,2017-06-27 10:22:51
10:22:54,10:22:54,8.79,0.01,27,23732,买盘,2017-06-27,2017-06-27 10:22:54
10:22:57,10:22:57,8.78,-0.01,12,10536,卖盘,2017-06-27,2017-06-27 10:22:57
10:23:00,10:23:00,8.78,--,5,4390,卖盘,2017-06-27,2017-06-27 10:23:00
10:23:03,10:23:03,8.77,-0.01,525,460425,卖盘,2017-06-27,2017-06-27 10:23:03
10:23:06,10:23:06,8.78,0.01,292,256375,买盘,2017-06-27,2017-06-27 10:23:06
10:23:09,10:23:09,8.78,--,294,258131,买盘,2017-06-27,2017-06-27 10:23:09
10:23:12,10:23:12,8.78,--,63,55313,买盘,2017-06-27,2017-06-27 10:23:12
10:23:15,10:23:15,8.77,-0.01,343,300811,卖盘,2017-06-27,2017-06-27 10:23:15
10:23:18,10:23:18,8.77,--,4,3508,买盘,2017-06-27,2017-06-27 10:23:18
10:23:21,10:23:21,8.75,-0.02,154,134750,卖盘,2017-06-27,2017-06-27 10:23:21
10:23:24,10:23:24,8.75,--,253,221375,卖盘,2017-06-27,2017-06-27 10:23:24
10:23:27,10:23:27,8.75,--,24,21000,卖盘,2017-06-27,2017-06-27 10:23:27
10:23:30,10:23:30,8.75,--,134,117250,卖盘,2017-06-27,2017-06-27 10:23:30
10:23:33,10:23:33,8.75,--,34,29750,买盘,2017-06-27,2017-06-27 10:23:33
10:23:36,10:23:36,8.74,-0.01,503,439622,卖盘,2017-06-27,2017-06-27 10:23:36
10:23:39,10:23:39,8.72,-0.02,635,553720,卖盘,2017-06-27,2017-06-27 10:23:39
10:23:42,10:23:42,8.75,0.03,56,49000,买盘,2017-06-27,2017-06-27 10:23:42
10:23:45,10:23:45,8.75,--,9,7875,卖盘,2017-06-27,2017-06-27 10:23:45
10:23:48,10:23:48,8.72,-0.03,149,129928,卖盘,2017-06-27,2017-06-27 10:23:48
10:23:51,10:23:51,8.72,--,31,27032,卖盘,2017-06-27,2017-06-27 10:23:51
10:23:57,10:23:57,8.72,--,223,194456,卖盘,2017-06-27,2017-06-27 10:23:57
10:24:00,10:24:00,8.73,0.01,82,71586,买盘,2017-06-27,2017-06-27 10:24:00
10:24:03,10:24:03,8.73,--,1481,1292913,买盘,2017-06-27,2017-06-27 10:24:03
10:24:06,10:24:06,8.72,-0.01,68,59296,中性盘,2017-06-27,2017-06-27 10:24:06
10:24:09,10:24:09,8.72,--,1,872,买盘,2017-06-27,2017-06-27 10:24:09
10:24:12,10:24:12,8.72,--,1,872,卖盘,2017-06-27,2017-06-27 10:24:12
10:24:15,10:24:15,8.73,0.01,162,141426,买盘,2017-06-27,2017-06-27 10:24:15
10:24:21,10:24:21,8.73,--,8,6984,卖盘,2017-06-27,2017-06-27 10:24:21
10:24:24,10:24:24,8.72,-0.01,505,440360,卖盘,2017-06-27,2017-06-27 10:24:24
10:24:27,10:24:27,8.73,0.01,24,20952,买盘,2017-06-27,2017-06-27 10:24:27
10:24:30,10:24:30,8.73,--,20,17460,买盘,2017-06-27,2017-06-27 10:24:30
10:24:33,10:24:33,8.73,--,1,873,买盘,2017-06-27,2017-06-27 10:24:33
10:24:36,10:24:36,8.73,--,486,424278,买盘,2017-06-27,2017-06-27 10:24:36
10:24:39,10:24:39,8.7,-0.03,1695,1475502,卖盘,2017-06-27,2017-06-27 10:24:39
10:24:42,10:24:42,8.7,--,17,14789,买盘,2017-06-27,2017-06-27 10:24:42
10:24:45,10:24:45,8.7,--,25,21750,买盘,2017-06-27,2017-06-27 10:24:45
10:24:48,10:24:48,8.7,--,4,3479,买盘,2017-06-27,2017-06-27 10:24:48
10:24:51,10:24:51,8.7,--,106,92219,买盘,2017-06-27,2017-06-27 10:24:51
10:24:54,10:24:54,8.7,--,114,99179,买盘,2017-06-27,2017-06-27 10:24:54
10:24:57,10:24:57,8.69,-0.01,166,144254,卖盘,2017-06-27,2017-06-27 10:24:57
10:25:00,10:25:00,8.7,0.01,153,133110,买盘,2017-06-27,2017-06-27 10:25:00
10:25:03,10:25:03,8.68,-0.02,279,242172,卖盘,2017-06-27,2017-06-27 10:25:03
10:25:06,10:25:06,8.69,0.01,9,7821,买盘,2017-06-27,2017-06-27 10:25:06
10:25:09,10:25:09,8.68,-0.01,16,13888,卖盘,2017-06-27,2017-06-27 10:25:09
10:25:12,10:25:12,8.68,--,44,38192,卖盘,2017-06-27,2017-06-27 10:25:12
10:25:15,10:25:15,8.69,0.01,99,86031,买盘,2017-06-27,2017-06-27 10:25:15
10:25:18,10:25:18,8.69,--,21,18249,买盘,2017-06-27,2017-06-27 10:25:18
10:25:21,10:25:21,8.68,-0.01,574,498926,卖盘,2017-06-27,2017-06-27 10:25:21
10:25:24,10:25:24,8.69,0.01,3,2607,买盘,2017-06-27,2017-06-27 10:25:24
10:25:27,10:25:27,8.68,-0.01,179,155545,卖盘,2017-06-27,2017-06-27 10:25:27
10:25:30,10:25:30,8.68,--,13,11284,买盘,2017-06-27,2017-06-27 10:25:30
10:25:33,10:25:33,8.68,--,162,140616,买盘,2017-06-27,2017-06-27 10:25:33
10:25:36,10:25:36,8.66,-0.02,3045,2636970,卖盘,2017-06-27,2017-06-27 10:25:36
10:25:39,10:25:39,8.66,--,330,285780,买盘,2017-06-27,2017-06-27 10:25:39
10:25:42,10:25:42,8.66,--,20,17320,卖盘,2017-06-27,2017-06-27 10:25:42
10:25:45,10:25:45,8.67,0.01,746,646799,买盘,2017-06-27,2017-06-27 10:25:45
10:25:48,10:25:48,8.65,-0.02,164,141860,卖盘,2017-06-27,2017-06-27 10:25:48
10:25:51,10:25:51,8.68,0.03,245,212660,买盘,2017-06-27,2017-06-27 10:25:51
10:25:54,10:25:54,8.66,-0.02,375,324750,卖盘,2017-06-27,2017-06-27 10:25:54
10:25:57,10:25:57,8.65,-0.01,604,522460,卖盘,2017-06-27,2017-06-27 10:25:57
10:26:00,10:26:00,8.67,0.02,244,211548,买盘,2017-06-27,2017-06-27 10:26:00
10:26:03,10:26:03,8.65,-0.02,209,181641,卖盘,2017-06-27,2017-06-27 10:26:03
10:26:06,10:26:06,8.66,0.01,369,319554,中性盘,2017-06-27,2017-06-27 10:26:06
10:26:09,10:26:09,8.66,--,89,77074,卖盘,2017-06-27,2017-06-27 10:26:09
10:26:12,10:26:12,8.67,0.01,153,132651,买盘,2017-06-27,2017-06-27 10:26:12
10:26:15,10:26:15,8.66,-0.01,116,100456,卖盘,2017-06-27,2017-06-27 10:26:15
10:26:18,10:26:18,8.67,0.01,197,170799,买盘,2017-06-27,2017-06-27 10:26:18
10:26:21,10:26:21,8.67,--,113,97971,卖盘,2017-06-27,2017-06-27 10:26:21
10:26:24,10:26:24,8.66,-0.01,326,282316,卖盘,2017-06-27,2017-06-27 10:26:24
10:26:27,10:26:27,8.66,--,241,208706,卖盘,2017-06-27,2017-06-27 10:26:27
10:26:30,10:26:30,8.68,0.02,452,392336,买盘,2017-06-27,2017-06-27 10:26:30
10:26:33,10:26:33,8.67,-0.01,13,11271,中性盘,2017-06-27,2017-06-27 10:26:33
10:26:36,10:26:36,8.68,0.01,56,48608,买盘,2017-06-27,2017-06-27 10:26:36
10:26:39,10:26:39,8.67,-0.01,18,15606,卖盘,2017-06-27,2017-06-27 10:26:39
10:26:42,10:26:42,8.68,0.01,491,426188,买盘,2017-06-27,2017-06-27 10:26:42
10:26:45,10:26:45,8.68,--,364,315952,买盘,2017-06-27,2017-06-27 10:26:45
10:26:48,10:26:48,8.68,--,70,61454,买盘,2017-06-27,2017-06-27 10:26:48
10:26:51,10:26:51,8.68,--,36,31248,卖盘,2017-06-27,2017-06-27 10:26:51
10:26:54,10:26:54,8.68,--,13,11284,卖盘,2017-06-27,2017-06-27 10:26:54
10:26:57,10:26:57,8.67,-0.01,234,202878,卖盘,2017-06-27,2017-06-27 10:26:57
10:27:00,10:27:00,8.69,0.02,28,24332,中性盘,2017-06-27,2017-06-27 10:27:00
10:27:03,10:27:03,8.69,--,15,13035,卖盘,2017-06-27,2017-06-27 10:27:03
10:27:06,10:27:06,8.7,0.01,9,7829,买盘,2017-06-27,2017-06-27 10:27:06
10:27:09,10:27:09,8.68,-0.02,272,236096,卖盘,2017-06-27,2017-06-27 10:27:09
10:27:12,10:27:12,8.67,-0.01,144,124848,卖盘,2017-06-27,2017-06-27 10:27:12
10:27:15,10:27:15,8.67,--,7,6069,卖盘,2017-06-27,2017-06-27 10:27:15
10:27:18,10:27:18,8.68,0.01,27,23436,买盘,2017-06-27,2017-06-27 10:27:18
10:27:21,10:27:21,8.68,--,113,98084,卖盘,2017-06-27,2017-06-27 10:27:21
10:27:24,10:27:24,8.68,--,63,54684,卖盘,2017-06-27,2017-06-27 10:27:24
10:27:27,10:27:27,8.68,--,43,37324,卖盘,2017-06-27,2017-06-27 10:27:27
10:27:30,10:27:30,8.67,-0.01,200,173400,卖盘,2017-06-27,2017-06-27 10:27:30
10:27:33,10:27:33,8.68,0.01,28,24304,买盘,2017-06-27,2017-06-27 10:27:33
10:27:36,10:27:36,8.68,--,55,47740,买盘,2017-06-27,2017-06-27 10:27:36
10:27:42,10:27:42,8.69,0.01,1014,881166,买盘,2017-06-27,2017-06-27 10:27:42
10:27:45,10:27:45,8.67,-0.02,176,152592,卖盘,2017-06-27,2017-06-27 10:27:45
10:27:48,10:27:48,8.67,--,76,65892,买盘,2017-06-27,2017-06-27 10:27:48
10:27:51,10:27:51,8.67,--,57,49419,买盘,2017-06-27,2017-06-27 10:27:51
10:27:54,10:27:54,8.66,-0.01,34,29444,卖盘,2017-06-27,2017-06-27 10:27:54
10:27:57,10:27:57,8.67,0.01,289,250563,买盘,2017-06-27,2017-06-27 10:27:57
10:28:00,10:28:00,8.67,--,184,159528,买盘,2017-06-27,2017-06-27 10:28:00
10:28:03,10:28:03,8.66,-0.01,94,81404,卖盘,2017-06-27,2017-06-27 10:28:03
10:28:06,10:28:06,8.67,0.01,7,6069,中性盘,2017-06-27,2017-06-27 10:28:06
10:28:09,10:28:09,8.67,--,44,38148,买盘,2017-06-27,2017-06-27 10:28:09
10:28:12,10:28:12,8.66,-0.01,329,284914,卖盘,2017-06-27,2017-06-27 10:28:12
10:28:15,10:28:15,8.67,0.01,270,234090,买盘,2017-06-27,2017-06-27 10:28:15
10:28:18,10:28:18,8.66,-0.01,113,97858,卖盘,2017-06-27,2017-06-27 10:28:18
10:28:21,10:28:21,8.65,-0.01,110,95150,卖盘,2017-06-27,2017-06-27 10:28:21
10:28:24,10:28:24,8.66,0.01,96,83136,买盘,2017-06-27,2017-06-27 10:28:24
10:28:27,10:28:27,8.65,-0.01,144,124560,卖盘,2017-06-27,2017-06-27 10:28:27
10:28:30,10:28:30,8.66,0.01,47,40702,买盘,2017-06-27,2017-06-27 10:28:30
10:28:33,10:28:33,8.66,--,148,128168,买盘,2017-06-27,2017-06-27 10:28:33
10:28:36,10:28:36,8.65,-0.01,209,180785,卖盘,2017-06-27,2017-06-27 10:28:36
10:28:39,10:28:39,8.65,--,574,497366,卖盘,2017-06-27,2017-06-27 10:28:39
10:28:42,10:28:42,8.64,-0.01,58,50112,卖盘,2017-06-27,2017-06-27 10:28:42
10:28:45,10:28:45,8.65,0.01,277,239605,买盘,2017-06-27,2017-06-27 10:28:45
10:28:48,10:28:48,8.65,--,290,250858,买盘,2017-06-27,2017-06-27 10:28:48
10:28:51,10:28:51,8.65,--,47,40655,卖盘,2017-06-27,2017-06-27 10:28:51
10:28:54,10:28:54,8.64,-0.01,251,216864,卖盘,2017-06-27,2017-06-27 10:28:54
10:28:57,10:28:57,8.64,--,134,115776,卖盘,2017-06-27,2017-06-27 10:28:57
10:29:00,10:29:00,8.64,--,70,60480,卖盘,2017-06-27,2017-06-27 10:29:00
10:29:03,10:29:03,8.65,0.01,361,312265,买盘,2017-06-27,2017-06-27 10:29:03
10:29:06,10:29:06,8.66,0.01,57,49362,买盘,2017-06-27,2017-06-27 10:29:06
10:29:09,10:29:09,8.65,-0.01,47,40655,卖盘,2017-06-27,2017-06-27 10:29:09
10:29:12,10:29:12,8.65,--,206,178190,卖盘,2017-06-27,2017-06-27 10:29:12
10:29:15,10:29:15,8.65,--,147,127155,卖盘,2017-06-27,2017-06-27 10:29:15
10:29:18,10:29:18,8.65,--,487,421255,卖盘,2017-06-27,2017-06-27 10:29:18
10:29:21,10:29:21,8.65,--,266,230090,买盘,2017-06-27,2017-06-27 10:29:21
10:29:24,10:29:24,8.65,--,97,83905,买盘,2017-06-27,2017-06-27 10:29:24
10:29:27,10:29:27,8.66,0.01,269,232954,买盘,2017-06-27,2017-06-27 10:29:27
10:29:30,10:29:30,8.66,--,1,866,卖盘,2017-06-27,2017-06-27 10:29:30
10:29:33,10:29:33,8.66,--,87,75342,卖盘,2017-06-27,2017-06-27 10:29:33
10:29:36,10:29:36,8.66,--,47,40702,卖盘,2017-06-27,2017-06-27 10:29:36
10:29:39,10:29:39,8.66,--,491,425206,卖盘,2017-06-27,2017-06-27 10:29:39
10:29:42,10:29:42,8.66,--,65,56290,卖盘,2017-06-27,2017-06-27 10:29:42
10:29:45,10:29:45,8.67,0.01,147,127449,买盘,2017-06-27,2017-06-27 10:29:45
10:29:48,10:29:48,8.68,0.01,200,173600,买盘,2017-06-27,2017-06-27 10:29:48
10:29:54,10:29:54,8.67,-0.01,14,12138,卖盘,2017-06-27,2017-06-27 10:29:54
10:29:57,10:29:57,8.66,-0.01,97,84002,卖盘,2017-06-27,2017-06-27 10:29:57
10:30:00,10:30:00,8.67,0.01,11,9537,买盘,2017-06-27,2017-06-27 10:30:00
10:30:03,10:30:03,8.67,--,75,65025,买盘,2017-06-27,2017-06-27 10:30:03
10:30:06,10:30:06,8.67,--,198,171666,买盘,2017-06-27,2017-06-27 10:30:06
10:30:09,10:30:09,8.66,-0.01,20,17320,卖盘,2017-06-27,2017-06-27 10:30:09
10:30:12,10:30:12,8.67,0.01,14,12138,买盘,2017-06-27,2017-06-27 10:30:12
10:30:15,10:30:15,8.67,--,162,140454,买盘,2017-06-27,2017-06-27 10:30:15
10:30:18,10:30:18,8.67,--,84,72828,买盘,2017-06-27,2017-06-27 10:30:18
10:30:21,10:30:21,8.67,--,40,34680,买盘,2017-06-27,2017-06-27 10:30:21
10:30:24,10:30:24,8.67,--,62,53754,买盘,2017-06-27,2017-06-27 10:30:24
10:30:27,10:30:27,8.67,--,105,91035,买盘,2017-06-27,2017-06-27 10:30:27
10:30:30,10:30:30,8.67,--,34,29478,买盘,2017-06-27,2017-06-27 10:30:30
10:30:33,10:30:33,8.67,--,13,11271,买盘,2017-06-27,2017-06-27 10:30:33
10:30:36,10:30:36,8.67,--,164,142188,买盘,2017-06-27,2017-06-27 10:30:36
10:30:39,10:30:39,8.67,--,114,98838,买盘,2017-06-27,2017-06-27 10:30:39
10:30:42,10:30:42,8.67,--,17,14739,买盘,2017-06-27,2017-06-27 10:30:42
10:30:45,10:30:45,8.66,-0.01,231,200046,卖盘,2017-06-27,2017-06-27 10:30:45
10:30:48,10:30:48,8.67,0.01,417,361539,买盘,2017-06-27,2017-06-27 10:30:48
10:30:51,10:30:51,8.68,0.01,65,56420,买盘,2017-06-27,2017-06-27 10:30:51
10:30:54,10:30:54,8.67,-0.01,41,35547,卖盘,2017-06-27,2017-06-27 10:30:54
10:30:57,10:30:57,8.66,-0.01,509,440794,卖盘,2017-06-27,2017-06-27 10:30:57
10:31:00,10:31:00,8.66,--,188,162808,卖盘,2017-06-27,2017-06-27 10:31:00
10:31:03,10:31:03,8.67,0.01,341,295647,买盘,2017-06-27,2017-06-27 10:31:03
10:31:06,10:31:06,8.67,--,106,91902,买盘,2017-06-27,2017-06-27 10:31:06
10:31:09,10:31:09,8.66,-0.01,59,51094,卖盘,2017-06-27,2017-06-27 10:31:09
10:31:12,10:31:12,8.66,--,131,113446,卖盘,2017-06-27,2017-06-27 10:31:12
10:31:18,10:31:18,8.67,0.01,11,9537,买盘,2017-06-27,2017-06-27 10:31:18
10:31:21,10:31:21,8.66,-0.01,486,420876,卖盘,2017-06-27,2017-06-27 10:31:21
10:31:24,10:31:24,8.65,-0.01,34,29410,卖盘,2017-06-27,2017-06-27 10:31:24
10:31:27,10:31:27,8.67,0.02,32,27744,买盘,2017-06-27,2017-06-27 10:31:27
10:31:33,10:31:33,8.66,-0.01,44,38104,卖盘,2017-06-27,2017-06-27 10:31:33
10:31:36,10:31:36,8.66,--,25,21650,买盘,2017-06-27,2017-06-27 10:31:36
10:31:39,10:31:39,8.66,--,22,19052,买盘,2017-06-27,2017-06-27 10:31:39
10:31:42,10:31:42,8.66,--,238,206229,买盘,2017-06-27,2017-06-27 10:31:42
10:31:45,10:31:45,8.66,--,736,637376,卖盘,2017-06-27,2017-06-27 10:31:45
10:31:48,10:31:48,8.65,-0.01,20,17300,卖盘,2017-06-27,2017-06-27 10:31:48
10:31:51,10:31:51,8.67,0.02,21,18207,买盘,2017-06-27,2017-06-27 10:31:51
10:31:54,10:31:54,8.65,-0.02,91,78715,卖盘,2017-06-27,2017-06-27 10:31:54
10:31:57,10:31:57,8.66,0.01,57,49362,买盘,2017-06-27,2017-06-27 10:31:57
10:32:00,10:32:00,8.66,--,34,29444,买盘,2017-06-27,2017-06-27 10:32:00
10:32:03,10:32:03,8.66,--,2,1732,卖盘,2017-06-27,2017-06-27 10:32:03
10:32:06,10:32:06,8.66,--,40,34640,卖盘,2017-06-27,2017-06-27 10:32:06
10:32:09,10:32:09,8.65,-0.01,74,64010,卖盘,2017-06-27,2017-06-27 10:32:09
10:32:12,10:32:12,8.66,0.01,10,8660,买盘,2017-06-27,2017-06-27 10:32:12
10:32:15,10:32:15,8.66,--,2,1732,买盘,2017-06-27,2017-06-27 10:32:15
10:32:18,10:32:18,8.66,--,15,12990,买盘,2017-06-27,2017-06-27 10:32:18
10:32:21,10:32:21,8.65,-0.01,22,19030,卖盘,2017-06-27,2017-06-27 10:32:21
10:32:24,10:32:24,8.65,--,99,85635,卖盘,2017-06-27,2017-06-27 10:32:24
10:32:27,10:32:27,8.65,--,35,30275,卖盘,2017-06-27,2017-06-27 10:32:27
10:32:30,10:32:30,8.65,--,10,8650,卖盘,2017-06-27,2017-06-27 10:32:30
10:32:33,10:32:33,8.66,0.01,162,140292,买盘,2017-06-27,2017-06-27 10:32:33
10:32:36,10:32:36,8.66,--,3,2598,卖盘,2017-06-27,2017-06-27 10:32:36
10:32:39,10:32:39,8.66,--,23,19918,卖盘,2017-06-27,2017-06-27 10:32:39
10:32:42,10:32:42,8.66,--,19,16454,卖盘,2017-06-27,2017-06-27 10:32:42
10:32:45,10:32:45,8.66,--,73,63218,卖盘,2017-06-27,2017-06-27 10:32:45
10:32:48,10:32:48,8.66,--,26,22516,卖盘,2017-06-27,2017-06-27 10:32:48
10:32:51,10:32:51,8.65,-0.01,165,142725,卖盘,2017-06-27,2017-06-27 10:32:51
10:32:54,10:32:54,8.66,0.01,77,66682,中性盘,2017-06-27,2017-06-27 10:32:54
10:32:57,10:32:57,8.66,--,89,77074,卖盘,2017-06-27,2017-06-27 10:32:57
10:33:00,10:33:00,8.65,-0.01,15,12975,卖盘,2017-06-27,2017-06-27 10:33:00
10:33:03,10:33:03,8.65,--,758,655670,卖盘,2017-06-27,2017-06-27 10:33:03
10:33:06,10:33:06,8.66,0.01,17,14722,买盘,2017-06-27,2017-06-27 10:33:06
10:33:09,10:33:09,8.66,--,27,23382,买盘,2017-06-27,2017-06-27 10:33:09
10:33:12,10:33:12,8.66,--,57,49362,买盘,2017-06-27,2017-06-27 10:33:12
10:33:15,10:33:15,8.65,-0.01,23,19895,卖盘,2017-06-27,2017-06-27 10:33:15
10:33:18,10:33:18,8.64,-0.01,453,392135,卖盘,2017-06-27,2017-06-27 10:33:18
10:33:21,10:33:21,8.65,0.01,8,6920,买盘,2017-06-27,2017-06-27 10:33:21
10:33:24,10:33:24,8.65,--,199,172135,买盘,2017-06-27,2017-06-27 10:33:24
10:33:27,10:33:27,8.65,--,183,158295,买盘,2017-06-27,2017-06-27 10:33:27
10:33:30,10:33:30,8.65,--,73,63145,买盘,2017-06-27,2017-06-27 10:33:30
10:33:33,10:33:33,8.64,-0.01,552,476928,卖盘,2017-06-27,2017-06-27 10:33:33
10:33:36,10:33:36,8.65,0.01,251,217115,买盘,2017-06-27,2017-06-27 10:33:36
10:33:39,10:33:39,8.64,-0.01,194,167616,卖盘,2017-06-27,2017-06-27 10:33:39
10:33:42,10:33:42,8.62,-0.02,1092,941303,卖盘,2017-06-27,2017-06-27 10:33:42
10:33:45,10:33:45,8.64,0.02,13,11232,买盘,2017-06-27,2017-06-27 10:33:45
10:33:48,10:33:48,8.64,--,3,2592,买盘,2017-06-27,2017-06-27 10:33:48
10:33:51,10:33:51,8.63,-0.01,6,5178,卖盘,2017-06-27,2017-06-27 10:33:51
10:33:54,10:33:54,8.62,-0.01,50,43099,卖盘,2017-06-27,2017-06-27 10:33:54
10:33:57,10:33:57,8.62,--,1560,1344719,卖盘,2017-06-27,2017-06-27 10:33:57
10:34:00,10:34:00,8.62,--,73,62925,卖盘,2017-06-27,2017-06-27 10:34:00
10:34:03,10:34:03,8.53,-0.09,12188,10397208,卖盘,2017-06-27,2017-06-27 10:34:03
10:34:06,10:34:06,8.61,0.08,984,847224,买盘,2017-06-27,2017-06-27 10:34:06
10:34:09,10:34:09,8.6,-0.01,174,149640,买盘,2017-06-27,2017-06-27 10:34:09
10:34:12,10:34:12,8.52,-0.08,345,293940,卖盘,2017-06-27,2017-06-27 10:34:12
10:34:15,10:34:15,8.53,0.01,135,115154,中性盘,2017-06-27,2017-06-27 10:34:15
10:34:18,10:34:18,8.56,0.03,92,78752,买盘,2017-06-27,2017-06-27 10:34:18
10:34:21,10:34:21,8.56,--,163,139528,买盘,2017-06-27,2017-06-27 10:34:21
10:34:24,10:34:24,8.54,-0.02,124,105895,中性盘,2017-06-27,2017-06-27 10:34:24
10:34:27,10:34:27,8.54,--,80,68320,卖盘,2017-06-27,2017-06-27 10:34:27
10:34:30,10:34:30,8.55,0.01,85,72675,卖盘,2017-06-27,2017-06-27 10:34:30
10:34:33,10:34:33,8.56,0.01,364,311584,买盘,2017-06-27,2017-06-27 10:34:33
10:34:36,10:34:36,8.56,--,359,307304,卖盘,2017-06-27,2017-06-27 10:34:36
10:34:39,10:34:39,8.56,--,170,145520,卖盘,2017-06-27,2017-06-27 10:34:39
10:34:42,10:34:42,8.56,--,596,510176,卖盘,2017-06-27,2017-06-27 10:34:42
10:34:45,10:34:45,8.56,--,1072,917632,卖盘,2017-06-27,2017-06-27 10:34:45
10:34:48,10:34:48,8.59,0.03,62,53258,买盘,2017-06-27,2017-06-27 10:34:48
10:34:51,10:34:51,8.57,-0.02,198,169686,卖盘,2017-06-27,2017-06-27 10:34:51
10:34:54,10:34:54,8.59,0.02,593,509387,中性盘,2017-06-27,2017-06-27 10:34:54
10:34:57,10:34:57,8.58,-0.01,58,49764,中性盘,2017-06-27,2017-06-27 10:34:57
10:35:00,10:35:00,8.58,--,123,105534,卖盘,2017-06-27,2017-06-27 10:35:00
10:35:03,10:35:03,8.59,0.01,258,221622,卖盘,2017-06-27,2017-06-27 10:35:03
10:35:06,10:35:06,8.6,0.01,1057,909020,买盘,2017-06-27,2017-06-27 10:35:06
10:35:09,10:35:09,8.6,--,127,109220,买盘,2017-06-27,2017-06-27 10:35:09
10:35:12,10:35:12,8.59,-0.01,59,50681,卖盘,2017-06-27,2017-06-27 10:35:12
10:35:15,10:35:15,8.6,0.01,237,203820,中性盘,2017-06-27,2017-06-27 10:35:15
10:35:18,10:35:18,8.6,--,51,43860,买盘,2017-06-27,2017-06-27 10:35:18
10:35:21,10:35:21,8.61,0.01,22,18942,买盘,2017-06-27,2017-06-27 10:35:21
10:35:24,10:35:24,8.6,-0.01,42,36429,卖盘,2017-06-27,2017-06-27 10:35:24
10:35:27,10:35:27,8.6,--,971,835060,卖盘,2017-06-27,2017-06-27 10:35:27
10:35:30,10:35:30,8.61,0.01,18,15497,中性盘,2017-06-27,2017-06-27 10:35:30
10:35:33,10:35:33,8.6,-0.01,292,251670,卖盘,2017-06-27,2017-06-27 10:35:33
10:35:36,10:35:36,8.6,--,98,84280,买盘,2017-06-27,2017-06-27 10:35:36
10:35:39,10:35:39,8.6,--,133,114380,买盘,2017-06-27,2017-06-27 10:35:39
10:35:42,10:35:42,8.64,0.04,422,364919,买盘,2017-06-27,2017-06-27 10:35:42
10:35:45,10:35:45,8.61,-0.03,46,39606,卖盘,2017-06-27,2017-06-27 10:35:45
10:35:48,10:35:48,8.61,--,38,32717,卖盘,2017-06-27,2017-06-27 10:35:48
10:35:51,10:35:51,8.6,-0.01,24,20640,卖盘,2017-06-27,2017-06-27 10:35:51
10:35:54,10:35:54,8.61,0.01,20,17220,中性盘,2017-06-27,2017-06-27 10:35:54
10:35:57,10:35:57,8.61,--,93,80073,买盘,2017-06-27,2017-06-27 10:35:57
10:36:00,10:36:00,8.6,-0.01,47,40420,卖盘,2017-06-27,2017-06-27 10:36:00
10:36:03,10:36:03,8.62,0.02,344,296528,买盘,2017-06-27,2017-06-27 10:36:03
10:36:06,10:36:06,8.61,-0.01,9,7748,卖盘,2017-06-27,2017-06-27 10:36:06
10:36:09,10:36:09,8.62,0.01,185,159470,买盘,2017-06-27,2017-06-27 10:36:09
10:36:12,10:36:12,8.62,--,548,472375,买盘,2017-06-27,2017-06-27 10:36:12
10:36:15,10:36:15,8.62,--,190,163779,卖盘,2017-06-27,2017-06-27 10:36:15
10:36:18,10:36:18,8.62,--,132,113783,卖盘,2017-06-27,2017-06-27 10:36:18
10:36:21,10:36:21,8.62,--,118,101715,卖盘,2017-06-27,2017-06-27 10:36:21
10:36:24,10:36:24,8.62,--,29,24997,卖盘,2017-06-27,2017-06-27 10:36:24
10:36:27,10:36:27,8.63,0.01,201,173463,买盘,2017-06-27,2017-06-27 10:36:27
10:36:30,10:36:30,8.63,--,68,58684,卖盘,2017-06-27,2017-06-27 10:36:30
10:36:33,10:36:33,8.63,--,95,81985,卖盘,2017-06-27,2017-06-27 10:36:33
10:36:36,10:36:36,8.63,--,184,158792,卖盘,2017-06-27,2017-06-27 10:36:36
10:36:39,10:36:39,8.64,0.01,68,58752,买盘,2017-06-27,2017-06-27 10:36:39
10:36:42,10:36:42,8.63,-0.01,33,28479,卖盘,2017-06-27,2017-06-27 10:36:42
10:36:45,10:36:45,8.63,--,603,520389,买盘,2017-06-27,2017-06-27 10:36:45
10:36:48,10:36:48,8.64,0.01,439,379296,买盘,2017-06-27,2017-06-27 10:36:48
10:36:51,10:36:51,8.64,--,188,162432,买盘,2017-06-27,2017-06-27 10:36:51
10:36:54,10:36:54,8.64,--,97,83808,买盘,2017-06-27,2017-06-27 10:36:54
10:36:57,10:36:57,8.64,--,201,173664,买盘,2017-06-27,2017-06-27 10:36:57
10:37:00,10:37:00,8.63,-0.01,125,107875,卖盘,2017-06-27,2017-06-27 10:37:00
10:37:03,10:37:03,8.62,-0.01,74,63787,卖盘,2017-06-27,2017-06-27 10:37:03
10:37:06,10:37:06,8.62,--,103,88785,卖盘,2017-06-27,2017-06-27 10:37:06
10:37:09,10:37:09,8.63,0.01,102,88026,买盘,2017-06-27,2017-06-27 10:37:09
10:37:12,10:37:12,8.62,-0.01,457,393933,卖盘,2017-06-27,2017-06-27 10:37:12
10:37:15,10:37:15,8.62,--,67,57753,买盘,2017-06-27,2017-06-27 10:37:15
10:37:18,10:37:18,8.62,--,210,181019,买盘,2017-06-27,2017-06-27 10:37:18
10:37:21,10:37:21,8.61,-0.01,221,190281,卖盘,2017-06-27,2017-06-27 10:37:21
10:37:24,10:37:24,8.61,--,47,40467,卖盘,2017-06-27,2017-06-27 10:37:24
10:37:27,10:37:27,8.61,--,190,163590,卖盘,2017-06-27,2017-06-27 10:37:27
10:37:30,10:37:30,8.61,--,612,526932,卖盘,2017-06-27,2017-06-27 10:37:30
10:37:33,10:37:33,8.61,--,109,93849,买盘,2017-06-27,2017-06-27 10:37:33
10:37:36,10:37:36,8.61,--,12,10332,买盘,2017-06-27,2017-06-27 10:37:36
10:37:39,10:37:39,8.61,--,342,294462,买盘,2017-06-27,2017-06-27 10:37:39
10:37:42,10:37:42,8.61,--,51,43911,卖盘,2017-06-27,2017-06-27 10:37:42
10:37:45,10:37:45,8.61,--,3,2583,卖盘,2017-06-27,2017-06-27 10:37:45
10:37:48,10:37:48,8.61,--,32,27552,卖盘,2017-06-27,2017-06-27 10:37:48
10:37:51,10:37:51,8.61,--,20,17220,卖盘,2017-06-27,2017-06-27 10:37:51
10:37:54,10:37:54,8.61,--,261,224720,卖盘,2017-06-27,2017-06-27 10:37:54
10:37:57,10:37:57,8.61,--,71,61130,买盘,2017-06-27,2017-06-27 10:37:57
10:38:00,10:38:00,8.6,-0.01,104,89440,卖盘,2017-06-27,2017-06-27 10:38:00
10:38:03,10:38:03,8.61,0.01,115,99015,买盘,2017-06-27,2017-06-27 10:38:03
10:38:06,10:38:06,8.61,--,229,197169,买盘,2017-06-27,2017-06-27 10:38:06
10:38:09,10:38:09,8.6,-0.01,681,585660,卖盘,2017-06-27,2017-06-27 10:38:09
10:38:12,10:38:12,8.61,0.01,116,99876,中性盘,2017-06-27,2017-06-27 10:38:12
10:38:15,10:38:15,8.62,0.01,97,83613,买盘,2017-06-27,2017-06-27 10:38:15
10:38:18,10:38:18,8.62,--,22,18964,买盘,2017-06-27,2017-06-27 10:38:18
10:38:21,10:38:21,8.61,-0.01,112,96432,卖盘,2017-06-27,2017-06-27 10:38:21
10:38:24,10:38:24,8.61,--,11,9471,买盘,2017-06-27,2017-06-27 10:38:24
10:38:27,10:38:27,8.63,0.02,440,379720,买盘,2017-06-27,2017-06-27 10:38:27
10:38:30,10:38:30,8.62,-0.01,229,197397,中性盘,2017-06-27,2017-06-27 10:38:30
10:38:33,10:38:33,8.62,--,15,12929,卖盘,2017-06-27,2017-06-27 10:38:33
10:38:36,10:38:36,8.62,--,23,19826,卖盘,2017-06-27,2017-06-27 10:38:36
10:38:39,10:38:39,8.63,0.01,53,45739,买盘,2017-06-27,2017-06-27 10:38:39
10:38:42,10:38:42,8.63,--,47,40561,买盘,2017-06-27,2017-06-27 10:38:42
10:38:45,10:38:45,8.63,--,21,18123,买盘,2017-06-27,2017-06-27 10:38:45
10:38:48,10:38:48,8.62,-0.01,40,34480,卖盘,2017-06-27,2017-06-27 10:38:48
10:38:51,10:38:51,8.61,-0.01,237,204057,卖盘,2017-06-27,2017-06-27 10:38:51
10:38:54,10:38:54,8.62,0.01,16,13791,买盘,2017-06-27,2017-06-27 10:38:54
10:38:57,10:38:57,8.62,--,50,43099,买盘,2017-06-27,2017-06-27 10:38:57
10:39:00,10:39:00,8.61,-0.01,10,8610,卖盘,2017-06-27,2017-06-27 10:39:00
10:39:03,10:39:03,8.62,0.01,10,8620,买盘,2017-06-27,2017-06-27 10:39:03
10:39:06,10:39:06,8.62,--,17,14653,买盘,2017-06-27,2017-06-27 10:39:06
10:39:09,10:39:09,8.61,-0.01,13,11193,卖盘,2017-06-27,2017-06-27 10:39:09
10:39:12,10:39:12,8.61,--,82,70602,卖盘,2017-06-27,2017-06-27 10:39:12
10:39:15,10:39:15,8.62,0.01,41,35342,买盘,2017-06-27,2017-06-27 10:39:15
10:39:18,10:39:18,8.61,-0.01,16,13776,卖盘,2017-06-27,2017-06-27 10:39:18
10:39:21,10:39:21,8.62,0.01,60,51719,买盘,2017-06-27,2017-06-27 10:39:21
10:39:24,10:39:24,8.62,--,24,20687,买盘,2017-06-27,2017-06-27 10:39:24
10:39:27,10:39:27,8.61,-0.01,26,22386,卖盘,2017-06-27,2017-06-27 10:39:27
10:39:30,10:39:30,8.61,--,23,19803,卖盘,2017-06-27,2017-06-27 10:39:30
10:39:33,10:39:33,8.61,--,106,91266,卖盘,2017-06-27,2017-06-27 10:39:33
10:39:36,10:39:36,8.61,--,324,278964,卖盘,2017-06-27,2017-06-27 10:39:36
10:39:39,10:39:39,8.61,--,10,8610,买盘,2017-06-27,2017-06-27 10:39:39
10:39:42,10:39:42,8.6,-0.01,2,1720,卖盘,2017-06-27,2017-06-27 10:39:42
10:39:45,10:39:45,8.61,0.01,1,861,买盘,2017-06-27,2017-06-27 10:39:45
10:39:48,10:39:48,8.62,0.01,84,72408,买盘,2017-06-27,2017-06-27 10:39:48
10:39:51,10:39:51,8.61,-0.01,82,70602,中性盘,2017-06-27,2017-06-27 10:39:51
10:39:54,10:39:54,8.62,0.01,11,9482,买盘,2017-06-27,2017-06-27 10:39:54
10:39:57,10:39:57,8.61,-0.01,2,1722,卖盘,2017-06-27,2017-06-27 10:39:57
10:40:00,10:40:00,8.62,0.01,77,66374,买盘,2017-06-27,2017-06-27 10:40:00
10:40:03,10:40:03,8.61,-0.01,41,35301,卖盘,2017-06-27,2017-06-27 10:40:03
10:40:06,10:40:06,8.61,--,149,128418,卖盘,2017-06-27,2017-06-27 10:40:06
10:40:09,10:40:09,8.57,-0.04,2844,2437308,卖盘,2017-06-27,2017-06-27 10:40:09
10:40:12,10:40:12,8.62,0.05,13,11223,买盘,2017-06-27,2017-06-27 10:40:12
10:40:15,10:40:15,8.61,-0.01,5,4305,卖盘,2017-06-27,2017-06-27 10:40:15
10:40:18,10:40:18,8.61,--,49,43032,卖盘,2017-06-27,2017-06-27 10:40:18
10:40:21,10:40:21,8.6,-0.01,2,1720,卖盘,2017-06-27,2017-06-27 10:40:21
10:40:24,10:40:24,8.58,-0.02,51,43758,卖盘,2017-06-27,2017-06-27 10:40:24
