idx_time,time,price,change,volume,amount,type,date,date_time
09:25:03,09:25:03,8.59,8.59,33897,29118373,买盘,2017-07-31,2017-07-31 09:25:03
09:30:03,09:30:03,8.64,0.05,9740,8415360,买盘,2017-07-31,2017-07-31 09:30:03
09:30:06,09:30:06,8.74,0.1,17617,15397834,买盘,2017-07-31,2017-07-31 09:30:06
09:30:09,09:30:09,8.66,-0.08,2508,2171928,卖盘,2017-07-31,2017-07-31 09:30:09
09:30:12,09:30:12,8.66,--,1571,1360486,卖盘,2017-07-31,2017-07-31 09:30:12
09:30:15,09:30:15,8.75,0.09,1570,1373750,买盘,2017-07-31,2017-07-31 09:30:15
09:30:18,09:30:18,8.68,-0.07,936,812448,卖盘,2017-07-31,2017-07-31 09:30:18
09:30:21,09:30:21,8.68,--,1183,1026844,买盘,2017-07-31,2017-07-31 09:30:21
09:30:24,09:30:24,8.64,-0.04,2408,2080512,卖盘,2017-07-31,2017-07-31 09:30:24
09:30:27,09:30:27,8.68,0.04,953,827204,中性盘,2017-07-31,2017-07-31 09:30:27
09:30:30,09:30:30,8.69,0.01,1466,1273954,买盘,2017-07-31,2017-07-31 09:30:30
09:30:33,09:30:33,8.68,-0.01,877,761236,卖盘,2017-07-31,2017-07-31 09:30:33
09:30:36,09:30:36,8.73,0.05,5536,4832928,买盘,2017-07-31,2017-07-31 09:30:36
09:30:39,09:30:39,8.68,-0.05,2089,1813252,卖盘,2017-07-31,2017-07-31 09:30:39
09:30:42,09:30:42,8.75,0.07,2310,2021250,买盘,2017-07-31,2017-07-31 09:30:42
09:30:45,09:30:45,8.75,--,1388,1214500,卖盘,2017-07-31,2017-07-31 09:30:45
09:30:48,09:30:48,8.73,-0.02,633,552609,卖盘,2017-07-31,2017-07-31 09:30:48
09:30:51,09:30:51,8.73,--,2885,2518605,买盘,2017-07-31,2017-07-31 09:30:51
09:30:54,09:30:54,8.73,--,1086,948078,买盘,2017-07-31,2017-07-31 09:30:54
09:30:57,09:30:57,8.7,-0.03,4050,3523499,卖盘,2017-07-31,2017-07-31 09:30:57
09:31:00,09:31:00,8.73,0.03,510,445230,买盘,2017-07-31,2017-07-31 09:31:00
09:31:03,09:31:03,8.7,-0.03,1754,1525979,卖盘,2017-07-31,2017-07-31 09:31:03
09:31:06,09:31:06,8.71,0.01,1097,955487,中性盘,2017-07-31,2017-07-31 09:31:06
09:31:09,09:31:09,8.72,0.01,4200,3662400,买盘,2017-07-31,2017-07-31 09:31:09
09:31:12,09:31:12,8.72,--,735,640920,买盘,2017-07-31,2017-07-31 09:31:12
09:31:15,09:31:15,8.61,-0.11,830,714630,中性盘,2017-07-31,2017-07-31 09:31:15
09:31:18,09:31:18,8.69,0.08,1237,1074953,买盘,2017-07-31,2017-07-31 09:31:18
09:31:21,09:31:21,8.7,0.01,688,598560,买盘,2017-07-31,2017-07-31 09:31:21
09:31:24,09:31:24,8.63,-0.07,525,453075,卖盘,2017-07-31,2017-07-31 09:31:24
09:31:27,09:31:27,8.69,0.06,354,307626,买盘,2017-07-31,2017-07-31 09:31:27
09:31:30,09:31:30,8.62,-0.07,897,773213,卖盘,2017-07-31,2017-07-31 09:31:30
09:31:33,09:31:33,8.69,0.07,1056,917664,买盘,2017-07-31,2017-07-31 09:31:33
09:31:36,09:31:36,8.68,-0.01,218,189224,卖盘,2017-07-31,2017-07-31 09:31:36
09:31:39,09:31:39,8.65,-0.03,863,746495,卖盘,2017-07-31,2017-07-31 09:31:39
09:31:42,09:31:42,8.65,--,397,343405,卖盘,2017-07-31,2017-07-31 09:31:42
09:31:45,09:31:45,8.68,0.03,722,626696,买盘,2017-07-31,2017-07-31 09:31:45
09:31:48,09:31:48,8.67,-0.01,1080,936360,中性盘,2017-07-31,2017-07-31 09:31:48
09:31:51,09:31:51,8.68,0.01,1070,928768,买盘,2017-07-31,2017-07-31 09:31:51
09:31:54,09:31:54,8.65,-0.03,4592,3972080,卖盘,2017-07-31,2017-07-31 09:31:54
09:31:57,09:31:57,8.65,--,2587,2237755,买盘,2017-07-31,2017-07-31 09:31:57
09:32:00,09:32:00,8.64,-0.01,489,422496,卖盘,2017-07-31,2017-07-31 09:32:00
09:32:03,09:32:03,8.67,0.03,858,743886,买盘,2017-07-31,2017-07-31 09:32:03
09:32:06,09:32:06,8.66,-0.01,505,437330,中性盘,2017-07-31,2017-07-31 09:32:06
09:32:09,09:32:09,8.65,-0.01,530,458450,卖盘,2017-07-31,2017-07-31 09:32:09
09:32:12,09:32:12,8.68,0.03,1284,1114512,买盘,2017-07-31,2017-07-31 09:32:12
09:32:15,09:32:15,8.65,-0.03,1017,879705,卖盘,2017-07-31,2017-07-31 09:32:15
09:32:18,09:32:18,8.67,0.02,706,612102,买盘,2017-07-31,2017-07-31 09:32:18
09:32:21,09:32:21,8.68,0.01,524,454832,买盘,2017-07-31,2017-07-31 09:32:21
09:32:24,09:32:24,8.66,-0.02,899,778534,卖盘,2017-07-31,2017-07-31 09:32:24
09:32:27,09:32:27,8.7,0.04,613,533310,买盘,2017-07-31,2017-07-31 09:32:27
09:32:30,09:32:30,8.7,--,1361,1184278,买盘,2017-07-31,2017-07-31 09:32:30
09:32:33,09:32:33,8.71,0.01,354,308334,买盘,2017-07-31,2017-07-31 09:32:33
09:32:36,09:32:36,8.69,-0.02,4084,3548996,卖盘,2017-07-31,2017-07-31 09:32:36
09:32:39,09:32:39,8.71,0.02,273,237783,卖盘,2017-07-31,2017-07-31 09:32:39
09:32:42,09:32:42,8.72,0.01,1297,1130984,中性盘,2017-07-31,2017-07-31 09:32:42
09:32:45,09:32:45,8.71,-0.01,244,212524,卖盘,2017-07-31,2017-07-31 09:32:45
09:32:48,09:32:48,8.7,-0.01,573,498518,卖盘,2017-07-31,2017-07-31 09:32:48
09:32:51,09:32:51,8.71,0.01,1008,877968,买盘,2017-07-31,2017-07-31 09:32:51
09:32:54,09:32:54,8.72,0.01,751,654872,买盘,2017-07-31,2017-07-31 09:32:54
09:32:57,09:32:57,8.72,--,697,607784,买盘,2017-07-31,2017-07-31 09:32:57
09:33:00,09:33:00,8.72,--,1080,942623,买盘,2017-07-31,2017-07-31 09:33:00
09:33:03,09:33:03,8.71,-0.01,598,520858,卖盘,2017-07-31,2017-07-31 09:33:03
09:33:06,09:33:06,8.7,-0.01,521,453269,卖盘,2017-07-31,2017-07-31 09:33:06
09:33:09,09:33:09,8.72,0.02,837,729864,买盘,2017-07-31,2017-07-31 09:33:09
09:33:12,09:33:12,8.7,-0.02,1355,1178850,卖盘,2017-07-31,2017-07-31 09:33:12
09:33:15,09:33:15,8.72,0.02,636,554592,买盘,2017-07-31,2017-07-31 09:33:15
09:33:18,09:33:18,8.69,-0.03,794,689986,中性盘,2017-07-31,2017-07-31 09:33:18
09:33:21,09:33:21,8.69,--,318,276342,买盘,2017-07-31,2017-07-31 09:33:21
09:33:24,09:33:24,8.69,--,438,380622,买盘,2017-07-31,2017-07-31 09:33:24
09:33:27,09:33:27,8.7,0.01,361,314070,买盘,2017-07-31,2017-07-31 09:33:27
09:33:30,09:33:30,8.7,--,500,434999,买盘,2017-07-31,2017-07-31 09:33:30
09:33:33,09:33:33,8.7,--,158,137460,买盘,2017-07-31,2017-07-31 09:33:33
09:33:36,09:33:36,8.72,0.02,1641,1430952,买盘,2017-07-31,2017-07-31 09:33:36
09:33:39,09:33:39,8.69,-0.03,723,628287,卖盘,2017-07-31,2017-07-31 09:33:39
09:33:42,09:33:42,8.69,--,212,184228,卖盘,2017-07-31,2017-07-31 09:33:42
09:33:45,09:33:45,8.7,0.01,157,136590,买盘,2017-07-31,2017-07-31 09:33:45
09:33:48,09:33:48,8.71,0.01,66,57486,买盘,2017-07-31,2017-07-31 09:33:48
09:33:51,09:33:51,8.7,-0.01,427,371489,卖盘,2017-07-31,2017-07-31 09:33:51
09:33:54,09:33:54,8.7,--,600,521999,卖盘,2017-07-31,2017-07-31 09:33:54
09:33:57,09:33:57,8.7,--,426,370619,买盘,2017-07-31,2017-07-31 09:33:57
09:34:00,09:34:00,8.69,-0.01,283,245927,卖盘,2017-07-31,2017-07-31 09:34:00
09:34:03,09:34:03,8.69,--,511,444059,卖盘,2017-07-31,2017-07-31 09:34:03
09:34:06,09:34:06,8.69,--,85,73865,买盘,2017-07-31,2017-07-31 09:34:06
09:34:09,09:34:09,8.69,--,344,298936,买盘,2017-07-31,2017-07-31 09:34:09
09:34:12,09:34:12,8.69,--,100,86900,买盘,2017-07-31,2017-07-31 09:34:12
09:34:15,09:34:15,8.69,--,332,288508,买盘,2017-07-31,2017-07-31 09:34:15
09:34:18,09:34:18,8.7,0.01,583,507209,买盘,2017-07-31,2017-07-31 09:34:18
09:34:21,09:34:21,8.66,-0.04,519,449462,卖盘,2017-07-31,2017-07-31 09:34:21
09:34:24,09:34:24,8.69,0.03,293,254616,买盘,2017-07-31,2017-07-31 09:34:24
09:34:27,09:34:27,8.69,--,298,258961,卖盘,2017-07-31,2017-07-31 09:34:27
09:34:30,09:34:30,8.69,--,870,756030,卖盘,2017-07-31,2017-07-31 09:34:30
09:34:33,09:34:33,8.69,--,308,267652,卖盘,2017-07-31,2017-07-31 09:34:33
09:34:36,09:34:36,8.71,0.02,2857,2488447,买盘,2017-07-31,2017-07-31 09:34:36
09:34:39,09:34:39,8.68,-0.03,699,606732,买盘,2017-07-31,2017-07-31 09:34:39
09:34:42,09:34:42,8.68,--,53,46004,买盘,2017-07-31,2017-07-31 09:34:42
09:34:45,09:34:45,8.69,0.01,338,293722,买盘,2017-07-31,2017-07-31 09:34:45
09:34:48,09:34:48,8.69,--,44,38236,买盘,2017-07-31,2017-07-31 09:34:48
09:34:51,09:34:51,8.69,--,233,202477,买盘,2017-07-31,2017-07-31 09:34:51
09:34:54,09:34:54,8.68,-0.01,497,431396,中性盘,2017-07-31,2017-07-31 09:34:54
09:34:57,09:34:57,8.68,--,900,781200,买盘,2017-07-31,2017-07-31 09:34:57
09:35:00,09:35:00,8.68,--,559,486019,卖盘,2017-07-31,2017-07-31 09:35:00
09:35:03,09:35:03,8.67,-0.01,818,709266,卖盘,2017-07-31,2017-07-31 09:35:03
09:35:06,09:35:06,8.67,--,446,386682,买盘,2017-07-31,2017-07-31 09:35:06
09:35:09,09:35:09,8.66,-0.01,74,64084,卖盘,2017-07-31,2017-07-31 09:35:09
09:35:12,09:35:12,8.66,--,212,183592,卖盘,2017-07-31,2017-07-31 09:35:12
09:35:15,09:35:15,8.65,-0.01,845,730925,卖盘,2017-07-31,2017-07-31 09:35:15
09:35:18,09:35:18,8.67,0.02,404,350268,买盘,2017-07-31,2017-07-31 09:35:18
09:35:21,09:35:21,8.65,-0.02,269,232685,卖盘,2017-07-31,2017-07-31 09:35:21
09:35:24,09:35:24,8.66,0.01,507,439062,买盘,2017-07-31,2017-07-31 09:35:24
09:35:27,09:35:27,8.66,--,136,117776,买盘,2017-07-31,2017-07-31 09:35:27
09:35:30,09:35:30,8.65,-0.01,651,563115,卖盘,2017-07-31,2017-07-31 09:35:30
09:35:33,09:35:33,8.64,-0.01,483,417312,卖盘,2017-07-31,2017-07-31 09:35:33
09:35:36,09:35:36,8.65,0.01,456,394440,买盘,2017-07-31,2017-07-31 09:35:36
09:35:39,09:35:39,8.65,--,89,76985,买盘,2017-07-31,2017-07-31 09:35:39
09:35:42,09:35:42,8.65,--,450,389250,买盘,2017-07-31,2017-07-31 09:35:42
09:35:45,09:35:45,8.63,-0.02,95,81985,卖盘,2017-07-31,2017-07-31 09:35:45
09:35:48,09:35:48,8.64,0.01,985,851040,买盘,2017-07-31,2017-07-31 09:35:48
09:35:51,09:35:51,8.62,-0.02,620,535293,卖盘,2017-07-31,2017-07-31 09:35:51
09:35:54,09:35:54,8.62,--,574,495641,卖盘,2017-07-31,2017-07-31 09:35:54
09:35:57,09:35:57,8.63,0.01,739,637757,买盘,2017-07-31,2017-07-31 09:35:57
09:36:00,09:36:00,8.63,--,517,446171,买盘,2017-07-31,2017-07-31 09:36:00
09:36:03,09:36:03,8.61,-0.02,656,564859,卖盘,2017-07-31,2017-07-31 09:36:03
09:36:06,09:36:06,8.62,0.01,806,694771,买盘,2017-07-31,2017-07-31 09:36:06
09:36:09,09:36:09,8.59,-0.03,6334,5441155,卖盘,2017-07-31,2017-07-31 09:36:09
09:36:12,09:36:12,8.59,--,353,303227,卖盘,2017-07-31,2017-07-31 09:36:12
09:36:15,09:36:15,8.59,--,2302,1977418,卖盘,2017-07-31,2017-07-31 09:36:15
09:36:18,09:36:18,8.6,0.01,302,259720,买盘,2017-07-31,2017-07-31 09:36:18
09:36:21,09:36:21,8.6,--,1840,1582400,买盘,2017-07-31,2017-07-31 09:36:21
09:36:24,09:36:24,8.59,-0.01,2265,1945635,卖盘,2017-07-31,2017-07-31 09:36:24
09:36:27,09:36:27,8.6,0.01,711,611460,卖盘,2017-07-31,2017-07-31 09:36:27
09:36:30,09:36:30,8.59,-0.01,415,356485,卖盘,2017-07-31,2017-07-31 09:36:30
09:36:33,09:36:33,8.62,0.03,338,291356,买盘,2017-07-31,2017-07-31 09:36:33
09:36:36,09:36:36,8.59,-0.03,250,214750,卖盘,2017-07-31,2017-07-31 09:36:36
09:36:39,09:36:39,8.6,0.01,1007,866020,买盘,2017-07-31,2017-07-31 09:36:39
09:36:42,09:36:42,8.6,--,1173,1008780,买盘,2017-07-31,2017-07-31 09:36:42
09:36:45,09:36:45,8.6,--,94,80840,买盘,2017-07-31,2017-07-31 09:36:45
09:36:48,09:36:48,8.6,--,427,367220,买盘,2017-07-31,2017-07-31 09:36:48
09:36:51,09:36:51,8.63,0.03,878,757714,买盘,2017-07-31,2017-07-31 09:36:51
09:36:54,09:36:54,8.63,--,356,307228,卖盘,2017-07-31,2017-07-31 09:36:54
09:36:57,09:36:57,8.63,--,614,529882,卖盘,2017-07-31,2017-07-31 09:36:57
09:37:00,09:37:00,8.63,--,40,34520,卖盘,2017-07-31,2017-07-31 09:37:00
09:37:03,09:37:03,8.64,0.01,412,355968,买盘,2017-07-31,2017-07-31 09:37:03
09:37:06,09:37:06,8.63,-0.01,636,548868,卖盘,2017-07-31,2017-07-31 09:37:06
09:37:09,09:37:09,8.61,-0.02,499,429639,卖盘,2017-07-31,2017-07-31 09:37:09
09:37:12,09:37:12,8.63,0.02,154,132902,买盘,2017-07-31,2017-07-31 09:37:12
09:37:15,09:37:15,8.64,0.01,1362,1176768,买盘,2017-07-31,2017-07-31 09:37:15
09:37:18,09:37:18,8.64,--,456,393984,卖盘,2017-07-31,2017-07-31 09:37:18
09:37:21,09:37:21,8.63,-0.01,480,414240,卖盘,2017-07-31,2017-07-31 09:37:21
09:37:24,09:37:24,8.65,0.02,534,461910,买盘,2017-07-31,2017-07-31 09:37:24
09:37:27,09:37:27,8.63,-0.02,1100,949300,卖盘,2017-07-31,2017-07-31 09:37:27
09:37:30,09:37:30,8.64,0.01,348,300672,买盘,2017-07-31,2017-07-31 09:37:30
09:37:33,09:37:33,8.64,--,343,296352,买盘,2017-07-31,2017-07-31 09:37:33
09:37:36,09:37:36,8.63,-0.01,282,243366,卖盘,2017-07-31,2017-07-31 09:37:36
09:37:39,09:37:39,8.64,0.01,188,162432,买盘,2017-07-31,2017-07-31 09:37:39
09:37:42,09:37:42,8.63,-0.01,986,850918,卖盘,2017-07-31,2017-07-31 09:37:42
09:37:45,09:37:45,8.64,0.01,131,113184,买盘,2017-07-31,2017-07-31 09:37:45
09:37:48,09:37:48,8.64,--,136,117504,卖盘,2017-07-31,2017-07-31 09:37:48
09:37:51,09:37:51,8.64,--,147,127008,卖盘,2017-07-31,2017-07-31 09:37:51
09:37:54,09:37:54,8.65,0.01,596,515540,买盘,2017-07-31,2017-07-31 09:37:54
09:37:57,09:37:57,8.65,--,791,684215,卖盘,2017-07-31,2017-07-31 09:37:57
09:38:00,09:38:00,8.65,--,337,291505,卖盘,2017-07-31,2017-07-31 09:38:00
09:38:03,09:38:03,8.66,0.01,458,396628,买盘,2017-07-31,2017-07-31 09:38:03
09:38:06,09:38:06,8.66,--,812,703192,买盘,2017-07-31,2017-07-31 09:38:06
09:38:09,09:38:09,8.65,-0.01,991,857215,中性盘,2017-07-31,2017-07-31 09:38:09
09:38:12,09:38:12,8.66,0.01,481,416546,买盘,2017-07-31,2017-07-31 09:38:12
09:38:15,09:38:15,8.66,--,279,241614,卖盘,2017-07-31,2017-07-31 09:38:15
09:38:18,09:38:18,8.66,--,150,129900,卖盘,2017-07-31,2017-07-31 09:38:18
09:38:21,09:38:21,8.67,0.01,564,488988,买盘,2017-07-31,2017-07-31 09:38:21
09:38:24,09:38:24,8.67,--,210,182070,卖盘,2017-07-31,2017-07-31 09:38:24
09:38:27,09:38:27,8.68,0.01,10,8680,买盘,2017-07-31,2017-07-31 09:38:27
09:38:30,09:38:30,8.68,--,670,581560,买盘,2017-07-31,2017-07-31 09:38:30
09:38:33,09:38:33,8.69,0.01,420,364980,买盘,2017-07-31,2017-07-31 09:38:33
09:38:36,09:38:36,8.68,-0.01,349,302932,卖盘,2017-07-31,2017-07-31 09:38:36
09:38:39,09:38:39,8.7,0.02,1491,1297979,买盘,2017-07-31,2017-07-31 09:38:39
09:38:42,09:38:42,8.71,0.01,830,722930,买盘,2017-07-31,2017-07-31 09:38:42
09:38:45,09:38:45,8.7,-0.01,395,343650,卖盘,2017-07-31,2017-07-31 09:38:45
09:38:48,09:38:48,8.72,0.02,978,852816,买盘,2017-07-31,2017-07-31 09:38:48
09:38:51,09:38:51,8.71,-0.01,273,237783,卖盘,2017-07-31,2017-07-31 09:38:51
09:38:54,09:38:54,8.72,0.01,233,203176,买盘,2017-07-31,2017-07-31 09:38:54
09:38:57,09:38:57,8.73,0.01,533,465309,买盘,2017-07-31,2017-07-31 09:38:57
09:39:00,09:39:00,8.73,--,201,175473,买盘,2017-07-31,2017-07-31 09:39:00
09:39:03,09:39:03,8.75,0.02,1757,1537375,买盘,2017-07-31,2017-07-31 09:39:03
09:39:06,09:39:06,8.75,--,209,182875,买盘,2017-07-31,2017-07-31 09:39:06
09:39:09,09:39:09,8.74,-0.01,754,658996,卖盘,2017-07-31,2017-07-31 09:39:09
09:39:12,09:39:12,8.75,0.01,943,825903,买盘,2017-07-31,2017-07-31 09:39:12
09:39:15,09:39:15,8.75,--,1340,1172500,卖盘,2017-07-31,2017-07-31 09:39:15
09:39:18,09:39:18,8.75,--,828,724500,卖盘,2017-07-31,2017-07-31 09:39:18
09:39:21,09:39:21,8.79,0.04,796,699683,买盘,2017-07-31,2017-07-31 09:39:21
09:39:24,09:39:24,8.78,-0.01,71,62337,卖盘,2017-07-31,2017-07-31 09:39:24
09:39:27,09:39:27,8.78,--,980,860439,卖盘,2017-07-31,2017-07-31 09:39:27
09:39:30,09:39:30,8.8,0.02,259,227920,买盘,2017-07-31,2017-07-31 09:39:30
09:39:33,09:39:33,8.79,-0.01,604,530916,买盘,2017-07-31,2017-07-31 09:39:33
09:39:36,09:39:36,8.78,-0.01,721,633038,卖盘,2017-07-31,2017-07-31 09:39:36
09:39:39,09:39:39,8.79,0.01,2526,2220354,买盘,2017-07-31,2017-07-31 09:39:39
09:39:42,09:39:42,8.8,0.01,2335,2054800,买盘,2017-07-31,2017-07-31 09:39:42
09:39:45,09:39:45,8.82,0.02,214,188748,买盘,2017-07-31,2017-07-31 09:39:45
09:39:48,09:39:48,8.82,--,1178,1038996,买盘,2017-07-31,2017-07-31 09:39:48
09:39:51,09:39:51,8.85,0.03,324,286740,买盘,2017-07-31,2017-07-31 09:39:51
09:39:54,09:39:54,8.83,-0.02,496,437968,卖盘,2017-07-31,2017-07-31 09:39:54
09:39:57,09:39:57,8.87,0.04,1446,1282602,买盘,2017-07-31,2017-07-31 09:39:57
09:40:00,09:40:00,8.85,-0.02,3055,2703675,卖盘,2017-07-31,2017-07-31 09:40:00
09:40:03,09:40:03,8.87,0.02,1536,1362431,买盘,2017-07-31,2017-07-31 09:40:03
09:40:06,09:40:06,8.85,-0.02,517,457545,卖盘,2017-07-31,2017-07-31 09:40:06
09:40:09,09:40:09,8.85,--,1422,1258470,卖盘,2017-07-31,2017-07-31 09:40:09
09:40:12,09:40:12,8.88,0.03,1745,1549560,买盘,2017-07-31,2017-07-31 09:40:12
09:40:15,09:40:15,8.88,--,649,576312,买盘,2017-07-31,2017-07-31 09:40:15
09:40:18,09:40:18,8.88,--,757,672216,买盘,2017-07-31,2017-07-31 09:40:18
09:40:21,09:40:21,8.88,--,84,74592,卖盘,2017-07-31,2017-07-31 09:40:21
09:40:24,09:40:24,8.89,0.01,343,304927,中性盘,2017-07-31,2017-07-31 09:40:24
09:40:27,09:40:27,8.88,-0.01,714,634032,卖盘,2017-07-31,2017-07-31 09:40:27
09:40:30,09:40:30,8.9,0.02,1076,957640,中性盘,2017-07-31,2017-07-31 09:40:30
09:40:33,09:40:33,8.95,0.05,737,659615,买盘,2017-07-31,2017-07-31 09:40:33
09:40:36,09:40:36,8.92,-0.03,290,258680,卖盘,2017-07-31,2017-07-31 09:40:36
09:40:39,09:40:39,8.9,-0.02,1155,1027950,卖盘,2017-07-31,2017-07-31 09:40:39
09:40:42,09:40:42,8.93,0.03,1569,1401117,买盘,2017-07-31,2017-07-31 09:40:42
09:40:45,09:40:45,8.89,-0.04,1853,1647317,卖盘,2017-07-31,2017-07-31 09:40:45
09:40:48,09:40:48,8.89,--,441,392049,买盘,2017-07-31,2017-07-31 09:40:48
09:40:51,09:40:51,8.88,-0.01,618,548784,卖盘,2017-07-31,2017-07-31 09:40:51
09:40:54,09:40:54,8.89,0.01,490,435610,买盘,2017-07-31,2017-07-31 09:40:54
09:40:57,09:40:57,8.87,-0.02,395,350364,卖盘,2017-07-31,2017-07-31 09:40:57
09:41:00,09:41:00,8.87,--,582,516233,卖盘,2017-07-31,2017-07-31 09:41:00
09:41:03,09:41:03,8.87,--,209,185382,买盘,2017-07-31,2017-07-31 09:41:03
09:41:06,09:41:06,8.83,-0.04,553,488299,卖盘,2017-07-31,2017-07-31 09:41:06
09:41:09,09:41:09,8.87,0.04,223,197800,中性盘,2017-07-31,2017-07-31 09:41:09
09:41:12,09:41:12,8.88,0.01,204,181152,买盘,2017-07-31,2017-07-31 09:41:12
09:41:15,09:41:15,8.87,-0.01,183,162321,买盘,2017-07-31,2017-07-31 09:41:15
09:41:18,09:41:18,8.84,-0.03,51,45084,卖盘,2017-07-31,2017-07-31 09:41:18
09:41:21,09:41:21,8.85,0.01,88,77880,买盘,2017-07-31,2017-07-31 09:41:21
09:41:24,09:41:24,8.87,0.02,285,252794,买盘,2017-07-31,2017-07-31 09:41:24
09:41:27,09:41:27,8.84,-0.03,577,510068,卖盘,2017-07-31,2017-07-31 09:41:27
09:41:30,09:41:30,8.84,--,158,139672,买盘,2017-07-31,2017-07-31 09:41:30
09:41:33,09:41:33,8.84,--,146,129064,买盘,2017-07-31,2017-07-31 09:41:33
09:41:36,09:41:36,8.84,--,378,334152,买盘,2017-07-31,2017-07-31 09:41:36
09:41:39,09:41:39,8.85,0.01,272,240720,买盘,2017-07-31,2017-07-31 09:41:39
09:41:42,09:41:42,8.85,--,74,65490,卖盘,2017-07-31,2017-07-31 09:41:42
09:41:45,09:41:45,8.81,-0.04,2195,1933795,卖盘,2017-07-31,2017-07-31 09:41:45
09:41:48,09:41:48,8.82,0.01,173,152586,中性盘,2017-07-31,2017-07-31 09:41:48
09:41:51,09:41:51,8.81,-0.01,54,47574,卖盘,2017-07-31,2017-07-31 09:41:51
09:41:54,09:41:54,8.85,0.04,388,343380,买盘,2017-07-31,2017-07-31 09:41:54
09:41:57,09:41:57,8.82,-0.03,263,231966,中性盘,2017-07-31,2017-07-31 09:41:57
09:42:00,09:42:00,8.83,0.01,40,35320,中性盘,2017-07-31,2017-07-31 09:42:00
09:42:03,09:42:03,8.81,-0.02,383,337423,卖盘,2017-07-31,2017-07-31 09:42:03
09:42:06,09:42:06,8.82,0.01,255,224910,买盘,2017-07-31,2017-07-31 09:42:06
09:42:09,09:42:09,8.85,0.03,2483,2197455,买盘,2017-07-31,2017-07-31 09:42:09
09:42:12,09:42:12,8.82,-0.03,145,127890,卖盘,2017-07-31,2017-07-31 09:42:12
09:42:15,09:42:15,8.87,0.05,1122,995657,买盘,2017-07-31,2017-07-31 09:42:15
09:42:18,09:42:18,8.88,0.01,211,187368,卖盘,2017-07-31,2017-07-31 09:42:18
09:42:21,09:42:21,8.88,--,32,28416,卖盘,2017-07-31,2017-07-31 09:42:21
09:42:24,09:42:24,8.87,-0.01,67,59428,卖盘,2017-07-31,2017-07-31 09:42:24
09:42:27,09:42:27,8.9,0.03,280,249200,买盘,2017-07-31,2017-07-31 09:42:27
09:42:30,09:42:30,8.88,-0.02,229,203352,中性盘,2017-07-31,2017-07-31 09:42:30
09:42:33,09:42:33,8.88,--,119,105672,买盘,2017-07-31,2017-07-31 09:42:33
09:42:36,09:42:36,8.9,0.02,783,696870,买盘,2017-07-31,2017-07-31 09:42:36
09:42:39,09:42:39,8.9,--,63,56070,买盘,2017-07-31,2017-07-31 09:42:39
09:42:42,09:42:42,8.9,--,2136,1901040,买盘,2017-07-31,2017-07-31 09:42:42
09:42:45,09:42:45,8.88,-0.02,429,380952,卖盘,2017-07-31,2017-07-31 09:42:45
09:42:48,09:42:48,8.9,0.02,438,389820,买盘,2017-07-31,2017-07-31 09:42:48
09:42:51,09:42:51,8.9,--,381,339090,买盘,2017-07-31,2017-07-31 09:42:51
09:42:54,09:42:54,8.91,0.01,313,278883,买盘,2017-07-31,2017-07-31 09:42:54
09:42:57,09:42:57,8.9,-0.01,540,480600,卖盘,2017-07-31,2017-07-31 09:42:57
09:43:00,09:43:00,8.91,0.01,703,626373,买盘,2017-07-31,2017-07-31 09:43:00
09:43:03,09:43:03,8.96,0.05,2134,1912064,买盘,2017-07-31,2017-07-31 09:43:03
09:43:06,09:43:06,8.91,-0.05,847,754677,卖盘,2017-07-31,2017-07-31 09:43:06
09:43:09,09:43:09,8.91,--,196,174636,卖盘,2017-07-31,2017-07-31 09:43:09
09:43:12,09:43:12,8.95,0.04,226,202269,中性盘,2017-07-31,2017-07-31 09:43:12
09:43:15,09:43:15,8.96,0.01,153,137088,买盘,2017-07-31,2017-07-31 09:43:15
09:43:18,09:43:18,8.96,--,295,264320,卖盘,2017-07-31,2017-07-31 09:43:18
09:43:21,09:43:21,8.95,-0.01,701,627395,卖盘,2017-07-31,2017-07-31 09:43:21
09:43:24,09:43:24,8.97,0.02,532,477204,买盘,2017-07-31,2017-07-31 09:43:24
09:43:27,09:43:27,8.95,-0.02,503,450184,卖盘,2017-07-31,2017-07-31 09:43:27
09:43:30,09:43:30,8.95,--,334,298930,买盘,2017-07-31,2017-07-31 09:43:30
09:43:33,09:43:33,8.95,--,418,374109,买盘,2017-07-31,2017-07-31 09:43:33
09:43:36,09:43:36,8.95,--,263,235384,买盘,2017-07-31,2017-07-31 09:43:36
09:43:39,09:43:39,8.95,--,462,413489,买盘,2017-07-31,2017-07-31 09:43:39
09:43:42,09:43:42,8.94,-0.01,465,415710,中性盘,2017-07-31,2017-07-31 09:43:42
09:43:45,09:43:45,8.95,0.01,555,496724,买盘,2017-07-31,2017-07-31 09:43:45
09:43:48,09:43:48,8.95,--,1287,1151865,卖盘,2017-07-31,2017-07-31 09:43:48
09:43:51,09:43:51,8.94,-0.01,286,255684,卖盘,2017-07-31,2017-07-31 09:43:51
09:43:54,09:43:54,8.92,-0.02,360,321120,卖盘,2017-07-31,2017-07-31 09:43:54
09:43:57,09:43:57,8.93,0.01,1388,1239484,买盘,2017-07-31,2017-07-31 09:43:57
09:44:00,09:44:00,8.95,0.02,160,143200,买盘,2017-07-31,2017-07-31 09:44:00
09:44:03,09:44:03,8.91,-0.04,91,81081,中性盘,2017-07-31,2017-07-31 09:44:03
09:44:06,09:44:06,8.91,--,826,735966,买盘,2017-07-31,2017-07-31 09:44:06
09:44:09,09:44:09,8.93,0.02,387,345591,买盘,2017-07-31,2017-07-31 09:44:09
09:44:12,09:44:12,8.91,-0.02,181,161271,卖盘,2017-07-31,2017-07-31 09:44:12
09:44:15,09:44:15,8.89,-0.02,1110,986790,卖盘,2017-07-31,2017-07-31 09:44:15
09:44:18,09:44:18,8.91,0.02,471,419661,买盘,2017-07-31,2017-07-31 09:44:18
09:44:21,09:44:21,8.9,-0.01,179,159310,买盘,2017-07-31,2017-07-31 09:44:21
09:44:24,09:44:24,8.88,-0.02,137,121656,卖盘,2017-07-31,2017-07-31 09:44:24
09:44:27,09:44:27,8.87,-0.01,120,106439,卖盘,2017-07-31,2017-07-31 09:44:27
09:44:30,09:44:30,8.9,0.03,1048,932720,买盘,2017-07-31,2017-07-31 09:44:30
09:44:33,09:44:33,8.85,-0.05,186,164610,卖盘,2017-07-31,2017-07-31 09:44:33
09:44:36,09:44:36,8.87,0.02,54,47897,买盘,2017-07-31,2017-07-31 09:44:36
09:44:39,09:44:39,8.87,--,89,78943,买盘,2017-07-31,2017-07-31 09:44:39
09:44:42,09:44:42,8.87,--,48,42575,卖盘,2017-07-31,2017-07-31 09:44:42
09:44:45,09:44:45,8.85,-0.02,106,93810,卖盘,2017-07-31,2017-07-31 09:44:45
09:44:48,09:44:48,8.86,0.01,687,608682,买盘,2017-07-31,2017-07-31 09:44:48
09:44:51,09:44:51,8.86,--,139,123153,买盘,2017-07-31,2017-07-31 09:44:51
09:44:54,09:44:54,8.82,-0.04,1085,956970,卖盘,2017-07-31,2017-07-31 09:44:54
09:44:57,09:44:57,8.86,0.04,47,41642,中性盘,2017-07-31,2017-07-31 09:44:57
09:45:00,09:45:00,8.84,-0.02,18,15912,中性盘,2017-07-31,2017-07-31 09:45:00
09:45:03,09:45:03,8.85,0.01,140,123900,买盘,2017-07-31,2017-07-31 09:45:03
09:45:06,09:45:06,8.85,--,43,38055,买盘,2017-07-31,2017-07-31 09:45:06
09:45:09,09:45:09,8.83,-0.02,494,436202,卖盘,2017-07-31,2017-07-31 09:45:09
09:45:12,09:45:12,8.85,0.02,170,150450,买盘,2017-07-31,2017-07-31 09:45:12
09:45:15,09:45:15,8.83,-0.02,241,212803,卖盘,2017-07-31,2017-07-31 09:45:15
09:45:18,09:45:18,8.83,--,112,98896,卖盘,2017-07-31,2017-07-31 09:45:18
09:45:21,09:45:21,8.83,--,217,191611,买盘,2017-07-31,2017-07-31 09:45:21
09:45:24,09:45:24,8.83,--,335,295805,买盘,2017-07-31,2017-07-31 09:45:24
09:45:27,09:45:27,8.81,-0.02,550,484550,卖盘,2017-07-31,2017-07-31 09:45:27
09:45:30,09:45:30,8.82,0.01,847,747054,中性盘,2017-07-31,2017-07-31 09:45:30
09:45:33,09:45:33,8.82,--,64,56448,买盘,2017-07-31,2017-07-31 09:45:33
09:45:36,09:45:36,8.83,0.01,114,100662,买盘,2017-07-31,2017-07-31 09:45:36
09:45:39,09:45:39,8.82,-0.01,261,230202,买盘,2017-07-31,2017-07-31 09:45:39
09:45:42,09:45:42,8.81,-0.01,165,145365,卖盘,2017-07-31,2017-07-31 09:45:42
09:45:45,09:45:45,8.81,--,43,37883,买盘,2017-07-31,2017-07-31 09:45:45
09:45:48,09:45:48,8.82,0.01,427,376614,买盘,2017-07-31,2017-07-31 09:45:48
09:45:51,09:45:51,8.81,-0.01,97,85457,卖盘,2017-07-31,2017-07-31 09:45:51
09:45:54,09:45:54,8.82,0.01,143,126126,中性盘,2017-07-31,2017-07-31 09:45:54
09:45:57,09:45:57,8.8,-0.02,143,125840,卖盘,2017-07-31,2017-07-31 09:45:57
09:46:00,09:46:00,8.81,0.01,231,203511,买盘,2017-07-31,2017-07-31 09:46:00
09:46:03,09:46:03,8.8,-0.01,70,61600,卖盘,2017-07-31,2017-07-31 09:46:03
09:46:06,09:46:06,8.78,-0.02,254,223011,卖盘,2017-07-31,2017-07-31 09:46:06
09:46:09,09:46:09,8.79,0.01,136,119543,买盘,2017-07-31,2017-07-31 09:46:09
09:46:12,09:46:12,8.79,--,81,71199,买盘,2017-07-31,2017-07-31 09:46:12
09:46:15,09:46:15,8.76,-0.03,309,270684,卖盘,2017-07-31,2017-07-31 09:46:15
09:46:18,09:46:18,8.77,0.01,32,28064,买盘,2017-07-31,2017-07-31 09:46:18
09:46:21,09:46:21,8.76,-0.01,47,41172,中性盘,2017-07-31,2017-07-31 09:46:21
09:46:24,09:46:24,8.75,-0.01,66,57750,卖盘,2017-07-31,2017-07-31 09:46:24
09:46:27,09:46:27,8.76,0.01,145,127020,买盘,2017-07-31,2017-07-31 09:46:27
09:46:30,09:46:30,8.76,--,123,107748,买盘,2017-07-31,2017-07-31 09:46:30
09:46:33,09:46:33,8.76,--,101,88476,买盘,2017-07-31,2017-07-31 09:46:33
09:46:36,09:46:36,8.75,-0.01,215,188125,卖盘,2017-07-31,2017-07-31 09:46:36
09:46:39,09:46:39,8.75,--,62,54250,卖盘,2017-07-31,2017-07-31 09:46:39
09:46:42,09:46:42,8.76,0.01,99,86724,买盘,2017-07-31,2017-07-31 09:46:42
09:46:45,09:46:45,8.76,--,40,35040,卖盘,2017-07-31,2017-07-31 09:46:45
09:46:48,09:46:48,8.76,--,444,388944,卖盘,2017-07-31,2017-07-31 09:46:48
09:46:51,09:46:51,8.76,--,18,15768,卖盘,2017-07-31,2017-07-31 09:46:51
09:46:54,09:46:54,8.77,0.01,223,195571,卖盘,2017-07-31,2017-07-31 09:46:54
09:46:57,09:46:57,8.77,--,22,19294,卖盘,2017-07-31,2017-07-31 09:46:57
09:47:00,09:47:00,8.78,0.01,119,104481,买盘,2017-07-31,2017-07-31 09:47:00
09:47:03,09:47:03,8.77,-0.01,217,190309,卖盘,2017-07-31,2017-07-31 09:47:03
09:47:06,09:47:06,8.77,--,285,249945,卖盘,2017-07-31,2017-07-31 09:47:06
09:47:09,09:47:09,8.77,--,130,114010,卖盘,2017-07-31,2017-07-31 09:47:09
09:47:12,09:47:12,8.78,0.01,570,500459,买盘,2017-07-31,2017-07-31 09:47:12
09:47:15,09:47:15,8.79,0.01,506,444773,买盘,2017-07-31,2017-07-31 09:47:15
09:47:18,09:47:18,8.79,--,110,96689,买盘,2017-07-31,2017-07-31 09:47:18
09:47:21,09:47:21,8.78,-0.01,162,142236,卖盘,2017-07-31,2017-07-31 09:47:21
09:47:24,09:47:24,8.78,--,222,194916,卖盘,2017-07-31,2017-07-31 09:47:24
09:47:27,09:47:27,8.8,0.02,168,147840,买盘,2017-07-31,2017-07-31 09:47:27
09:47:30,09:47:30,8.8,--,26,22880,买盘,2017-07-31,2017-07-31 09:47:30
09:47:33,09:47:33,8.8,--,603,531106,买盘,2017-07-31,2017-07-31 09:47:33
09:47:36,09:47:36,8.8,--,13,11440,卖盘,2017-07-31,2017-07-31 09:47:36
09:47:39,09:47:39,8.8,--,63,55440,卖盘,2017-07-31,2017-07-31 09:47:39
09:47:42,09:47:42,8.81,0.01,3,2643,买盘,2017-07-31,2017-07-31 09:47:42
09:47:45,09:47:45,8.8,-0.01,123,108240,卖盘,2017-07-31,2017-07-31 09:47:45
09:47:48,09:47:48,8.81,0.01,211,185891,买盘,2017-07-31,2017-07-31 09:47:48
09:47:51,09:47:51,8.81,--,153,134793,买盘,2017-07-31,2017-07-31 09:47:51
09:47:54,09:47:54,8.83,0.02,682,602206,买盘,2017-07-31,2017-07-31 09:47:54
09:47:57,09:47:57,8.81,-0.02,36,31716,卖盘,2017-07-31,2017-07-31 09:47:57
09:48:00,09:48:00,8.83,0.02,83,73289,买盘,2017-07-31,2017-07-31 09:48:00
09:48:03,09:48:03,8.83,--,163,143929,买盘,2017-07-31,2017-07-31 09:48:03
09:48:06,09:48:06,8.84,0.01,47,41548,买盘,2017-07-31,2017-07-31 09:48:06
09:48:09,09:48:09,8.84,--,69,60996,买盘,2017-07-31,2017-07-31 09:48:09
09:48:12,09:48:12,8.84,--,47,41548,买盘,2017-07-31,2017-07-31 09:48:12
09:48:15,09:48:15,8.82,-0.02,437,385434,卖盘,2017-07-31,2017-07-31 09:48:15
09:48:18,09:48:18,8.82,--,249,219618,买盘,2017-07-31,2017-07-31 09:48:18
09:48:21,09:48:21,8.82,--,265,233730,买盘,2017-07-31,2017-07-31 09:48:21
09:48:24,09:48:24,8.81,-0.01,75,66075,卖盘,2017-07-31,2017-07-31 09:48:24
09:48:27,09:48:27,8.81,--,116,102196,卖盘,2017-07-31,2017-07-31 09:48:27
09:48:30,09:48:30,8.81,--,334,294254,卖盘,2017-07-31,2017-07-31 09:48:30
09:48:33,09:48:33,8.81,--,16,14096,买盘,2017-07-31,2017-07-31 09:48:33
09:48:36,09:48:36,8.81,--,890,784090,买盘,2017-07-31,2017-07-31 09:48:36
09:48:39,09:48:39,8.8,-0.01,955,840813,卖盘,2017-07-31,2017-07-31 09:48:39
09:48:42,09:48:42,8.8,--,351,308880,买盘,2017-07-31,2017-07-31 09:48:42
09:48:45,09:48:45,8.8,--,210,184800,买盘,2017-07-31,2017-07-31 09:48:45
09:48:48,09:48:48,8.79,-0.01,109,95810,卖盘,2017-07-31,2017-07-31 09:48:48
09:48:51,09:48:51,8.79,--,91,79988,卖盘,2017-07-31,2017-07-31 09:48:51
09:48:54,09:48:54,8.78,-0.01,435,381930,卖盘,2017-07-31,2017-07-31 09:48:54
09:48:57,09:48:57,8.78,--,149,130821,卖盘,2017-07-31,2017-07-31 09:48:57
09:49:00,09:49:00,8.78,--,20,17560,买盘,2017-07-31,2017-07-31 09:49:00
09:49:03,09:49:03,8.78,--,324,284472,买盘,2017-07-31,2017-07-31 09:49:03
09:49:06,09:49:06,8.77,-0.01,29,25433,卖盘,2017-07-31,2017-07-31 09:49:06
09:49:09,09:49:09,8.77,--,220,192940,卖盘,2017-07-31,2017-07-31 09:49:09
09:49:12,09:49:12,8.76,-0.01,64,56064,卖盘,2017-07-31,2017-07-31 09:49:12
09:49:15,09:49:15,8.78,0.02,247,216865,买盘,2017-07-31,2017-07-31 09:49:15
09:49:18,09:49:18,8.76,-0.02,278,243528,卖盘,2017-07-31,2017-07-31 09:49:18
09:49:21,09:49:21,8.77,0.01,204,178908,买盘,2017-07-31,2017-07-31 09:49:21
09:49:24,09:49:24,8.76,-0.01,111,97236,卖盘,2017-07-31,2017-07-31 09:49:24
09:49:27,09:49:27,8.76,--,629,551004,卖盘,2017-07-31,2017-07-31 09:49:27
09:49:30,09:49:30,8.76,--,68,59568,买盘,2017-07-31,2017-07-31 09:49:30
09:49:33,09:49:33,8.76,--,11,9636,买盘,2017-07-31,2017-07-31 09:49:33
09:49:36,09:49:36,8.75,-0.01,29,25375,卖盘,2017-07-31,2017-07-31 09:49:36
09:49:39,09:49:39,8.75,--,20,17500,买盘,2017-07-31,2017-07-31 09:49:39
09:49:42,09:49:42,8.75,--,73,63875,买盘,2017-07-31,2017-07-31 09:49:42
09:49:45,09:49:45,8.73,-0.02,442,385866,卖盘,2017-07-31,2017-07-31 09:49:45
09:49:51,09:49:51,8.73,--,8,6984,买盘,2017-07-31,2017-07-31 09:49:51
09:49:54,09:49:54,8.73,--,44,38412,买盘,2017-07-31,2017-07-31 09:49:54
09:49:57,09:49:57,8.73,--,66,57618,买盘,2017-07-31,2017-07-31 09:49:57
09:50:00,09:50:00,8.72,-0.01,105,91560,卖盘,2017-07-31,2017-07-31 09:50:00
09:50:03,09:50:03,8.71,-0.01,305,265655,卖盘,2017-07-31,2017-07-31 09:50:03
09:50:06,09:50:06,8.71,--,174,151554,卖盘,2017-07-31,2017-07-31 09:50:06
09:50:09,09:50:09,8.72,0.01,517,450824,买盘,2017-07-31,2017-07-31 09:50:09
09:50:12,09:50:12,8.71,-0.01,88,76648,卖盘,2017-07-31,2017-07-31 09:50:12
09:50:15,09:50:15,8.72,0.01,118,102896,买盘,2017-07-31,2017-07-31 09:50:15
09:50:21,09:50:21,8.71,-0.01,176,153296,中性盘,2017-07-31,2017-07-31 09:50:21
09:50:24,09:50:24,8.71,--,197,171587,买盘,2017-07-31,2017-07-31 09:50:24
09:50:27,09:50:27,8.7,-0.01,58,50459,卖盘,2017-07-31,2017-07-31 09:50:27
09:50:30,09:50:30,8.7,--,6,5220,买盘,2017-07-31,2017-07-31 09:50:30
09:50:33,09:50:33,8.71,0.01,174,151554,买盘,2017-07-31,2017-07-31 09:50:33
09:50:36,09:50:36,8.71,--,43,37453,买盘,2017-07-31,2017-07-31 09:50:36
09:50:39,09:50:39,8.7,-0.01,41,35670,卖盘,2017-07-31,2017-07-31 09:50:39
09:50:42,09:50:42,8.71,0.01,481,418951,买盘,2017-07-31,2017-07-31 09:50:42
09:50:45,09:50:45,8.71,--,591,515483,买盘,2017-07-31,2017-07-31 09:50:45
09:50:48,09:50:48,8.71,--,56,48776,卖盘,2017-07-31,2017-07-31 09:50:48
09:50:51,09:50:51,8.71,--,36,31356,卖盘,2017-07-31,2017-07-31 09:50:51
09:50:54,09:50:54,8.7,-0.01,745,648150,卖盘,2017-07-31,2017-07-31 09:50:54
09:50:57,09:50:57,8.71,0.01,24,20904,买盘,2017-07-31,2017-07-31 09:50:57
09:51:00,09:51:00,8.71,--,159,138489,买盘,2017-07-31,2017-07-31 09:51:00
09:51:03,09:51:03,8.73,0.02,251,219123,买盘,2017-07-31,2017-07-31 09:51:03
09:51:06,09:51:06,8.71,-0.02,120,104520,中性盘,2017-07-31,2017-07-31 09:51:06
09:51:09,09:51:09,8.71,--,175,152425,卖盘,2017-07-31,2017-07-31 09:51:09
09:51:12,09:51:12,8.72,0.01,52,45344,买盘,2017-07-31,2017-07-31 09:51:12
09:51:15,09:51:15,8.73,0.01,37,32301,买盘,2017-07-31,2017-07-31 09:51:15
09:51:18,09:51:18,8.74,0.01,159,138966,买盘,2017-07-31,2017-07-31 09:51:18
09:51:21,09:51:21,8.7,-0.04,500,434999,卖盘,2017-07-31,2017-07-31 09:51:21
09:51:24,09:51:24,8.73,0.03,16,13968,中性盘,2017-07-31,2017-07-31 09:51:24
09:51:27,09:51:27,8.73,--,47,41031,卖盘,2017-07-31,2017-07-31 09:51:27
09:51:30,09:51:30,8.73,--,194,169362,卖盘,2017-07-31,2017-07-31 09:51:30
09:51:33,09:51:33,8.73,--,30,26190,卖盘,2017-07-31,2017-07-31 09:51:33
09:51:36,09:51:36,8.74,0.01,20,17480,买盘,2017-07-31,2017-07-31 09:51:36
09:51:39,09:51:39,8.74,--,53,46322,买盘,2017-07-31,2017-07-31 09:51:39
09:51:42,09:51:42,8.73,-0.01,48,41904,卖盘,2017-07-31,2017-07-31 09:51:42
09:51:45,09:51:45,8.75,0.02,29,25375,买盘,2017-07-31,2017-07-31 09:51:45
09:51:48,09:51:48,8.75,--,60,52500,买盘,2017-07-31,2017-07-31 09:51:48
09:51:51,09:51:51,8.76,0.01,116,101616,买盘,2017-07-31,2017-07-31 09:51:51
09:51:54,09:51:54,8.75,-0.01,358,313250,卖盘,2017-07-31,2017-07-31 09:51:54
09:51:57,09:51:57,8.75,--,5,4375,卖盘,2017-07-31,2017-07-31 09:51:57
09:52:00,09:52:00,8.76,0.01,30,26280,卖盘,2017-07-31,2017-07-31 09:52:00
09:52:03,09:52:03,8.76,--,170,148920,卖盘,2017-07-31,2017-07-31 09:52:03
09:52:06,09:52:06,8.76,--,273,239148,卖盘,2017-07-31,2017-07-31 09:52:06
09:52:09,09:52:09,8.77,0.01,20,17540,买盘,2017-07-31,2017-07-31 09:52:09
09:52:12,09:52:12,8.76,-0.01,2,1752,卖盘,2017-07-31,2017-07-31 09:52:12
09:52:15,09:52:15,8.78,0.02,554,486411,买盘,2017-07-31,2017-07-31 09:52:15
09:52:18,09:52:18,8.77,-0.01,130,114010,中性盘,2017-07-31,2017-07-31 09:52:18
09:52:21,09:52:21,8.77,--,35,30695,卖盘,2017-07-31,2017-07-31 09:52:21
09:52:24,09:52:24,8.77,--,109,95593,买盘,2017-07-31,2017-07-31 09:52:24
09:52:27,09:52:27,8.78,0.01,140,122919,买盘,2017-07-31,2017-07-31 09:52:27
09:52:30,09:52:30,8.78,--,40,35120,买盘,2017-07-31,2017-07-31 09:52:30
09:52:33,09:52:33,8.77,-0.01,447,392019,卖盘,2017-07-31,2017-07-31 09:52:33
09:52:36,09:52:36,8.77,--,59,51743,买盘,2017-07-31,2017-07-31 09:52:36
09:52:39,09:52:39,8.78,0.01,106,93068,买盘,2017-07-31,2017-07-31 09:52:39
09:52:42,09:52:42,8.75,-0.03,266,232750,卖盘,2017-07-31,2017-07-31 09:52:42
09:52:45,09:52:45,8.76,0.01,205,179580,买盘,2017-07-31,2017-07-31 09:52:45
09:52:48,09:52:48,8.77,0.01,17,14909,买盘,2017-07-31,2017-07-31 09:52:48
09:52:51,09:52:51,8.76,-0.01,162,141912,买盘,2017-07-31,2017-07-31 09:52:51
09:52:54,09:52:54,8.75,-0.01,38,33250,卖盘,2017-07-31,2017-07-31 09:52:54
09:52:57,09:52:57,8.75,--,35,30625,买盘,2017-07-31,2017-07-31 09:52:57
09:53:00,09:53:00,8.76,0.01,50,43800,买盘,2017-07-31,2017-07-31 09:53:00
09:53:03,09:53:03,8.75,-0.01,69,60375,卖盘,2017-07-31,2017-07-31 09:53:03
09:53:06,09:53:06,8.75,--,221,193375,卖盘,2017-07-31,2017-07-31 09:53:06
09:53:09,09:53:09,8.75,--,25,21875,买盘,2017-07-31,2017-07-31 09:53:09
09:53:12,09:53:12,8.76,0.01,45,39420,买盘,2017-07-31,2017-07-31 09:53:12
09:53:15,09:53:15,8.75,-0.01,30,26250,卖盘,2017-07-31,2017-07-31 09:53:15
09:53:18,09:53:18,8.75,--,17,14875,买盘,2017-07-31,2017-07-31 09:53:18
09:53:21,09:53:21,8.75,--,41,35875,买盘,2017-07-31,2017-07-31 09:53:21
09:53:24,09:53:24,8.75,--,1,875,买盘,2017-07-31,2017-07-31 09:53:24
09:53:27,09:53:27,8.74,-0.01,23,20102,卖盘,2017-07-31,2017-07-31 09:53:27
09:53:30,09:53:30,8.74,--,179,156446,卖盘,2017-07-31,2017-07-31 09:53:30
09:53:33,09:53:33,8.74,--,89,77786,买盘,2017-07-31,2017-07-31 09:53:33
09:53:36,09:53:36,8.74,--,40,34960,买盘,2017-07-31,2017-07-31 09:53:36
09:53:39,09:53:39,8.73,-0.01,11,9603,卖盘,2017-07-31,2017-07-31 09:53:39
09:53:42,09:53:42,8.73,--,422,368406,卖盘,2017-07-31,2017-07-31 09:53:42
09:53:45,09:53:45,8.73,--,111,96903,买盘,2017-07-31,2017-07-31 09:53:45
09:53:48,09:53:48,8.72,-0.01,208,181376,卖盘,2017-07-31,2017-07-31 09:53:48
09:53:51,09:53:51,8.73,0.01,41,35793,买盘,2017-07-31,2017-07-31 09:53:51
09:53:54,09:53:54,8.73,--,23,20079,买盘,2017-07-31,2017-07-31 09:53:54
09:53:57,09:53:57,8.72,-0.01,22,19184,卖盘,2017-07-31,2017-07-31 09:53:57
09:54:03,09:54:03,8.71,-0.01,306,266526,卖盘,2017-07-31,2017-07-31 09:54:03
09:54:06,09:54:06,8.71,--,57,49647,买盘,2017-07-31,2017-07-31 09:54:06
09:54:09,09:54:09,8.71,--,19,16549,买盘,2017-07-31,2017-07-31 09:54:09
09:54:12,09:54:12,8.7,-0.01,454,394979,卖盘,2017-07-31,2017-07-31 09:54:12
09:54:15,09:54:15,8.71,0.01,27,23517,中性盘,2017-07-31,2017-07-31 09:54:15
09:54:18,09:54:18,8.7,-0.01,160,139200,卖盘,2017-07-31,2017-07-31 09:54:18
09:54:21,09:54:21,8.7,--,85,73950,卖盘,2017-07-31,2017-07-31 09:54:21
09:54:24,09:54:24,8.7,--,675,587397,卖盘,2017-07-31,2017-07-31 09:54:24
09:54:27,09:54:27,8.7,--,112,97439,买盘,2017-07-31,2017-07-31 09:54:27
09:54:30,09:54:30,8.7,--,58,50459,买盘,2017-07-31,2017-07-31 09:54:30
09:54:33,09:54:33,8.7,--,202,175740,买盘,2017-07-31,2017-07-31 09:54:33
09:54:36,09:54:36,8.7,--,184,160080,买盘,2017-07-31,2017-07-31 09:54:36
09:54:39,09:54:39,8.69,-0.01,6,5214,卖盘,2017-07-31,2017-07-31 09:54:39
09:54:42,09:54:42,8.7,0.01,522,454139,买盘,2017-07-31,2017-07-31 09:54:42
09:54:45,09:54:45,8.7,--,136,118319,买盘,2017-07-31,2017-07-31 09:54:45
09:54:48,09:54:48,8.69,-0.01,399,346731,卖盘,2017-07-31,2017-07-31 09:54:48
09:54:51,09:54:51,8.69,--,204,177276,卖盘,2017-07-31,2017-07-31 09:54:51
09:54:54,09:54:54,8.68,-0.01,213,184884,卖盘,2017-07-31,2017-07-31 09:54:54
09:54:57,09:54:57,8.69,0.01,385,334565,中性盘,2017-07-31,2017-07-31 09:54:57
09:55:00,09:55:00,8.69,--,10,8690,卖盘,2017-07-31,2017-07-31 09:55:00
09:55:03,09:55:03,8.69,--,50,43450,卖盘,2017-07-31,2017-07-31 09:55:03
09:55:06,09:55:06,8.69,--,112,97328,卖盘,2017-07-31,2017-07-31 09:55:06
09:55:09,09:55:09,8.69,--,111,96459,买盘,2017-07-31,2017-07-31 09:55:09
09:55:12,09:55:12,8.69,--,113,98197,卖盘,2017-07-31,2017-07-31 09:55:12
09:55:15,09:55:15,8.72,0.03,316,275552,买盘,2017-07-31,2017-07-31 09:55:15
09:55:18,09:55:18,8.69,-0.03,275,238975,卖盘,2017-07-31,2017-07-31 09:55:18
09:55:21,09:55:21,8.68,-0.01,85,73780,卖盘,2017-07-31,2017-07-31 09:55:21
09:55:24,09:55:24,8.7,0.02,13,11309,中性盘,2017-07-31,2017-07-31 09:55:24
09:55:27,09:55:27,8.69,-0.01,448,389312,卖盘,2017-07-31,2017-07-31 09:55:27
09:55:30,09:55:30,8.69,--,90,78210,卖盘,2017-07-31,2017-07-31 09:55:30
09:55:33,09:55:33,8.7,0.01,180,156600,买盘,2017-07-31,2017-07-31 09:55:33
09:55:36,09:55:36,8.69,-0.01,5,4345,卖盘,2017-07-31,2017-07-31 09:55:36
09:55:39,09:55:39,8.71,0.02,308,268268,买盘,2017-07-31,2017-07-31 09:55:39
09:55:42,09:55:42,8.72,0.01,85,74120,买盘,2017-07-31,2017-07-31 09:55:42
09:55:45,09:55:45,8.72,--,147,128907,买盘,2017-07-31,2017-07-31 09:55:45
09:55:48,09:55:48,8.7,-0.02,74,64379,卖盘,2017-07-31,2017-07-31 09:55:48
09:55:51,09:55:51,8.71,0.01,26,22646,中性盘,2017-07-31,2017-07-31 09:55:51
09:55:54,09:55:54,8.72,0.01,6,5232,买盘,2017-07-31,2017-07-31 09:55:54
09:55:57,09:55:57,8.7,-0.02,647,562890,卖盘,2017-07-31,2017-07-31 09:55:57
09:56:00,09:56:00,8.7,--,95,82650,买盘,2017-07-31,2017-07-31 09:56:00
09:56:03,09:56:03,8.69,-0.01,64,55616,卖盘,2017-07-31,2017-07-31 09:56:03
09:56:06,09:56:06,8.7,0.01,169,147030,买盘,2017-07-31,2017-07-31 09:56:06
09:56:09,09:56:09,8.7,--,206,179219,买盘,2017-07-31,2017-07-31 09:56:09
09:56:12,09:56:12,8.73,0.03,146,127458,买盘,2017-07-31,2017-07-31 09:56:12
09:56:15,09:56:15,8.7,-0.03,10,8700,卖盘,2017-07-31,2017-07-31 09:56:15
09:56:18,09:56:18,8.7,--,895,778649,卖盘,2017-07-31,2017-07-31 09:56:18
09:56:21,09:56:21,8.73,0.03,217,189441,买盘,2017-07-31,2017-07-31 09:56:21
09:56:24,09:56:24,8.73,--,5,4365,买盘,2017-07-31,2017-07-31 09:56:24
09:56:27,09:56:27,8.72,-0.01,14,12208,中性盘,2017-07-31,2017-07-31 09:56:27
09:56:30,09:56:30,8.7,-0.02,747,649890,卖盘,2017-07-31,2017-07-31 09:56:30
09:56:33,09:56:33,8.7,--,286,248819,买盘,2017-07-31,2017-07-31 09:56:33
09:56:36,09:56:36,8.73,0.03,167,145791,买盘,2017-07-31,2017-07-31 09:56:36
09:56:39,09:56:39,8.72,-0.01,24,20928,卖盘,2017-07-31,2017-07-31 09:56:39
09:56:42,09:56:42,8.73,0.01,12,10476,买盘,2017-07-31,2017-07-31 09:56:42
09:56:45,09:56:45,8.72,-0.01,20,17440,卖盘,2017-07-31,2017-07-31 09:56:45
09:56:48,09:56:48,8.72,--,20,17440,卖盘,2017-07-31,2017-07-31 09:56:48
09:56:51,09:56:51,8.72,--,95,82840,卖盘,2017-07-31,2017-07-31 09:56:51
09:56:54,09:56:54,8.72,--,393,342696,买盘,2017-07-31,2017-07-31 09:56:54
09:56:57,09:56:57,8.73,0.01,21,18333,买盘,2017-07-31,2017-07-31 09:56:57
09:57:00,09:57:00,8.72,-0.01,74,64528,卖盘,2017-07-31,2017-07-31 09:57:00
09:57:03,09:57:03,8.71,-0.01,27,23517,卖盘,2017-07-31,2017-07-31 09:57:03
09:57:06,09:57:06,8.72,0.01,79,68888,买盘,2017-07-31,2017-07-31 09:57:06
09:57:09,09:57:09,8.71,-0.01,241,209911,卖盘,2017-07-31,2017-07-31 09:57:09
09:57:12,09:57:12,8.72,0.01,58,50576,买盘,2017-07-31,2017-07-31 09:57:12
09:57:15,09:57:15,8.71,-0.01,29,25259,卖盘,2017-07-31,2017-07-31 09:57:15
09:57:18,09:57:18,8.72,0.01,50,43600,买盘,2017-07-31,2017-07-31 09:57:18
09:57:21,09:57:21,8.72,--,13,11336,买盘,2017-07-31,2017-07-31 09:57:21
09:57:24,09:57:24,8.72,--,89,77608,买盘,2017-07-31,2017-07-31 09:57:24
09:57:27,09:57:27,8.72,--,64,55808,买盘,2017-07-31,2017-07-31 09:57:27
09:57:30,09:57:30,8.72,--,68,59296,买盘,2017-07-31,2017-07-31 09:57:30
09:57:33,09:57:33,8.72,--,121,105512,买盘,2017-07-31,2017-07-31 09:57:33
09:57:36,09:57:36,8.72,--,4,3488,卖盘,2017-07-31,2017-07-31 09:57:36
09:57:39,09:57:39,8.72,--,9,7848,卖盘,2017-07-31,2017-07-31 09:57:39
09:57:42,09:57:42,8.7,-0.02,1710,1487699,卖盘,2017-07-31,2017-07-31 09:57:42
09:57:45,09:57:45,8.7,--,54,46979,买盘,2017-07-31,2017-07-31 09:57:45
09:57:48,09:57:48,8.7,--,88,76560,买盘,2017-07-31,2017-07-31 09:57:48
09:57:51,09:57:51,8.7,--,138,120059,买盘,2017-07-31,2017-07-31 09:57:51
09:57:54,09:57:54,8.72,0.02,65,56680,买盘,2017-07-31,2017-07-31 09:57:54
09:57:57,09:57:57,8.7,-0.02,148,128759,卖盘,2017-07-31,2017-07-31 09:57:57
09:58:00,09:58:00,8.7,--,106,92219,卖盘,2017-07-31,2017-07-31 09:58:00
09:58:03,09:58:03,8.72,0.02,78,68016,买盘,2017-07-31,2017-07-31 09:58:03
09:58:06,09:58:06,8.72,--,48,41856,买盘,2017-07-31,2017-07-31 09:58:06
09:58:12,09:58:12,8.7,-0.02,477,414989,卖盘,2017-07-31,2017-07-31 09:58:12
09:58:15,09:58:15,8.7,--,65,56549,买盘,2017-07-31,2017-07-31 09:58:15
09:58:18,09:58:18,8.69,-0.01,110,95590,卖盘,2017-07-31,2017-07-31 09:58:18
09:58:21,09:58:21,8.7,0.01,11,9570,中性盘,2017-07-31,2017-07-31 09:58:21
09:58:27,09:58:27,8.72,0.02,30,26160,买盘,2017-07-31,2017-07-31 09:58:27
09:58:33,09:58:33,8.7,-0.02,53,46109,卖盘,2017-07-31,2017-07-31 09:58:33
09:58:36,09:58:36,8.72,0.02,50,43600,买盘,2017-07-31,2017-07-31 09:58:36
09:58:39,09:58:39,8.71,-0.01,158,137618,中性盘,2017-07-31,2017-07-31 09:58:39
09:58:42,09:58:42,8.7,-0.01,1374,1195380,卖盘,2017-07-31,2017-07-31 09:58:42
09:58:45,09:58:45,8.7,--,9,7829,卖盘,2017-07-31,2017-07-31 09:58:45
09:58:48,09:58:48,8.7,--,11,9570,卖盘,2017-07-31,2017-07-31 09:58:48
09:58:51,09:58:51,8.71,0.01,2,1742,买盘,2017-07-31,2017-07-31 09:58:51
09:58:54,09:58:54,8.7,-0.01,48,41760,卖盘,2017-07-31,2017-07-31 09:58:54
09:59:00,09:59:00,8.7,--,148,128759,卖盘,2017-07-31,2017-07-31 09:59:00
09:59:03,09:59:03,8.71,0.01,100,87100,中性盘,2017-07-31,2017-07-31 09:59:03
09:59:06,09:59:06,8.71,--,12,10452,卖盘,2017-07-31,2017-07-31 09:59:06
09:59:12,09:59:12,8.71,--,42,36582,卖盘,2017-07-31,2017-07-31 09:59:12
09:59:15,09:59:15,8.71,--,218,189878,买盘,2017-07-31,2017-07-31 09:59:15
09:59:18,09:59:18,8.71,--,43,37453,买盘,2017-07-31,2017-07-31 09:59:18
09:59:21,09:59:21,8.71,--,12,10452,买盘,2017-07-31,2017-07-31 09:59:21
09:59:24,09:59:24,8.71,--,310,270010,买盘,2017-07-31,2017-07-31 09:59:24
09:59:27,09:59:27,8.71,--,27,23517,买盘,2017-07-31,2017-07-31 09:59:27
09:59:30,09:59:30,8.71,--,252,219492,买盘,2017-07-31,2017-07-31 09:59:30
09:59:33,09:59:33,8.71,--,10,8710,买盘,2017-07-31,2017-07-31 09:59:33
09:59:36,09:59:36,8.71,--,14,12194,买盘,2017-07-31,2017-07-31 09:59:36
09:59:39,09:59:39,8.7,-0.01,232,201839,卖盘,2017-07-31,2017-07-31 09:59:39
09:59:42,09:59:42,8.7,--,23,20010,买盘,2017-07-31,2017-07-31 09:59:42
09:59:45,09:59:45,8.7,--,12,10440,买盘,2017-07-31,2017-07-31 09:59:45
09:59:48,09:59:48,8.7,--,56,48719,买盘,2017-07-31,2017-07-31 09:59:48
09:59:51,09:59:51,8.7,--,16,13919,买盘,2017-07-31,2017-07-31 09:59:51
09:59:54,09:59:54,8.7,--,214,186179,买盘,2017-07-31,2017-07-31 09:59:54
09:59:57,09:59:57,8.7,--,87,75690,买盘,2017-07-31,2017-07-31 09:59:57
10:00:00,10:00:00,8.69,-0.01,52,45188,卖盘,2017-07-31,2017-07-31 10:00:00
10:00:03,10:00:03,8.7,0.01,49,42630,买盘,2017-07-31,2017-07-31 10:00:03
10:00:06,10:00:06,8.7,--,128,111359,买盘,2017-07-31,2017-07-31 10:00:06
10:00:12,10:00:12,8.7,--,8,6959,买盘,2017-07-31,2017-07-31 10:00:12
10:00:15,10:00:15,8.7,--,1016,883919,买盘,2017-07-31,2017-07-31 10:00:15
10:00:18,10:00:18,8.69,-0.01,403,350207,卖盘,2017-07-31,2017-07-31 10:00:18
10:00:24,10:00:24,8.69,--,26,22594,买盘,2017-07-31,2017-07-31 10:00:24
10:00:30,10:00:30,8.69,--,65,56485,买盘,2017-07-31,2017-07-31 10:00:30
10:00:33,10:00:33,8.69,--,13,11297,买盘,2017-07-31,2017-07-31 10:00:33
10:00:36,10:00:36,8.69,--,4,3476,买盘,2017-07-31,2017-07-31 10:00:36
10:00:39,10:00:39,8.7,0.01,471,409769,买盘,2017-07-31,2017-07-31 10:00:39
10:00:42,10:00:42,8.7,--,5,4350,卖盘,2017-07-31,2017-07-31 10:00:42
10:00:45,10:00:45,8.69,-0.01,93,80817,卖盘,2017-07-31,2017-07-31 10:00:45
10:00:48,10:00:48,8.69,--,10,8690,卖盘,2017-07-31,2017-07-31 10:00:48
10:00:51,10:00:51,8.69,--,4,3476,卖盘,2017-07-31,2017-07-31 10:00:51
10:00:54,10:00:54,8.7,0.01,11,9570,买盘,2017-07-31,2017-07-31 10:00:54
10:00:57,10:00:57,8.69,-0.01,90,78210,卖盘,2017-07-31,2017-07-31 10:00:57
10:01:00,10:01:00,8.7,0.01,85,73950,买盘,2017-07-31,2017-07-31 10:01:00
10:01:03,10:01:03,8.7,--,195,169650,买盘,2017-07-31,2017-07-31 10:01:03
10:01:06,10:01:06,8.69,-0.01,203,176407,卖盘,2017-07-31,2017-07-31 10:01:06
10:01:09,10:01:09,8.69,--,23,19987,买盘,2017-07-31,2017-07-31 10:01:09
10:01:15,10:01:15,8.69,--,162,140778,买盘,2017-07-31,2017-07-31 10:01:15
10:01:18,10:01:18,8.69,--,13,11297,买盘,2017-07-31,2017-07-31 10:01:18
10:01:21,10:01:21,8.68,-0.01,306,265608,卖盘,2017-07-31,2017-07-31 10:01:21
10:01:24,10:01:24,8.68,--,65,56420,卖盘,2017-07-31,2017-07-31 10:01:24
10:01:27,10:01:27,8.68,--,662,574616,卖盘,2017-07-31,2017-07-31 10:01:27
10:01:30,10:01:30,8.68,--,29,25172,买盘,2017-07-31,2017-07-31 10:01:30
10:01:33,10:01:33,8.68,--,46,39928,买盘,2017-07-31,2017-07-31 10:01:33
10:01:36,10:01:36,8.67,-0.01,5,4335,卖盘,2017-07-31,2017-07-31 10:01:36
10:01:39,10:01:39,8.68,0.01,30,26040,买盘,2017-07-31,2017-07-31 10:01:39
10:01:42,10:01:42,8.68,--,377,327236,买盘,2017-07-31,2017-07-31 10:01:42
10:01:45,10:01:45,8.67,-0.01,1,867,卖盘,2017-07-31,2017-07-31 10:01:45
10:01:48,10:01:48,8.66,-0.01,180,155880,卖盘,2017-07-31,2017-07-31 10:01:48
10:01:51,10:01:51,8.67,0.01,56,48552,买盘,2017-07-31,2017-07-31 10:01:51
10:01:54,10:01:54,8.66,-0.01,210,181860,卖盘,2017-07-31,2017-07-31 10:01:54
10:01:57,10:01:57,8.66,--,50,43300,卖盘,2017-07-31,2017-07-31 10:01:57
10:02:00,10:02:00,8.65,-0.01,847,732655,卖盘,2017-07-31,2017-07-31 10:02:00
10:02:03,10:02:03,8.66,0.01,5,4330,买盘,2017-07-31,2017-07-31 10:02:03
10:02:06,10:02:06,8.66,--,113,97858,买盘,2017-07-31,2017-07-31 10:02:06
10:02:09,10:02:09,8.66,--,13,11258,买盘,2017-07-31,2017-07-31 10:02:09
10:02:12,10:02:12,8.66,--,55,47630,买盘,2017-07-31,2017-07-31 10:02:12
10:02:15,10:02:15,8.66,--,37,32042,买盘,2017-07-31,2017-07-31 10:02:15
10:02:18,10:02:18,8.65,-0.01,218,188570,卖盘,2017-07-31,2017-07-31 10:02:18
10:02:21,10:02:21,8.66,0.01,212,183592,买盘,2017-07-31,2017-07-31 10:02:21
10:02:24,10:02:24,8.65,-0.01,215,185975,卖盘,2017-07-31,2017-07-31 10:02:24
10:02:27,10:02:27,8.65,--,147,127155,卖盘,2017-07-31,2017-07-31 10:02:27
10:02:30,10:02:30,8.66,0.01,280,242480,买盘,2017-07-31,2017-07-31 10:02:30
10:02:33,10:02:33,8.66,--,293,253738,买盘,2017-07-31,2017-07-31 10:02:33
10:02:36,10:02:36,8.65,-0.01,97,83905,卖盘,2017-07-31,2017-07-31 10:02:36
10:02:39,10:02:39,8.65,--,121,104665,卖盘,2017-07-31,2017-07-31 10:02:39
10:02:42,10:02:42,8.66,0.01,31,26846,买盘,2017-07-31,2017-07-31 10:02:42
10:02:45,10:02:45,8.65,-0.01,205,177325,卖盘,2017-07-31,2017-07-31 10:02:45
10:02:48,10:02:48,8.65,--,106,91690,卖盘,2017-07-31,2017-07-31 10:02:48
10:02:51,10:02:51,8.66,0.01,28,24248,买盘,2017-07-31,2017-07-31 10:02:51
10:02:54,10:02:54,8.67,0.01,223,193341,买盘,2017-07-31,2017-07-31 10:02:54
10:02:57,10:02:57,8.66,-0.01,11,9526,中性盘,2017-07-31,2017-07-31 10:02:57
10:03:00,10:03:00,8.66,--,180,155880,卖盘,2017-07-31,2017-07-31 10:03:00
10:03:03,10:03:03,8.66,--,85,73610,买盘,2017-07-31,2017-07-31 10:03:03
10:03:06,10:03:06,8.66,--,70,60620,卖盘,2017-07-31,2017-07-31 10:03:06
10:03:09,10:03:09,8.67,0.01,10,8670,买盘,2017-07-31,2017-07-31 10:03:09
10:03:12,10:03:12,8.66,-0.01,227,196582,卖盘,2017-07-31,2017-07-31 10:03:12
10:03:15,10:03:15,8.68,0.02,273,236964,买盘,2017-07-31,2017-07-31 10:03:15
10:03:18,10:03:18,8.66,-0.02,84,72744,卖盘,2017-07-31,2017-07-31 10:03:18
10:03:21,10:03:21,8.66,--,64,55424,卖盘,2017-07-31,2017-07-31 10:03:21
10:03:27,10:03:27,8.68,0.02,34,29512,买盘,2017-07-31,2017-07-31 10:03:27
10:03:30,10:03:30,8.69,0.01,39,33891,买盘,2017-07-31,2017-07-31 10:03:30
10:03:33,10:03:33,8.68,-0.01,10,8680,卖盘,2017-07-31,2017-07-31 10:03:33
10:03:36,10:03:36,8.68,--,17,14756,卖盘,2017-07-31,2017-07-31 10:03:36
10:03:42,10:03:42,8.69,0.01,1,869,买盘,2017-07-31,2017-07-31 10:03:42
10:03:45,10:03:45,8.65,-0.04,937,810505,卖盘,2017-07-31,2017-07-31 10:03:45
10:03:48,10:03:48,8.65,--,97,83905,买盘,2017-07-31,2017-07-31 10:03:48
10:03:51,10:03:51,8.65,--,231,199815,买盘,2017-07-31,2017-07-31 10:03:51
10:03:54,10:03:54,8.68,0.03,113,98084,买盘,2017-07-31,2017-07-31 10:03:54
10:03:57,10:03:57,8.69,0.01,5,4345,买盘,2017-07-31,2017-07-31 10:03:57
10:04:00,10:04:00,8.69,--,41,35629,买盘,2017-07-31,2017-07-31 10:04:00
10:04:03,10:04:03,8.68,-0.01,10,8680,卖盘,2017-07-31,2017-07-31 10:04:03
10:04:06,10:04:06,8.68,--,20,17360,卖盘,2017-07-31,2017-07-31 10:04:06
10:04:09,10:04:09,8.68,--,304,263872,卖盘,2017-07-31,2017-07-31 10:04:09
10:04:12,10:04:12,8.68,--,270,234360,买盘,2017-07-31,2017-07-31 10:04:12
10:04:15,10:04:15,8.68,--,30,26040,买盘,2017-07-31,2017-07-31 10:04:15
10:04:18,10:04:18,8.68,--,36,31248,买盘,2017-07-31,2017-07-31 10:04:18
10:04:21,10:04:21,8.68,--,1,868,买盘,2017-07-31,2017-07-31 10:04:21
10:04:24,10:04:24,8.68,--,40,34720,买盘,2017-07-31,2017-07-31 10:04:24
10:04:27,10:04:27,8.67,-0.01,140,121380,卖盘,2017-07-31,2017-07-31 10:04:27
10:04:30,10:04:30,8.68,0.01,32,27776,买盘,2017-07-31,2017-07-31 10:04:30
10:04:33,10:04:33,8.68,--,40,34720,买盘,2017-07-31,2017-07-31 10:04:33
10:04:36,10:04:36,8.67,-0.01,168,145656,卖盘,2017-07-31,2017-07-31 10:04:36
10:04:39,10:04:39,8.68,0.01,414,359352,买盘,2017-07-31,2017-07-31 10:04:39
10:04:42,10:04:42,8.68,--,35,30380,买盘,2017-07-31,2017-07-31 10:04:42
10:04:45,10:04:45,8.66,-0.02,396,342936,卖盘,2017-07-31,2017-07-31 10:04:45
10:04:48,10:04:48,8.66,--,2,1732,买盘,2017-07-31,2017-07-31 10:04:48
10:04:51,10:04:51,8.66,--,187,161942,买盘,2017-07-31,2017-07-31 10:04:51
10:04:54,10:04:54,8.65,-0.01,18,15570,卖盘,2017-07-31,2017-07-31 10:04:54
10:04:57,10:04:57,8.66,0.01,153,132498,买盘,2017-07-31,2017-07-31 10:04:57
10:05:00,10:05:00,8.64,-0.02,219,189216,卖盘,2017-07-31,2017-07-31 10:05:00
10:05:03,10:05:03,8.66,0.02,23,19918,买盘,2017-07-31,2017-07-31 10:05:03
10:05:06,10:05:06,8.66,--,58,50228,买盘,2017-07-31,2017-07-31 10:05:06
10:05:09,10:05:09,8.65,-0.01,3,2595,卖盘,2017-07-31,2017-07-31 10:05:09
10:05:12,10:05:12,8.66,0.01,63,54558,买盘,2017-07-31,2017-07-31 10:05:12
10:05:15,10:05:15,8.64,-0.02,83,71712,卖盘,2017-07-31,2017-07-31 10:05:15
10:05:18,10:05:18,8.65,0.01,373,322645,买盘,2017-07-31,2017-07-31 10:05:18
10:05:21,10:05:21,8.65,--,427,369355,买盘,2017-07-31,2017-07-31 10:05:21
10:05:24,10:05:24,8.65,--,10,8650,买盘,2017-07-31,2017-07-31 10:05:24
10:05:27,10:05:27,8.64,-0.01,150,129600,卖盘,2017-07-31,2017-07-31 10:05:27
10:05:30,10:05:30,8.65,0.01,139,120235,买盘,2017-07-31,2017-07-31 10:05:30
10:05:33,10:05:33,8.64,-0.01,230,198720,卖盘,2017-07-31,2017-07-31 10:05:33
10:05:36,10:05:36,8.64,--,95,82080,买盘,2017-07-31,2017-07-31 10:05:36
10:05:39,10:05:39,8.65,0.01,8,6920,买盘,2017-07-31,2017-07-31 10:05:39
10:05:42,10:05:42,8.65,--,314,271610,买盘,2017-07-31,2017-07-31 10:05:42
10:05:45,10:05:45,8.66,0.01,20,17320,买盘,2017-07-31,2017-07-31 10:05:45
10:05:48,10:05:48,8.63,-0.03,445,384035,卖盘,2017-07-31,2017-07-31 10:05:48
10:05:51,10:05:51,8.64,0.01,21,18144,卖盘,2017-07-31,2017-07-31 10:05:51
10:05:54,10:05:54,8.64,--,51,44064,买盘,2017-07-31,2017-07-31 10:05:54
10:05:57,10:05:57,8.66,0.02,66,57156,买盘,2017-07-31,2017-07-31 10:05:57
10:06:00,10:06:00,8.64,-0.02,41,35424,卖盘,2017-07-31,2017-07-31 10:06:00
10:06:03,10:06:03,8.64,--,350,302400,卖盘,2017-07-31,2017-07-31 10:06:03
10:06:06,10:06:06,8.64,--,3,2592,买盘,2017-07-31,2017-07-31 10:06:06
10:06:09,10:06:09,8.65,0.01,32,27680,买盘,2017-07-31,2017-07-31 10:06:09
10:06:12,10:06:12,8.63,-0.02,333,287379,卖盘,2017-07-31,2017-07-31 10:06:12
10:06:15,10:06:15,8.64,0.01,58,50112,买盘,2017-07-31,2017-07-31 10:06:15
10:06:18,10:06:18,8.64,--,29,25056,卖盘,2017-07-31,2017-07-31 10:06:18
10:06:21,10:06:21,8.65,0.01,10,8650,中性盘,2017-07-31,2017-07-31 10:06:21
10:06:24,10:06:24,8.6,-0.05,4101,3526860,卖盘,2017-07-31,2017-07-31 10:06:24
10:06:27,10:06:27,8.65,0.05,47,40655,买盘,2017-07-31,2017-07-31 10:06:27
10:06:30,10:06:30,8.66,0.01,367,317822,买盘,2017-07-31,2017-07-31 10:06:30
10:06:36,10:06:36,8.64,-0.02,18,15552,卖盘,2017-07-31,2017-07-31 10:06:36
10:06:39,10:06:39,8.63,-0.01,124,107012,卖盘,2017-07-31,2017-07-31 10:06:39
10:06:42,10:06:42,8.63,--,349,301187,买盘,2017-07-31,2017-07-31 10:06:42
10:06:45,10:06:45,8.63,--,16,13808,买盘,2017-07-31,2017-07-31 10:06:45
10:06:48,10:06:48,8.63,--,32,27616,买盘,2017-07-31,2017-07-31 10:06:48
10:06:51,10:06:51,8.6,-0.03,513,441180,卖盘,2017-07-31,2017-07-31 10:06:51
10:06:54,10:06:54,8.63,0.03,97,83711,买盘,2017-07-31,2017-07-31 10:06:54
10:06:57,10:06:57,8.62,-0.01,29,24997,卖盘,2017-07-31,2017-07-31 10:06:57
10:07:00,10:07:00,8.63,0.01,62,53506,买盘,2017-07-31,2017-07-31 10:07:00
10:07:03,10:07:03,8.61,-0.02,49,42189,卖盘,2017-07-31,2017-07-31 10:07:03
10:07:06,10:07:06,8.61,--,30,25830,卖盘,2017-07-31,2017-07-31 10:07:06
10:07:09,10:07:09,8.63,0.02,404,348652,买盘,2017-07-31,2017-07-31 10:07:09
10:07:12,10:07:12,8.62,-0.01,5,4310,买盘,2017-07-31,2017-07-31 10:07:12
10:07:15,10:07:15,8.63,0.01,169,145847,买盘,2017-07-31,2017-07-31 10:07:15
10:07:18,10:07:18,8.62,-0.01,34,29307,卖盘,2017-07-31,2017-07-31 10:07:18
10:07:21,10:07:21,8.62,--,454,391347,卖盘,2017-07-31,2017-07-31 10:07:21
10:07:24,10:07:24,8.62,--,47,40513,卖盘,2017-07-31,2017-07-31 10:07:24
10:07:27,10:07:27,8.62,--,20,17240,卖盘,2017-07-31,2017-07-31 10:07:27
10:07:30,10:07:30,8.62,--,157,135334,卖盘,2017-07-31,2017-07-31 10:07:30
10:07:33,10:07:33,8.62,--,93,80166,买盘,2017-07-31,2017-07-31 10:07:33
10:07:36,10:07:36,8.63,0.01,112,96656,买盘,2017-07-31,2017-07-31 10:07:36
10:07:39,10:07:39,8.62,-0.01,33,28445,中性盘,2017-07-31,2017-07-31 10:07:39
10:07:42,10:07:42,8.62,--,20,17240,买盘,2017-07-31,2017-07-31 10:07:42
10:07:45,10:07:45,8.61,-0.01,212,182532,卖盘,2017-07-31,2017-07-31 10:07:45
10:07:48,10:07:48,8.62,0.01,26,22411,买盘,2017-07-31,2017-07-31 10:07:48
10:07:51,10:07:51,8.62,--,454,391347,买盘,2017-07-31,2017-07-31 10:07:51
10:07:54,10:07:54,8.61,-0.01,28,24108,卖盘,2017-07-31,2017-07-31 10:07:54
10:07:57,10:07:57,8.61,--,183,157563,卖盘,2017-07-31,2017-07-31 10:07:57
10:08:00,10:08:00,8.61,--,263,226442,卖盘,2017-07-31,2017-07-31 10:08:00
10:08:03,10:08:03,8.6,-0.01,69,59340,卖盘,2017-07-31,2017-07-31 10:08:03
10:08:06,10:08:06,8.6,--,11,9460,卖盘,2017-07-31,2017-07-31 10:08:06
10:08:09,10:08:09,8.6,--,115,98900,卖盘,2017-07-31,2017-07-31 10:08:09
10:08:12,10:08:12,8.6,--,93,79980,卖盘,2017-07-31,2017-07-31 10:08:12
10:08:15,10:08:15,8.6,--,355,305300,卖盘,2017-07-31,2017-07-31 10:08:15
10:08:18,10:08:18,8.6,--,66,56760,卖盘,2017-07-31,2017-07-31 10:08:18
10:08:21,10:08:21,8.6,--,99,85140,卖盘,2017-07-31,2017-07-31 10:08:21
10:08:24,10:08:24,8.6,--,200,172000,卖盘,2017-07-31,2017-07-31 10:08:24
10:08:27,10:08:27,8.6,--,7,6020,买盘,2017-07-31,2017-07-31 10:08:27
10:08:30,10:08:30,8.6,--,39,33540,买盘,2017-07-31,2017-07-31 10:08:30
10:08:33,10:08:33,8.6,--,44,37840,买盘,2017-07-31,2017-07-31 10:08:33
10:08:36,10:08:36,8.6,--,169,145340,买盘,2017-07-31,2017-07-31 10:08:36
10:08:39,10:08:39,8.6,--,80,68800,买盘,2017-07-31,2017-07-31 10:08:39
10:08:42,10:08:42,8.6,--,106,91160,买盘,2017-07-31,2017-07-31 10:08:42
10:08:45,10:08:45,8.59,-0.01,374,321266,卖盘,2017-07-31,2017-07-31 10:08:45
10:08:48,10:08:48,8.59,--,53,45527,卖盘,2017-07-31,2017-07-31 10:08:48
10:08:51,10:08:51,8.6,0.01,110,94600,买盘,2017-07-31,2017-07-31 10:08:51
10:08:54,10:08:54,8.59,-0.01,54,46386,卖盘,2017-07-31,2017-07-31 10:08:54
10:08:57,10:08:57,8.59,--,1249,1072891,卖盘,2017-07-31,2017-07-31 10:08:57
10:09:00,10:09:00,8.59,--,625,536875,卖盘,2017-07-31,2017-07-31 10:09:00
10:09:03,10:09:03,8.6,0.01,21,18060,买盘,2017-07-31,2017-07-31 10:09:03
10:09:06,10:09:06,8.6,--,30,25800,卖盘,2017-07-31,2017-07-31 10:09:06
10:09:09,10:09:09,8.6,--,220,189200,卖盘,2017-07-31,2017-07-31 10:09:09
10:09:12,10:09:12,8.61,0.01,217,186837,买盘,2017-07-31,2017-07-31 10:09:12
10:09:15,10:09:15,8.6,-0.01,108,92880,卖盘,2017-07-31,2017-07-31 10:09:15
10:09:18,10:09:18,8.6,--,97,83420,卖盘,2017-07-31,2017-07-31 10:09:18
10:09:21,10:09:21,8.6,--,20,17200,卖盘,2017-07-31,2017-07-31 10:09:21
10:09:24,10:09:24,8.61,0.01,10,8610,买盘,2017-07-31,2017-07-31 10:09:24
10:09:27,10:09:27,8.61,--,301,259160,买盘,2017-07-31,2017-07-31 10:09:27
10:09:30,10:09:30,8.61,--,110,94710,卖盘,2017-07-31,2017-07-31 10:09:30
10:09:33,10:09:33,8.61,--,15,12915,卖盘,2017-07-31,2017-07-31 10:09:33
10:09:39,10:09:39,8.61,--,56,48216,卖盘,2017-07-31,2017-07-31 10:09:39
10:09:42,10:09:42,8.61,--,17,14636,卖盘,2017-07-31,2017-07-31 10:09:42
10:09:45,10:09:45,8.62,0.01,150,129299,买盘,2017-07-31,2017-07-31 10:09:45
10:09:48,10:09:48,8.62,--,35,30169,买盘,2017-07-31,2017-07-31 10:09:48
10:09:51,10:09:51,8.62,--,43,37066,买盘,2017-07-31,2017-07-31 10:09:51
10:09:54,10:09:54,8.62,--,28,24135,买盘,2017-07-31,2017-07-31 10:09:54
10:09:57,10:09:57,8.62,--,46,39652,买盘,2017-07-31,2017-07-31 10:09:57
10:10:00,10:10:00,8.62,--,41,35342,买盘,2017-07-31,2017-07-31 10:10:00
10:10:12,10:10:12,8.63,0.01,5,4315,买盘,2017-07-31,2017-07-31 10:10:12
10:10:15,10:10:15,8.63,--,91,78533,买盘,2017-07-31,2017-07-31 10:10:15
10:10:18,10:10:18,8.63,--,120,103560,买盘,2017-07-31,2017-07-31 10:10:18
10:10:21,10:10:21,8.63,--,219,188997,买盘,2017-07-31,2017-07-31 10:10:21
10:10:24,10:10:24,8.62,-0.01,345,297390,卖盘,2017-07-31,2017-07-31 10:10:24
10:10:27,10:10:27,8.63,0.01,324,279612,买盘,2017-07-31,2017-07-31 10:10:27
10:10:33,10:10:33,8.63,--,20,17260,卖盘,2017-07-31,2017-07-31 10:10:33
10:10:36,10:10:36,8.63,--,84,72492,卖盘,2017-07-31,2017-07-31 10:10:36
10:10:39,10:10:39,8.64,0.01,81,69984,买盘,2017-07-31,2017-07-31 10:10:39
10:10:42,10:10:42,8.64,--,8,6912,卖盘,2017-07-31,2017-07-31 10:10:42
10:10:45,10:10:45,8.63,-0.01,210,181230,卖盘,2017-07-31,2017-07-31 10:10:45
10:10:48,10:10:48,8.65,0.02,11,9515,买盘,2017-07-31,2017-07-31 10:10:48
10:10:51,10:10:51,8.65,--,40,34600,买盘,2017-07-31,2017-07-31 10:10:51
10:10:54,10:10:54,8.65,--,87,75255,买盘,2017-07-31,2017-07-31 10:10:54
10:10:57,10:10:57,8.64,-0.01,20,17280,卖盘,2017-07-31,2017-07-31 10:10:57
10:11:00,10:11:00,8.65,0.01,127,109855,中性盘,2017-07-31,2017-07-31 10:11:00
10:11:03,10:11:03,8.65,--,24,20760,买盘,2017-07-31,2017-07-31 10:11:03
10:11:06,10:11:06,8.66,0.01,286,247676,买盘,2017-07-31,2017-07-31 10:11:06
10:11:09,10:11:09,8.66,--,56,48496,买盘,2017-07-31,2017-07-31 10:11:09
10:11:12,10:11:12,8.66,--,48,41568,买盘,2017-07-31,2017-07-31 10:11:12
10:11:18,10:11:18,8.65,-0.01,46,39790,卖盘,2017-07-31,2017-07-31 10:11:18
10:11:21,10:11:21,8.66,0.01,80,69280,买盘,2017-07-31,2017-07-31 10:11:21
10:11:24,10:11:24,8.67,0.01,30,26010,买盘,2017-07-31,2017-07-31 10:11:24
10:11:27,10:11:27,8.66,-0.01,9,7794,卖盘,2017-07-31,2017-07-31 10:11:27
10:11:30,10:11:30,8.66,--,10,8660,卖盘,2017-07-31,2017-07-31 10:11:30
10:11:33,10:11:33,8.67,0.01,2,1734,买盘,2017-07-31,2017-07-31 10:11:33
10:11:36,10:11:36,8.67,--,67,58089,买盘,2017-07-31,2017-07-31 10:11:36
10:11:39,10:11:39,8.67,--,38,32946,买盘,2017-07-31,2017-07-31 10:11:39
10:11:42,10:11:42,8.67,--,273,236691,买盘,2017-07-31,2017-07-31 10:11:42
10:11:45,10:11:45,8.67,--,38,32946,卖盘,2017-07-31,2017-07-31 10:11:45
10:11:48,10:11:48,8.67,--,323,280413,卖盘,2017-07-31,2017-07-31 10:11:48
10:11:51,10:11:51,8.67,--,30,26010,卖盘,2017-07-31,2017-07-31 10:11:51
10:11:54,10:11:54,8.66,-0.01,154,133857,卖盘,2017-07-31,2017-07-31 10:11:54
10:11:57,10:11:57,8.66,--,74,64084,买盘,2017-07-31,2017-07-31 10:11:57
10:12:00,10:12:00,8.66,--,2,1732,买盘,2017-07-31,2017-07-31 10:12:00
10:12:03,10:12:03,8.66,--,40,34640,买盘,2017-07-31,2017-07-31 10:12:03
10:12:06,10:12:06,8.65,-0.01,12,10380,卖盘,2017-07-31,2017-07-31 10:12:06
10:12:09,10:12:09,8.66,0.01,94,81404,买盘,2017-07-31,2017-07-31 10:12:09
10:12:12,10:12:12,8.66,--,84,72744,买盘,2017-07-31,2017-07-31 10:12:12
10:12:15,10:12:15,8.66,--,3,2598,买盘,2017-07-31,2017-07-31 10:12:15
10:12:18,10:12:18,8.66,--,63,54558,买盘,2017-07-31,2017-07-31 10:12:18
10:12:21,10:12:21,8.65,-0.01,94,81310,卖盘,2017-07-31,2017-07-31 10:12:21
10:12:24,10:12:24,8.65,--,30,25950,卖盘,2017-07-31,2017-07-31 10:12:24
10:12:27,10:12:27,8.66,0.01,29,25114,买盘,2017-07-31,2017-07-31 10:12:27
10:12:30,10:12:30,8.65,-0.01,38,32870,卖盘,2017-07-31,2017-07-31 10:12:30
10:12:33,10:12:33,8.65,--,30,25950,买盘,2017-07-31,2017-07-31 10:12:33
10:12:36,10:12:36,8.64,-0.01,107,92448,卖盘,2017-07-31,2017-07-31 10:12:36
10:12:39,10:12:39,8.65,0.01,12,10380,买盘,2017-07-31,2017-07-31 10:12:39
10:12:42,10:12:42,8.64,-0.01,382,330048,卖盘,2017-07-31,2017-07-31 10:12:42
10:12:45,10:12:45,8.65,0.01,20,17300,买盘,2017-07-31,2017-07-31 10:12:45
10:12:48,10:12:48,8.64,-0.01,4,3456,买盘,2017-07-31,2017-07-31 10:12:48
10:12:51,10:12:51,8.63,-0.01,12,10356,卖盘,2017-07-31,2017-07-31 10:12:51
10:12:54,10:12:54,8.63,--,36,31068,卖盘,2017-07-31,2017-07-31 10:12:54
10:12:57,10:12:57,8.64,0.01,5,4320,买盘,2017-07-31,2017-07-31 10:12:57
10:13:00,10:13:00,8.64,--,8,6912,买盘,2017-07-31,2017-07-31 10:13:00
10:13:03,10:13:03,8.63,-0.01,217,187271,卖盘,2017-07-31,2017-07-31 10:13:03
10:13:06,10:13:06,8.63,--,23,19849,卖盘,2017-07-31,2017-07-31 10:13:06
10:13:09,10:13:09,8.63,--,72,62136,卖盘,2017-07-31,2017-07-31 10:13:09
10:13:12,10:13:12,8.63,--,74,63862,买盘,2017-07-31,2017-07-31 10:13:12
10:13:15,10:13:15,8.64,0.01,40,34560,买盘,2017-07-31,2017-07-31 10:13:15
10:13:18,10:13:18,8.63,-0.01,48,41424,卖盘,2017-07-31,2017-07-31 10:13:18
10:13:21,10:13:21,8.64,0.01,3,2592,买盘,2017-07-31,2017-07-31 10:13:21
10:13:24,10:13:24,8.63,-0.01,36,31068,卖盘,2017-07-31,2017-07-31 10:13:24
10:13:27,10:13:27,8.64,0.01,38,32832,买盘,2017-07-31,2017-07-31 10:13:27
10:13:33,10:13:33,8.64,--,5,4320,买盘,2017-07-31,2017-07-31 10:13:33
10:13:36,10:13:36,8.64,--,11,9504,买盘,2017-07-31,2017-07-31 10:13:36
10:13:39,10:13:39,8.64,--,80,69120,买盘,2017-07-31,2017-07-31 10:13:39
10:13:42,10:13:42,8.63,-0.01,100,86300,卖盘,2017-07-31,2017-07-31 10:13:42
10:13:45,10:13:45,8.64,0.01,12,10368,买盘,2017-07-31,2017-07-31 10:13:45
10:13:48,10:13:48,8.64,--,1,864,买盘,2017-07-31,2017-07-31 10:13:48
10:13:51,10:13:51,8.64,--,426,368064,买盘,2017-07-31,2017-07-31 10:13:51
10:13:54,10:13:54,8.64,--,10,8640,买盘,2017-07-31,2017-07-31 10:13:54
10:13:57,10:13:57,8.64,--,56,48384,买盘,2017-07-31,2017-07-31 10:13:57
10:14:00,10:14:00,8.63,-0.01,31,26753,卖盘,2017-07-31,2017-07-31 10:14:00
10:14:03,10:14:03,8.64,0.01,54,46656,买盘,2017-07-31,2017-07-31 10:14:03
10:14:06,10:14:06,8.64,--,31,26784,买盘,2017-07-31,2017-07-31 10:14:06
10:14:09,10:14:09,8.64,--,4,3456,买盘,2017-07-31,2017-07-31 10:14:09
10:14:12,10:14:12,8.63,-0.01,44,37972,卖盘,2017-07-31,2017-07-31 10:14:12
10:14:15,10:14:15,8.65,0.02,308,266420,买盘,2017-07-31,2017-07-31 10:14:15
10:14:18,10:14:18,8.65,--,20,17300,卖盘,2017-07-31,2017-07-31 10:14:18
10:14:21,10:14:21,8.65,--,1,865,卖盘,2017-07-31,2017-07-31 10:14:21
10:14:24,10:14:24,8.65,--,15,12975,卖盘,2017-07-31,2017-07-31 10:14:24
10:14:27,10:14:27,8.65,--,120,103800,卖盘,2017-07-31,2017-07-31 10:14:27
10:14:30,10:14:30,8.65,--,18,15570,卖盘,2017-07-31,2017-07-31 10:14:30
10:14:33,10:14:33,8.65,--,10,8650,卖盘,2017-07-31,2017-07-31 10:14:33
10:14:36,10:14:36,8.66,0.01,35,30310,买盘,2017-07-31,2017-07-31 10:14:36
10:14:39,10:14:39,8.66,--,39,33774,买盘,2017-07-31,2017-07-31 10:14:39
10:14:42,10:14:42,8.65,-0.01,30,25950,卖盘,2017-07-31,2017-07-31 10:14:42
10:14:45,10:14:45,8.67,0.02,262,227154,买盘,2017-07-31,2017-07-31 10:14:45
10:14:48,10:14:48,8.67,--,62,54126,买盘,2017-07-31,2017-07-31 10:14:48
10:14:51,10:14:51,8.67,--,187,162129,卖盘,2017-07-31,2017-07-31 10:14:51
10:14:54,10:14:54,8.68,0.01,30,26040,买盘,2017-07-31,2017-07-31 10:14:54
10:14:57,10:14:57,8.68,--,50,43400,买盘,2017-07-31,2017-07-31 10:14:57
10:15:00,10:15:00,8.68,--,30,26040,买盘,2017-07-31,2017-07-31 10:15:00
10:15:03,10:15:03,8.68,--,32,27776,买盘,2017-07-31,2017-07-31 10:15:03
10:15:06,10:15:06,8.65,-0.03,1116,965642,卖盘,2017-07-31,2017-07-31 10:15:06
10:15:09,10:15:09,8.68,0.03,175,151900,买盘,2017-07-31,2017-07-31 10:15:09
10:15:15,10:15:15,8.69,0.01,38,33022,买盘,2017-07-31,2017-07-31 10:15:15
10:15:21,10:15:21,8.68,-0.01,18,15624,卖盘,2017-07-31,2017-07-31 10:15:21
10:15:24,10:15:24,8.68,--,96,83328,卖盘,2017-07-31,2017-07-31 10:15:24
10:15:27,10:15:27,8.68,--,10,8680,买盘,2017-07-31,2017-07-31 10:15:27
10:15:30,10:15:30,8.68,--,98,85064,买盘,2017-07-31,2017-07-31 10:15:30
10:15:33,10:15:33,8.68,--,54,46872,买盘,2017-07-31,2017-07-31 10:15:33
10:15:36,10:15:36,8.67,-0.01,38,32946,卖盘,2017-07-31,2017-07-31 10:15:36
10:15:39,10:15:39,8.68,0.01,4,3472,买盘,2017-07-31,2017-07-31 10:15:39
10:15:42,10:15:42,8.67,-0.01,3,2601,卖盘,2017-07-31,2017-07-31 10:15:42
10:15:45,10:15:45,8.68,0.01,10,8680,买盘,2017-07-31,2017-07-31 10:15:45
10:15:48,10:15:48,8.68,--,26,22568,买盘,2017-07-31,2017-07-31 10:15:48
10:15:51,10:15:51,8.67,-0.01,36,31212,卖盘,2017-07-31,2017-07-31 10:15:51
10:15:54,10:15:54,8.68,0.01,114,98952,买盘,2017-07-31,2017-07-31 10:15:54
10:15:57,10:15:57,8.68,--,50,43400,卖盘,2017-07-31,2017-07-31 10:15:57
10:16:00,10:16:00,8.68,--,6,5208,卖盘,2017-07-31,2017-07-31 10:16:00
10:16:03,10:16:03,8.69,0.01,84,72996,买盘,2017-07-31,2017-07-31 10:16:03
10:16:06,10:16:06,8.69,--,242,210298,买盘,2017-07-31,2017-07-31 10:16:06
10:16:12,10:16:12,8.69,--,73,63437,卖盘,2017-07-31,2017-07-31 10:16:12
10:16:15,10:16:15,8.69,--,16,13904,卖盘,2017-07-31,2017-07-31 10:16:15
10:16:18,10:16:18,8.69,--,31,26939,卖盘,2017-07-31,2017-07-31 10:16:18
10:16:21,10:16:21,8.69,--,15,13035,卖盘,2017-07-31,2017-07-31 10:16:21
10:16:24,10:16:24,8.69,--,107,92983,卖盘,2017-07-31,2017-07-31 10:16:24
10:16:27,10:16:27,8.7,0.01,486,422819,买盘,2017-07-31,2017-07-31 10:16:27
10:16:30,10:16:30,8.69,-0.01,56,48664,卖盘,2017-07-31,2017-07-31 10:16:30
10:16:33,10:16:33,8.7,0.01,31,26969,买盘,2017-07-31,2017-07-31 10:16:33
10:16:36,10:16:36,8.7,--,198,172260,买盘,2017-07-31,2017-07-31 10:16:36
10:16:39,10:16:39,8.69,-0.01,30,26070,卖盘,2017-07-31,2017-07-31 10:16:39
10:16:42,10:16:42,8.7,0.01,1,869,买盘,2017-07-31,2017-07-31 10:16:42
10:16:45,10:16:45,8.7,--,27,23489,买盘,2017-07-31,2017-07-31 10:16:45
10:16:48,10:16:48,8.7,--,5,4350,买盘,2017-07-31,2017-07-31 10:16:48
10:16:51,10:16:51,8.7,--,366,318420,买盘,2017-07-31,2017-07-31 10:16:51
10:16:54,10:16:54,8.69,-0.01,506,439714,卖盘,2017-07-31,2017-07-31 10:16:54
10:16:57,10:16:57,8.7,0.01,126,109619,买盘,2017-07-31,2017-07-31 10:16:57
10:17:00,10:17:00,8.69,-0.01,131,113839,卖盘,2017-07-31,2017-07-31 10:17:00
10:17:03,10:17:03,8.7,0.01,144,125279,买盘,2017-07-31,2017-07-31 10:17:03
10:17:06,10:17:06,8.7,--,50,43500,买盘,2017-07-31,2017-07-31 10:17:06
10:17:09,10:17:09,8.69,-0.01,125,108625,卖盘,2017-07-31,2017-07-31 10:17:09
10:17:15,10:17:15,8.69,--,107,92983,卖盘,2017-07-31,2017-07-31 10:17:15
10:17:18,10:17:18,8.69,--,34,29546,卖盘,2017-07-31,2017-07-31 10:17:18
10:17:21,10:17:21,8.7,0.01,14,12179,买盘,2017-07-31,2017-07-31 10:17:21
10:17:24,10:17:24,8.69,-0.01,68,59092,卖盘,2017-07-31,2017-07-31 10:17:24
10:17:27,10:17:27,8.7,0.01,15,13049,买盘,2017-07-31,2017-07-31 10:17:27
10:17:30,10:17:30,8.69,-0.01,100,86900,卖盘,2017-07-31,2017-07-31 10:17:30
10:17:36,10:17:36,8.69,--,36,31284,卖盘,2017-07-31,2017-07-31 10:17:36
10:17:39,10:17:39,8.69,--,11,9559,卖盘,2017-07-31,2017-07-31 10:17:39
10:17:42,10:17:42,8.69,--,35,30415,卖盘,2017-07-31,2017-07-31 10:17:42
10:17:48,10:17:48,8.69,--,7,6083,卖盘,2017-07-31,2017-07-31 10:17:48
10:17:51,10:17:51,8.7,0.01,660,574200,买盘,2017-07-31,2017-07-31 10:17:51
10:17:54,10:17:54,8.71,0.01,842,733382,买盘,2017-07-31,2017-07-31 10:17:54
10:17:57,10:17:57,8.7,-0.01,33,28709,卖盘,2017-07-31,2017-07-31 10:17:57
10:18:00,10:18:00,8.71,0.01,217,189007,买盘,2017-07-31,2017-07-31 10:18:00
10:18:03,10:18:03,8.71,--,409,356239,买盘,2017-07-31,2017-07-31 10:18:03
10:18:06,10:18:06,8.7,-0.01,10,8700,卖盘,2017-07-31,2017-07-31 10:18:06
10:18:09,10:18:09,8.7,--,29,25229,卖盘,2017-07-31,2017-07-31 10:18:09
10:18:15,10:18:15,8.71,0.01,100,87100,买盘,2017-07-31,2017-07-31 10:18:15
10:18:21,10:18:21,8.72,0.01,40,34880,买盘,2017-07-31,2017-07-31 10:18:21
10:18:24,10:18:24,8.72,--,17,14824,买盘,2017-07-31,2017-07-31 10:18:24
10:18:27,10:18:27,8.71,-0.01,170,148070,卖盘,2017-07-31,2017-07-31 10:18:27
10:18:30,10:18:30,8.72,0.01,34,29648,买盘,2017-07-31,2017-07-31 10:18:30
10:18:33,10:18:33,8.72,--,23,20056,买盘,2017-07-31,2017-07-31 10:18:33
10:18:36,10:18:36,8.72,--,729,635688,买盘,2017-07-31,2017-07-31 10:18:36
10:18:39,10:18:39,8.73,0.01,233,203409,买盘,2017-07-31,2017-07-31 10:18:39
10:18:42,10:18:42,8.72,-0.01,39,34008,中性盘,2017-07-31,2017-07-31 10:18:42
10:18:45,10:18:45,8.71,-0.01,41,35711,中性盘,2017-07-31,2017-07-31 10:18:45
10:18:51,10:18:51,8.72,0.01,54,47088,买盘,2017-07-31,2017-07-31 10:18:51
10:18:54,10:18:54,8.71,-0.01,63,54873,卖盘,2017-07-31,2017-07-31 10:18:54
10:18:57,10:18:57,8.7,-0.01,100,87000,卖盘,2017-07-31,2017-07-31 10:18:57
10:19:00,10:19:00,8.71,0.01,10,8710,卖盘,2017-07-31,2017-07-31 10:19:00
10:19:03,10:19:03,8.71,--,10,8710,卖盘,2017-07-31,2017-07-31 10:19:03
10:19:09,10:19:09,8.71,--,144,125424,卖盘,2017-07-31,2017-07-31 10:19:09
10:19:12,10:19:12,8.7,-0.01,8,6959,卖盘,2017-07-31,2017-07-31 10:19:12
10:19:15,10:19:15,8.71,0.01,47,40937,买盘,2017-07-31,2017-07-31 10:19:15
10:19:18,10:19:18,8.71,--,6,5226,买盘,2017-07-31,2017-07-31 10:19:18
10:19:21,10:19:21,8.71,--,37,32227,买盘,2017-07-31,2017-07-31 10:19:21
10:19:24,10:19:24,8.7,-0.01,14,12179,卖盘,2017-07-31,2017-07-31 10:19:24
10:19:27,10:19:27,8.71,0.01,13,11323,买盘,2017-07-31,2017-07-31 10:19:27
10:19:33,10:19:33,8.71,--,36,31356,买盘,2017-07-31,2017-07-31 10:19:33
10:19:36,10:19:36,8.71,--,1736,1512056,买盘,2017-07-31,2017-07-31 10:19:36
10:19:39,10:19:39,8.7,-0.01,36,31319,卖盘,2017-07-31,2017-07-31 10:19:39
10:19:45,10:19:45,8.71,0.01,26,22646,中性盘,2017-07-31,2017-07-31 10:19:45
10:19:48,10:19:48,8.71,--,15,13065,卖盘,2017-07-31,2017-07-31 10:19:48
10:19:51,10:19:51,8.71,--,18,15678,卖盘,2017-07-31,2017-07-31 10:19:51
10:19:54,10:19:54,8.71,--,66,57486,买盘,2017-07-31,2017-07-31 10:19:54
10:19:57,10:19:57,8.71,--,19,16549,买盘,2017-07-31,2017-07-31 10:19:57
10:20:00,10:20:00,8.71,--,67,58357,买盘,2017-07-31,2017-07-31 10:20:00
10:20:03,10:20:03,8.71,--,163,141973,买盘,2017-07-31,2017-07-31 10:20:03
10:20:06,10:20:06,8.7,-0.01,174,151380,卖盘,2017-07-31,2017-07-31 10:20:06
10:20:09,10:20:09,8.7,--,22,19140,卖盘,2017-07-31,2017-07-31 10:20:09
10:20:12,10:20:12,8.71,0.01,2,1742,买盘,2017-07-31,2017-07-31 10:20:12
10:20:15,10:20:15,8.71,--,63,54873,买盘,2017-07-31,2017-07-31 10:20:15
10:20:21,10:20:21,8.71,--,110,95810,买盘,2017-07-31,2017-07-31 10:20:21
10:20:24,10:20:24,8.71,--,18,15678,买盘,2017-07-31,2017-07-31 10:20:24
10:20:27,10:20:27,8.71,--,126,109746,买盘,2017-07-31,2017-07-31 10:20:27
10:20:33,10:20:33,8.71,--,40,34840,卖盘,2017-07-31,2017-07-31 10:20:33
10:20:36,10:20:36,8.71,--,153,133263,卖盘,2017-07-31,2017-07-31 10:20:36
10:20:39,10:20:39,8.75,0.04,594,520012,买盘,2017-07-31,2017-07-31 10:20:39
10:20:45,10:20:45,8.75,--,5,4987,卖盘,2017-07-31,2017-07-31 10:20:45
10:20:48,10:20:48,8.72,-0.03,65,56680,卖盘,2017-07-31,2017-07-31 10:20:48
10:20:51,10:20:51,8.76,0.04,120,105120,买盘,2017-07-31,2017-07-31 10:20:51
10:20:57,10:20:57,8.76,--,393,344268,买盘,2017-07-31,2017-07-31 10:20:57
10:21:00,10:21:00,8.76,--,23,20148,买盘,2017-07-31,2017-07-31 10:21:00
10:21:03,10:21:03,8.76,--,49,42924,买盘,2017-07-31,2017-07-31 10:21:03
10:21:06,10:21:06,8.75,-0.01,10,8750,卖盘,2017-07-31,2017-07-31 10:21:06
10:21:09,10:21:09,8.78,0.03,378,332147,买盘,2017-07-31,2017-07-31 10:21:09
10:21:12,10:21:12,8.78,--,66,57947,卖盘,2017-07-31,2017-07-31 10:21:12
10:21:18,10:21:18,8.79,0.01,40,35160,买盘,2017-07-31,2017-07-31 10:21:18
10:21:21,10:21:21,8.79,--,627,551133,买盘,2017-07-31,2017-07-31 10:21:21
10:21:24,10:21:24,8.79,--,101,88778,买盘,2017-07-31,2017-07-31 10:21:24
10:21:27,10:21:27,8.79,--,488,428951,买盘,2017-07-31,2017-07-31 10:21:27
10:21:30,10:21:30,8.79,--,52,45707,买盘,2017-07-31,2017-07-31 10:21:30
10:21:33,10:21:33,8.78,-0.01,2130,1870139,卖盘,2017-07-31,2017-07-31 10:21:33
10:21:36,10:21:36,8.8,0.02,719,632720,买盘,2017-07-31,2017-07-31 10:21:36
10:21:39,10:21:39,8.81,0.01,54,47574,买盘,2017-07-31,2017-07-31 10:21:39
10:21:42,10:21:42,8.82,0.01,254,224028,买盘,2017-07-31,2017-07-31 10:21:42
10:21:45,10:21:45,8.82,--,100,88200,买盘,2017-07-31,2017-07-31 10:21:45
10:21:48,10:21:48,8.82,--,179,157878,买盘,2017-07-31,2017-07-31 10:21:48
10:21:51,10:21:51,8.82,--,611,538902,买盘,2017-07-31,2017-07-31 10:21:51
10:21:54,10:21:54,8.82,--,132,116424,买盘,2017-07-31,2017-07-31 10:21:54
10:21:57,10:21:57,8.82,--,1073,946386,买盘,2017-07-31,2017-07-31 10:21:57
10:22:00,10:22:00,8.81,-0.01,597,525957,卖盘,2017-07-31,2017-07-31 10:22:00
10:22:03,10:22:03,8.81,--,70,61670,买盘,2017-07-31,2017-07-31 10:22:03
10:22:06,10:22:06,8.81,--,195,171795,买盘,2017-07-31,2017-07-31 10:22:06
10:22:09,10:22:09,8.81,--,362,318922,买盘,2017-07-31,2017-07-31 10:22:09
10:22:12,10:22:12,8.81,--,81,71361,买盘,2017-07-31,2017-07-31 10:22:12
10:22:15,10:22:15,8.81,--,84,74004,买盘,2017-07-31,2017-07-31 10:22:15
10:22:18,10:22:18,8.81,--,1287,1133847,卖盘,2017-07-31,2017-07-31 10:22:18
10:22:21,10:22:21,8.81,--,150,132150,卖盘,2017-07-31,2017-07-31 10:22:21
10:22:24,10:22:24,8.81,--,138,121578,卖盘,2017-07-31,2017-07-31 10:22:24
10:22:27,10:22:27,8.81,--,607,534767,卖盘,2017-07-31,2017-07-31 10:22:27
10:22:30,10:22:30,8.81,--,357,314517,卖盘,2017-07-31,2017-07-31 10:22:30
10:22:33,10:22:33,8.81,--,171,150651,卖盘,2017-07-31,2017-07-31 10:22:33
10:22:36,10:22:36,8.81,--,66,58146,卖盘,2017-07-31,2017-07-31 10:22:36
10:22:39,10:22:39,8.81,--,752,662512,买盘,2017-07-31,2017-07-31 10:22:39
10:22:42,10:22:42,8.8,-0.01,107,94160,卖盘,2017-07-31,2017-07-31 10:22:42
10:22:45,10:22:45,8.81,0.01,306,269586,买盘,2017-07-31,2017-07-31 10:22:45
10:22:48,10:22:48,8.8,-0.01,100,88000,卖盘,2017-07-31,2017-07-31 10:22:48
10:22:51,10:22:51,8.8,--,56,49280,卖盘,2017-07-31,2017-07-31 10:22:51
10:22:54,10:22:54,8.8,--,194,170720,卖盘,2017-07-31,2017-07-31 10:22:54
10:22:57,10:22:57,8.79,-0.01,60,52739,卖盘,2017-07-31,2017-07-31 10:22:57
10:23:00,10:23:00,8.8,0.01,60,52800,买盘,2017-07-31,2017-07-31 10:23:00
10:23:03,10:23:03,8.8,--,4,3520,买盘,2017-07-31,2017-07-31 10:23:03
10:23:06,10:23:06,8.79,-0.01,47,41312,卖盘,2017-07-31,2017-07-31 10:23:06
10:23:09,10:23:09,8.79,--,274,240845,卖盘,2017-07-31,2017-07-31 10:23:09
10:23:12,10:23:12,8.79,--,5,4395,买盘,2017-07-31,2017-07-31 10:23:12
10:23:18,10:23:18,8.79,--,97,85262,买盘,2017-07-31,2017-07-31 10:23:18
10:23:21,10:23:21,8.79,--,93,81746,卖盘,2017-07-31,2017-07-31 10:23:21
10:23:24,10:23:24,8.79,--,72,63287,买盘,2017-07-31,2017-07-31 10:23:24
10:23:27,10:23:27,8.79,--,27,23732,买盘,2017-07-31,2017-07-31 10:23:27
10:23:30,10:23:30,8.78,-0.01,61,53557,卖盘,2017-07-31,2017-07-31 10:23:30
10:23:33,10:23:33,8.78,--,72,63215,买盘,2017-07-31,2017-07-31 10:23:33
10:23:42,10:23:42,8.76,-0.02,223,195348,卖盘,2017-07-31,2017-07-31 10:23:42
10:23:45,10:23:45,8.76,--,64,56064,买盘,2017-07-31,2017-07-31 10:23:45
10:23:48,10:23:48,8.76,--,509,445884,买盘,2017-07-31,2017-07-31 10:23:48
10:23:51,10:23:51,8.75,-0.01,19,16625,卖盘,2017-07-31,2017-07-31 10:23:51
10:23:54,10:23:54,8.75,--,23,20125,卖盘,2017-07-31,2017-07-31 10:23:54
10:24:03,10:24:03,8.72,-0.03,74,64528,卖盘,2017-07-31,2017-07-31 10:24:03
10:24:06,10:24:06,8.72,--,31,27032,卖盘,2017-07-31,2017-07-31 10:24:06
10:24:09,10:24:09,8.71,-0.01,29,25259,卖盘,2017-07-31,2017-07-31 10:24:09
10:24:12,10:24:12,8.75,0.04,61,53375,买盘,2017-07-31,2017-07-31 10:24:12
10:24:15,10:24:15,8.72,-0.03,8,6976,买盘,2017-07-31,2017-07-31 10:24:15
10:24:18,10:24:18,8.72,--,35,30520,卖盘,2017-07-31,2017-07-31 10:24:18
10:24:21,10:24:21,8.72,--,2,1744,买盘,2017-07-31,2017-07-31 10:24:21
10:24:24,10:24:24,8.72,--,30,26160,卖盘,2017-07-31,2017-07-31 10:24:24
10:24:27,10:24:27,8.72,--,40,34880,卖盘,2017-07-31,2017-07-31 10:24:27
10:24:30,10:24:30,8.71,-0.01,23,20033,卖盘,2017-07-31,2017-07-31 10:24:30
10:24:39,10:24:39,8.74,0.03,22,19228,买盘,2017-07-31,2017-07-31 10:24:39
10:24:42,10:24:42,8.74,--,78,68172,买盘,2017-07-31,2017-07-31 10:24:42
10:24:45,10:24:45,8.72,-0.02,69,60168,卖盘,2017-07-31,2017-07-31 10:24:45
10:24:48,10:24:48,8.74,0.02,50,43700,买盘,2017-07-31,2017-07-31 10:24:48
10:24:51,10:24:51,8.75,0.01,13,11375,买盘,2017-07-31,2017-07-31 10:24:51
10:24:54,10:24:54,8.74,-0.01,183,159942,卖盘,2017-07-31,2017-07-31 10:24:54
10:25:00,10:25:00,8.74,--,120,104880,卖盘,2017-07-31,2017-07-31 10:25:00
10:25:03,10:25:03,8.74,--,55,48070,卖盘,2017-07-31,2017-07-31 10:25:03
10:25:06,10:25:06,8.75,0.01,607,531125,买盘,2017-07-31,2017-07-31 10:25:06
10:25:09,10:25:09,8.74,-0.01,11,9614,中性盘,2017-07-31,2017-07-31 10:25:09
10:25:12,10:25:12,8.75,0.01,149,130375,买盘,2017-07-31,2017-07-31 10:25:12
10:25:15,10:25:15,8.74,-0.01,17,14858,中性盘,2017-07-31,2017-07-31 10:25:15
10:25:18,10:25:18,8.73,-0.01,168,146664,卖盘,2017-07-31,2017-07-31 10:25:18
10:25:24,10:25:24,8.73,--,188,164124,卖盘,2017-07-31,2017-07-31 10:25:24
10:25:27,10:25:27,8.74,0.01,106,92644,买盘,2017-07-31,2017-07-31 10:25:27
10:25:33,10:25:33,8.73,-0.01,13,11349,中性盘,2017-07-31,2017-07-31 10:25:33
10:25:39,10:25:39,8.72,-0.01,6,5232,卖盘,2017-07-31,2017-07-31 10:25:39
10:25:42,10:25:42,8.73,0.01,4,3492,买盘,2017-07-31,2017-07-31 10:25:42
10:25:45,10:25:45,8.72,-0.01,123,107256,卖盘,2017-07-31,2017-07-31 10:25:45
10:25:48,10:25:48,8.73,0.01,24,20952,中性盘,2017-07-31,2017-07-31 10:25:48
10:25:51,10:25:51,8.73,--,5,4365,卖盘,2017-07-31,2017-07-31 10:25:51
10:26:00,10:26:00,8.73,--,252,219996,卖盘,2017-07-31,2017-07-31 10:26:00
10:26:06,10:26:06,8.73,--,20,17460,买盘,2017-07-31,2017-07-31 10:26:06
10:26:09,10:26:09,8.72,-0.01,27,23544,卖盘,2017-07-31,2017-07-31 10:26:09
10:26:18,10:26:18,8.72,--,353,307816,卖盘,2017-07-31,2017-07-31 10:26:18
10:26:21,10:26:21,8.72,--,2,1744,买盘,2017-07-31,2017-07-31 10:26:21
10:26:27,10:26:27,8.72,--,8,6976,买盘,2017-07-31,2017-07-31 10:26:27
10:26:30,10:26:30,8.72,--,6,5232,买盘,2017-07-31,2017-07-31 10:26:30
10:26:33,10:26:33,8.72,--,12,10464,买盘,2017-07-31,2017-07-31 10:26:33
10:26:36,10:26:36,8.71,-0.01,561,488631,卖盘,2017-07-31,2017-07-31 10:26:36
10:26:39,10:26:39,8.7,-0.01,4,3479,卖盘,2017-07-31,2017-07-31 10:26:39
10:26:42,10:26:42,8.71,0.01,1,871,买盘,2017-07-31,2017-07-31 10:26:42
10:26:45,10:26:45,8.71,--,10,8710,买盘,2017-07-31,2017-07-31 10:26:45
10:26:48,10:26:48,8.71,--,162,141102,买盘,2017-07-31,2017-07-31 10:26:48
10:26:51,10:26:51,8.7,-0.01,37,32189,卖盘,2017-07-31,2017-07-31 10:26:51
10:26:54,10:26:54,8.71,0.01,208,181168,买盘,2017-07-31,2017-07-31 10:26:54
10:27:00,10:27:00,8.7,-0.01,260,226199,卖盘,2017-07-31,2017-07-31 10:27:00
10:27:03,10:27:03,8.72,0.02,20,17440,买盘,2017-07-31,2017-07-31 10:27:03
10:27:06,10:27:06,8.72,--,60,52320,买盘,2017-07-31,2017-07-31 10:27:06
10:27:09,10:27:09,8.7,-0.02,10,8700,卖盘,2017-07-31,2017-07-31 10:27:09
10:27:12,10:27:12,8.71,0.01,118,102778,买盘,2017-07-31,2017-07-31 10:27:12
10:27:15,10:27:15,8.71,--,7,6097,买盘,2017-07-31,2017-07-31 10:27:15
10:27:18,10:27:18,8.7,-0.01,13,11309,卖盘,2017-07-31,2017-07-31 10:27:18
10:27:24,10:27:24,8.7,--,175,152250,卖盘,2017-07-31,2017-07-31 10:27:24
10:27:27,10:27:27,8.71,0.01,183,159393,买盘,2017-07-31,2017-07-31 10:27:27
10:27:30,10:27:30,8.71,--,103,89713,买盘,2017-07-31,2017-07-31 10:27:30
10:27:33,10:27:33,8.7,-0.01,11,9570,中性盘,2017-07-31,2017-07-31 10:27:33
10:27:39,10:27:39,8.71,0.01,11,9581,买盘,2017-07-31,2017-07-31 10:27:39
10:27:42,10:27:42,8.7,-0.01,5,4350,卖盘,2017-07-31,2017-07-31 10:27:42
10:27:48,10:27:48,8.7,--,24,20880,卖盘,2017-07-31,2017-07-31 10:27:48
10:27:51,10:27:51,8.7,--,5,4350,买盘,2017-07-31,2017-07-31 10:27:51
10:27:54,10:27:54,8.7,--,24,20880,买盘,2017-07-31,2017-07-31 10:27:54
10:28:00,10:28:00,8.7,--,17,14789,买盘,2017-07-31,2017-07-31 10:28:00
10:28:03,10:28:03,8.69,-0.01,566,491854,卖盘,2017-07-31,2017-07-31 10:28:03
10:28:06,10:28:06,8.69,--,2,1738,买盘,2017-07-31,2017-07-31 10:28:06
10:28:09,10:28:09,8.7,0.01,166,144420,买盘,2017-07-31,2017-07-31 10:28:09
10:28:12,10:28:12,8.7,--,2,1739,买盘,2017-07-31,2017-07-31 10:28:12
10:28:18,10:28:18,8.7,--,48,41760,买盘,2017-07-31,2017-07-31 10:28:18
10:28:21,10:28:21,8.68,-0.02,109,94612,卖盘,2017-07-31,2017-07-31 10:28:21
10:28:24,10:28:24,8.69,0.01,23,19987,买盘,2017-07-31,2017-07-31 10:28:24
10:28:27,10:28:27,8.69,--,3,2607,买盘,2017-07-31,2017-07-31 10:28:27
10:28:30,10:28:30,8.68,-0.01,64,55552,卖盘,2017-07-31,2017-07-31 10:28:30
10:28:33,10:28:33,8.68,--,27,23436,卖盘,2017-07-31,2017-07-31 10:28:33
10:28:36,10:28:36,8.68,--,85,73780,卖盘,2017-07-31,2017-07-31 10:28:36
10:28:39,10:28:39,8.68,--,19,16492,买盘,2017-07-31,2017-07-31 10:28:39
10:28:42,10:28:42,8.68,--,4,3472,买盘,2017-07-31,2017-07-31 10:28:42
10:28:45,10:28:45,8.68,--,3,2604,买盘,2017-07-31,2017-07-31 10:28:45
10:28:48,10:28:48,8.68,--,98,85064,买盘,2017-07-31,2017-07-31 10:28:48
10:28:57,10:28:57,8.68,--,25,21700,买盘,2017-07-31,2017-07-31 10:28:57
10:29:00,10:29:00,8.67,-0.01,10,8670,卖盘,2017-07-31,2017-07-31 10:29:00
10:29:03,10:29:03,8.68,0.01,120,104160,买盘,2017-07-31,2017-07-31 10:29:03
10:29:06,10:29:06,8.67,-0.01,67,58089,卖盘,2017-07-31,2017-07-31 10:29:06
10:29:09,10:29:09,8.68,0.01,42,36456,买盘,2017-07-31,2017-07-31 10:29:09
10:29:12,10:29:12,8.67,-0.01,114,98838,卖盘,2017-07-31,2017-07-31 10:29:12
10:29:15,10:29:15,8.67,--,483,418761,卖盘,2017-07-31,2017-07-31 10:29:15
10:29:18,10:29:18,8.67,--,20,17340,买盘,2017-07-31,2017-07-31 10:29:18
10:29:21,10:29:21,8.67,--,20,17340,买盘,2017-07-31,2017-07-31 10:29:21
10:29:24,10:29:24,8.66,-0.01,23,19918,卖盘,2017-07-31,2017-07-31 10:29:24
10:29:27,10:29:27,8.67,0.01,27,23409,买盘,2017-07-31,2017-07-31 10:29:27
10:29:30,10:29:30,8.67,--,8,6936,买盘,2017-07-31,2017-07-31 10:29:30
10:29:36,10:29:36,8.67,--,2,1734,买盘,2017-07-31,2017-07-31 10:29:36
10:29:39,10:29:39,8.67,--,5,4335,买盘,2017-07-31,2017-07-31 10:29:39
10:29:45,10:29:45,8.67,--,1,867,买盘,2017-07-31,2017-07-31 10:29:45
10:29:48,10:29:48,8.67,--,401,347667,买盘,2017-07-31,2017-07-31 10:29:48
10:29:51,10:29:51,8.67,--,30,26010,买盘,2017-07-31,2017-07-31 10:29:51
10:29:54,10:29:54,8.66,-0.01,147,127302,卖盘,2017-07-31,2017-07-31 10:29:54
10:30:00,10:30:00,8.67,0.01,20,17340,买盘,2017-07-31,2017-07-31 10:30:00
10:30:03,10:30:03,8.67,--,11,9537,买盘,2017-07-31,2017-07-31 10:30:03
10:30:09,10:30:09,8.67,--,98,84966,买盘,2017-07-31,2017-07-31 10:30:09
10:30:12,10:30:12,8.67,--,143,123981,买盘,2017-07-31,2017-07-31 10:30:12
10:30:15,10:30:15,8.68,0.01,8,6944,买盘,2017-07-31,2017-07-31 10:30:15
10:30:18,10:30:18,8.68,--,16,13888,买盘,2017-07-31,2017-07-31 10:30:18
10:30:21,10:30:21,8.67,-0.01,50,43350,卖盘,2017-07-31,2017-07-31 10:30:21
10:30:24,10:30:24,8.68,0.01,17,14756,买盘,2017-07-31,2017-07-31 10:30:24
10:30:27,10:30:27,8.68,--,99,85932,买盘,2017-07-31,2017-07-31 10:30:27
10:30:30,10:30:30,8.68,--,19,16492,卖盘,2017-07-31,2017-07-31 10:30:30
10:30:36,10:30:36,8.67,-0.01,1008,873936,卖盘,2017-07-31,2017-07-31 10:30:36
10:30:39,10:30:39,8.67,--,65,56355,卖盘,2017-07-31,2017-07-31 10:30:39
10:30:42,10:30:42,8.7,0.03,173,150510,买盘,2017-07-31,2017-07-31 10:30:42
10:30:48,10:30:48,8.7,--,12,10440,卖盘,2017-07-31,2017-07-31 10:30:48
10:30:51,10:30:51,8.68,-0.02,154,133672,卖盘,2017-07-31,2017-07-31 10:30:51
10:31:00,10:31:00,8.7,0.02,10,8700,中性盘,2017-07-31,2017-07-31 10:31:00
10:31:03,10:31:03,8.7,--,16,13919,买盘,2017-07-31,2017-07-31 10:31:03
10:31:06,10:31:06,8.7,--,28,24359,买盘,2017-07-31,2017-07-31 10:31:06
10:31:09,10:31:09,8.7,--,34,29579,买盘,2017-07-31,2017-07-31 10:31:09
10:31:15,10:31:15,8.7,--,331,287970,买盘,2017-07-31,2017-07-31 10:31:15
10:31:18,10:31:18,8.68,-0.02,262,227416,卖盘,2017-07-31,2017-07-31 10:31:18
10:31:21,10:31:21,8.68,--,7,6076,买盘,2017-07-31,2017-07-31 10:31:21
10:31:24,10:31:24,8.68,--,18,15624,买盘,2017-07-31,2017-07-31 10:31:24
10:31:27,10:31:27,8.68,--,3,2604,买盘,2017-07-31,2017-07-31 10:31:27
10:31:30,10:31:30,8.68,--,30,26040,买盘,2017-07-31,2017-07-31 10:31:30
10:31:33,10:31:33,8.68,--,365,316820,买盘,2017-07-31,2017-07-31 10:31:33
10:31:36,10:31:36,8.67,-0.01,332,287844,卖盘,2017-07-31,2017-07-31 10:31:36
10:31:39,10:31:39,8.68,0.01,264,229152,买盘,2017-07-31,2017-07-31 10:31:39
10:31:42,10:31:42,8.68,--,108,93744,买盘,2017-07-31,2017-07-31 10:31:42
10:31:45,10:31:45,8.67,-0.01,22,19074,中性盘,2017-07-31,2017-07-31 10:31:45
10:31:48,10:31:48,8.67,--,20,17340,买盘,2017-07-31,2017-07-31 10:31:48
10:31:51,10:31:51,8.67,--,20,17340,买盘,2017-07-31,2017-07-31 10:31:51
10:31:54,10:31:54,8.67,--,30,26010,买盘,2017-07-31,2017-07-31 10:31:54
10:31:57,10:31:57,8.68,0.01,424,368032,买盘,2017-07-31,2017-07-31 10:31:57
10:32:03,10:32:03,8.68,--,1,868,买盘,2017-07-31,2017-07-31 10:32:03
10:32:06,10:32:06,8.67,-0.01,9,7803,卖盘,2017-07-31,2017-07-31 10:32:06
10:32:09,10:32:09,8.67,--,10,8670,卖盘,2017-07-31,2017-07-31 10:32:09
10:32:12,10:32:12,8.68,0.01,29,25172,买盘,2017-07-31,2017-07-31 10:32:12
10:32:15,10:32:15,8.68,--,14,12152,买盘,2017-07-31,2017-07-31 10:32:15
10:32:21,10:32:21,8.68,--,12,10416,买盘,2017-07-31,2017-07-31 10:32:21
10:32:24,10:32:24,8.67,-0.01,9,7803,卖盘,2017-07-31,2017-07-31 10:32:24
10:32:27,10:32:27,8.68,0.01,44,38192,买盘,2017-07-31,2017-07-31 10:32:27
10:32:30,10:32:30,8.67,-0.01,4,3468,卖盘,2017-07-31,2017-07-31 10:32:30
10:32:33,10:32:33,8.68,0.01,29,25172,买盘,2017-07-31,2017-07-31 10:32:33
10:32:36,10:32:36,8.68,--,51,44268,卖盘,2017-07-31,2017-07-31 10:32:36
10:32:39,10:32:39,8.68,--,7,6076,卖盘,2017-07-31,2017-07-31 10:32:39
10:32:48,10:32:48,8.68,--,38,32984,卖盘,2017-07-31,2017-07-31 10:32:48
10:32:51,10:32:51,8.69,0.01,5,4345,买盘,2017-07-31,2017-07-31 10:32:51
10:32:57,10:32:57,8.68,-0.01,5,4340,卖盘,2017-07-31,2017-07-31 10:32:57
10:33:00,10:33:00,8.69,0.01,22,19118,买盘,2017-07-31,2017-07-31 10:33:00
10:33:06,10:33:06,8.68,-0.01,94,81592,卖盘,2017-07-31,2017-07-31 10:33:06
10:33:09,10:33:09,8.68,--,48,41664,卖盘,2017-07-31,2017-07-31 10:33:09
10:33:15,10:33:15,8.68,--,3,2604,卖盘,2017-07-31,2017-07-31 10:33:15
10:33:21,10:33:21,8.68,--,100,86800,卖盘,2017-07-31,2017-07-31 10:33:21
10:33:27,10:33:27,8.69,0.01,5,4345,买盘,2017-07-31,2017-07-31 10:33:27
10:33:39,10:33:39,8.69,--,50,43450,买盘,2017-07-31,2017-07-31 10:33:39
10:33:42,10:33:42,8.69,--,103,89507,买盘,2017-07-31,2017-07-31 10:33:42
10:33:45,10:33:45,8.68,-0.01,50,43400,卖盘,2017-07-31,2017-07-31 10:33:45
10:33:48,10:33:48,8.68,--,2,1736,卖盘,2017-07-31,2017-07-31 10:33:48
10:33:51,10:33:51,8.69,0.01,75,65174,买盘,2017-07-31,2017-07-31 10:33:51
10:33:54,10:33:54,8.69,--,5,4345,买盘,2017-07-31,2017-07-31 10:33:54
10:34:00,10:34:00,8.68,-0.01,50,43400,卖盘,2017-07-31,2017-07-31 10:34:00
10:34:09,10:34:09,8.68,--,55,47740,卖盘,2017-07-31,2017-07-31 10:34:09
10:34:12,10:34:12,8.69,0.01,112,97328,买盘,2017-07-31,2017-07-31 10:34:12
10:34:15,10:34:15,8.68,-0.01,3,2604,中性盘,2017-07-31,2017-07-31 10:34:15
10:34:18,10:34:18,8.69,0.01,20,17380,买盘,2017-07-31,2017-07-31 10:34:18
10:34:21,10:34:21,8.68,-0.01,15,13020,卖盘,2017-07-31,2017-07-31 10:34:21
10:34:24,10:34:24,8.7,0.02,156,135720,买盘,2017-07-31,2017-07-31 10:34:24
10:34:33,10:34:33,8.69,-0.01,25,21725,卖盘,2017-07-31,2017-07-31 10:34:33
10:34:36,10:34:36,8.7,0.01,59,51329,买盘,2017-07-31,2017-07-31 10:34:36
10:34:39,10:34:39,8.69,-0.01,40,34760,卖盘,2017-07-31,2017-07-31 10:34:39
10:34:42,10:34:42,8.69,--,1,869,卖盘,2017-07-31,2017-07-31 10:34:42
10:34:45,10:34:45,8.7,0.01,2,1739,买盘,2017-07-31,2017-07-31 10:34:45
10:34:48,10:34:48,8.7,--,20,17400,买盘,2017-07-31,2017-07-31 10:34:48
10:34:51,10:34:51,8.7,--,51,44370,买盘,2017-07-31,2017-07-31 10:34:51
10:34:54,10:34:54,8.69,-0.01,77,66913,卖盘,2017-07-31,2017-07-31 10:34:54
10:34:57,10:34:57,8.68,-0.01,11,9548,卖盘,2017-07-31,2017-07-31 10:34:57
10:35:00,10:35:00,8.7,0.02,254,220979,买盘,2017-07-31,2017-07-31 10:35:00
10:35:03,10:35:03,8.69,-0.01,2,1738,买盘,2017-07-31,2017-07-31 10:35:03
10:35:06,10:35:06,8.69,--,30,26070,买盘,2017-07-31,2017-07-31 10:35:06
10:35:12,10:35:12,8.69,--,27,23463,买盘,2017-07-31,2017-07-31 10:35:12
10:35:15,10:35:15,8.69,--,10,8690,买盘,2017-07-31,2017-07-31 10:35:15
10:35:21,10:35:21,8.69,--,18,15642,买盘,2017-07-31,2017-07-31 10:35:21
10:35:24,10:35:24,8.69,--,10,8690,买盘,2017-07-31,2017-07-31 10:35:24
10:35:27,10:35:27,8.68,-0.01,12,10416,卖盘,2017-07-31,2017-07-31 10:35:27
10:35:30,10:35:30,8.69,0.01,52,45188,买盘,2017-07-31,2017-07-31 10:35:30
10:35:39,10:35:39,8.7,0.01,18,15659,买盘,2017-07-31,2017-07-31 10:35:39
10:35:45,10:35:45,8.69,-0.01,2,1738,卖盘,2017-07-31,2017-07-31 10:35:45
10:35:48,10:35:48,8.69,--,12,10428,买盘,2017-07-31,2017-07-31 10:35:48
10:36:00,10:36:00,8.7,0.01,27,23489,买盘,2017-07-31,2017-07-31 10:36:00
10:36:03,10:36:03,8.7,--,100,87000,买盘,2017-07-31,2017-07-31 10:36:03
10:36:06,10:36:06,8.7,--,40,34800,买盘,2017-07-31,2017-07-31 10:36:06
10:36:12,10:36:12,8.7,--,3,2610,买盘,2017-07-31,2017-07-31 10:36:12
10:36:15,10:36:15,8.7,--,5,4350,买盘,2017-07-31,2017-07-31 10:36:15
10:36:18,10:36:18,8.7,--,150,130499,买盘,2017-07-31,2017-07-31 10:36:18
10:36:21,10:36:21,8.7,--,10,8700,买盘,2017-07-31,2017-07-31 10:36:21
10:36:24,10:36:24,8.69,-0.01,2,1738,卖盘,2017-07-31,2017-07-31 10:36:24
10:36:27,10:36:27,8.7,0.01,2,1739,买盘,2017-07-31,2017-07-31 10:36:27
10:36:30,10:36:30,8.7,--,5,4350,买盘,2017-07-31,2017-07-31 10:36:30
10:36:39,10:36:39,8.7,--,50,43500,买盘,2017-07-31,2017-07-31 10:36:39
10:36:45,10:36:45,8.7,--,82,71340,买盘,2017-07-31,2017-07-31 10:36:45
10:36:48,10:36:48,8.7,--,1,869,买盘,2017-07-31,2017-07-31 10:36:48
10:36:54,10:36:54,8.7,--,6,5220,买盘,2017-07-31,2017-07-31 10:36:54
10:37:03,10:37:03,8.7,--,136,118319,买盘,2017-07-31,2017-07-31 10:37:03
10:37:15,10:37:15,8.7,--,37,32189,卖盘,2017-07-31,2017-07-31 10:37:15
10:37:18,10:37:18,8.7,--,11,9570,卖盘,2017-07-31,2017-07-31 10:37:18
10:37:21,10:37:21,8.71,0.01,40,34840,买盘,2017-07-31,2017-07-31 10:37:21
10:37:24,10:37:24,8.71,--,53,46163,买盘,2017-07-31,2017-07-31 10:37:24
10:37:27,10:37:27,8.7,-0.01,49,42630,卖盘,2017-07-31,2017-07-31 10:37:27
10:37:30,10:37:30,8.7,--,5,4350,买盘,2017-07-31,2017-07-31 10:37:30
10:37:33,10:37:33,8.7,--,1,869,买盘,2017-07-31,2017-07-31 10:37:33
10:37:39,10:37:39,8.7,--,3,2610,买盘,2017-07-31,2017-07-31 10:37:39
10:37:42,10:37:42,8.71,0.01,45,39195,买盘,2017-07-31,2017-07-31 10:37:42
10:37:45,10:37:45,8.71,--,53,46163,卖盘,2017-07-31,2017-07-31 10:37:45
10:37:51,10:37:51,8.7,-0.01,9,7829,卖盘,2017-07-31,2017-07-31 10:37:51
10:37:54,10:37:54,8.7,--,5,4350,买盘,2017-07-31,2017-07-31 10:37:54
10:37:57,10:37:57,8.71,0.01,51,44421,买盘,2017-07-31,2017-07-31 10:37:57
10:38:00,10:38:00,8.7,-0.01,20,17400,卖盘,2017-07-31,2017-07-31 10:38:00
10:38:03,10:38:03,8.71,0.01,5,4355,买盘,2017-07-31,2017-07-31 10:38:03
10:38:09,10:38:09,8.71,--,1,871,买盘,2017-07-31,2017-07-31 10:38:09
10:38:12,10:38:12,8.71,--,8,6968,买盘,2017-07-31,2017-07-31 10:38:12
10:38:15,10:38:15,8.7,-0.01,10,8700,卖盘,2017-07-31,2017-07-31 10:38:15
10:38:21,10:38:21,8.71,0.01,17,14807,买盘,2017-07-31,2017-07-31 10:38:21
10:38:30,10:38:30,8.7,-0.01,54,46979,卖盘,2017-07-31,2017-07-31 10:38:30
10:38:33,10:38:33,8.7,--,47,40890,卖盘,2017-07-31,2017-07-31 10:38:33
10:38:42,10:38:42,8.71,0.01,62,54002,买盘,2017-07-31,2017-07-31 10:38:42
10:38:48,10:38:48,8.71,--,20,17420,买盘,2017-07-31,2017-07-31 10:38:48
10:38:54,10:38:54,8.71,--,16,13936,买盘,2017-07-31,2017-07-31 10:38:54
10:38:57,10:38:57,8.71,--,30,26130,买盘,2017-07-31,2017-07-31 10:38:57
10:39:03,10:39:03,8.7,-0.01,138,120059,卖盘,2017-07-31,2017-07-31 10:39:03
10:39:06,10:39:06,8.7,--,5,4350,买盘,2017-07-31,2017-07-31 10:39:06
10:39:09,10:39:09,8.7,--,10,8700,买盘,2017-07-31,2017-07-31 10:39:09
10:39:12,10:39:12,8.7,--,14,12179,买盘,2017-07-31,2017-07-31 10:39:12
10:39:15,10:39:15,8.7,--,46,40020,买盘,2017-07-31,2017-07-31 10:39:15
10:39:18,10:39:18,8.7,--,239,207929,卖盘,2017-07-31,2017-07-31 10:39:18
10:39:21,10:39:21,8.7,--,82,71340,买盘,2017-07-31,2017-07-31 10:39:21
10:39:30,10:39:30,8.71,0.01,601,523471,买盘,2017-07-31,2017-07-31 10:39:30
10:39:33,10:39:33,8.71,--,315,274365,卖盘,2017-07-31,2017-07-31 10:39:33
10:39:39,10:39:39,8.71,--,220,191620,卖盘,2017-07-31,2017-07-31 10:39:39
10:39:42,10:39:42,8.71,--,5,4355,买盘,2017-07-31,2017-07-31 10:39:42
10:39:45,10:39:45,8.7,-0.01,8,6959,卖盘,2017-07-31,2017-07-31 10:39:45
10:39:48,10:39:48,8.7,--,18,15659,买盘,2017-07-31,2017-07-31 10:39:48
10:39:51,10:39:51,8.7,--,34,29579,买盘,2017-07-31,2017-07-31 10:39:51
10:39:57,10:39:57,8.69,-0.01,412,358028,卖盘,2017-07-31,2017-07-31 10:39:57
10:40:00,10:40:00,8.68,-0.01,136,118048,卖盘,2017-07-31,2017-07-31 10:40:00
10:40:06,10:40:06,8.68,--,25,21700,卖盘,2017-07-31,2017-07-31 10:40:06
10:40:12,10:40:12,8.68,--,45,39060,卖盘,2017-07-31,2017-07-31 10:40:12
10:40:15,10:40:15,8.69,0.01,1,869,买盘,2017-07-31,2017-07-31 10:40:15
10:40:24,10:40:24,8.68,-0.01,49,42532,卖盘,2017-07-31,2017-07-31 10:40:24
10:40:27,10:40:27,8.69,0.01,146,126874,买盘,2017-07-31,2017-07-31 10:40:27
10:40:30,10:40:30,8.69,--,20,17380,卖盘,2017-07-31,2017-07-31 10:40:30
10:40:33,10:40:33,8.69,--,100,86900,买盘,2017-07-31,2017-07-31 10:40:33
10:40:36,10:40:36,8.68,-0.01,10,8680,卖盘,2017-07-31,2017-07-31 10:40:36
10:40:39,10:40:39,8.69,0.01,54,46926,买盘,2017-07-31,2017-07-31 10:40:39
10:40:48,10:40:48,8.68,-0.01,20,17360,卖盘,2017-07-31,2017-07-31 10:40:48
10:40:54,10:40:54,8.68,--,11,9548,卖盘,2017-07-31,2017-07-31 10:40:54
10:41:00,10:41:00,8.69,0.01,346,300674,买盘,2017-07-31,2017-07-31 10:41:00
10:41:03,10:41:03,8.68,-0.01,242,210056,卖盘,2017-07-31,2017-07-31 10:41:03
10:41:09,10:41:09,8.68,--,10,8680,买盘,2017-07-31,2017-07-31 10:41:09
10:41:12,10:41:12,8.68,--,29,25172,买盘,2017-07-31,2017-07-31 10:41:12
10:41:18,10:41:18,8.68,--,30,26040,买盘,2017-07-31,2017-07-31 10:41:18
10:41:21,10:41:21,8.68,--,27,23436,买盘,2017-07-31,2017-07-31 10:41:21
10:41:24,10:41:24,8.68,--,16,13888,买盘,2017-07-31,2017-07-31 10:41:24
10:41:30,10:41:30,8.67,-0.01,115,99705,卖盘,2017-07-31,2017-07-31 10:41:30
10:41:33,10:41:33,8.67,--,1,867,买盘,2017-07-31,2017-07-31 10:41:33
10:41:36,10:41:36,8.67,--,3,2601,买盘,2017-07-31,2017-07-31 10:41:36
10:41:42,10:41:42,8.66,-0.01,515,445990,卖盘,2017-07-31,2017-07-31 10:41:42
10:41:45,10:41:45,8.66,--,138,119508,卖盘,2017-07-31,2017-07-31 10:41:45
10:41:51,10:41:51,8.66,--,2,1732,买盘,2017-07-31,2017-07-31 10:41:51
10:41:54,10:41:54,8.65,-0.01,498,430770,卖盘,2017-07-31,2017-07-31 10:41:54
10:41:57,10:41:57,8.65,--,13,11245,买盘,2017-07-31,2017-07-31 10:41:57
10:42:03,10:42:03,8.65,--,68,58820,买盘,2017-07-31,2017-07-31 10:42:03
10:42:06,10:42:06,8.65,--,17,14705,买盘,2017-07-31,2017-07-31 10:42:06
10:42:12,10:42:12,8.65,--,10,8650,买盘,2017-07-31,2017-07-31 10:42:12
10:42:15,10:42:15,8.65,--,705,609825,买盘,2017-07-31,2017-07-31 10:42:15
10:42:18,10:42:18,8.65,--,32,27680,买盘,2017-07-31,2017-07-31 10:42:18
10:42:21,10:42:21,8.64,-0.01,797,688608,卖盘,2017-07-31,2017-07-31 10:42:21
10:42:24,10:42:24,8.64,--,241,208224,买盘,2017-07-31,2017-07-31 10:42:24
10:42:27,10:42:27,8.64,--,140,120960,卖盘,2017-07-31,2017-07-31 10:42:27
10:42:30,10:42:30,8.64,--,26,22464,买盘,2017-07-31,2017-07-31 10:42:30
10:42:33,10:42:33,8.64,--,17,14688,买盘,2017-07-31,2017-07-31 10:42:33
10:42:36,10:42:36,8.64,--,8,6912,买盘,2017-07-31,2017-07-31 10:42:36
10:42:39,10:42:39,8.63,-0.01,44,37972,卖盘,2017-07-31,2017-07-31 10:42:39
10:42:42,10:42:42,8.63,--,20,17260,卖盘,2017-07-31,2017-07-31 10:42:42
10:42:45,10:42:45,8.65,0.02,11,9515,买盘,2017-07-31,2017-07-31 10:42:45
10:42:48,10:42:48,8.65,--,30,25950,买盘,2017-07-31,2017-07-31 10:42:48
10:42:51,10:42:51,8.63,-0.02,2,1726,卖盘,2017-07-31,2017-07-31 10:42:51
10:42:54,10:42:54,8.64,0.01,54,46656,买盘,2017-07-31,2017-07-31 10:42:54
10:42:57,10:42:57,8.63,-0.01,107,92341,卖盘,2017-07-31,2017-07-31 10:42:57
10:43:00,10:43:00,8.64,0.01,5,4320,中性盘,2017-07-31,2017-07-31 10:43:00
10:43:03,10:43:03,8.64,--,10,8640,卖盘,2017-07-31,2017-07-31 10:43:03
10:43:06,10:43:06,8.64,--,43,37152,卖盘,2017-07-31,2017-07-31 10:43:06
10:43:09,10:43:09,8.63,-0.01,1000,863000,卖盘,2017-07-31,2017-07-31 10:43:09
10:43:12,10:43:12,8.64,0.01,9,7776,买盘,2017-07-31,2017-07-31 10:43:12
10:43:15,10:43:15,8.64,--,7,6048,买盘,2017-07-31,2017-07-31 10:43:15
10:43:18,10:43:18,8.63,-0.01,220,189860,卖盘,2017-07-31,2017-07-31 10:43:18
10:43:21,10:43:21,8.63,--,44,37972,买盘,2017-07-31,2017-07-31 10:43:21
10:43:24,10:43:24,8.63,--,185,159655,买盘,2017-07-31,2017-07-31 10:43:24
10:43:27,10:43:27,8.63,--,50,43150,买盘,2017-07-31,2017-07-31 10:43:27
10:43:30,10:43:30,8.63,--,5,4315,买盘,2017-07-31,2017-07-31 10:43:30
10:43:33,10:43:33,8.63,--,57,49191,买盘,2017-07-31,2017-07-31 10:43:33
10:43:36,10:43:36,8.63,--,37,31931,卖盘,2017-07-31,2017-07-31 10:43:36
10:43:39,10:43:39,8.63,--,50,43150,卖盘,2017-07-31,2017-07-31 10:43:39
10:43:42,10:43:42,8.63,--,20,17260,卖盘,2017-07-31,2017-07-31 10:43:42
10:43:48,10:43:48,8.63,--,120,103560,卖盘,2017-07-31,2017-07-31 10:43:48
10:43:51,10:43:51,8.64,0.01,2,1728,买盘,2017-07-31,2017-07-31 10:43:51
10:43:54,10:43:54,8.64,--,36,31104,买盘,2017-07-31,2017-07-31 10:43:54
10:43:57,10:43:57,8.64,--,22,19008,卖盘,2017-07-31,2017-07-31 10:43:57
10:44:03,10:44:03,8.64,--,5,4320,卖盘,2017-07-31,2017-07-31 10:44:03
10:44:09,10:44:09,8.65,0.01,14,12110,买盘,2017-07-31,2017-07-31 10:44:09
10:44:12,10:44:12,8.65,--,214,185110,买盘,2017-07-31,2017-07-31 10:44:12
10:44:15,10:44:15,8.65,--,14,12110,卖盘,2017-07-31,2017-07-31 10:44:15
10:44:24,10:44:24,8.66,0.01,6,5196,买盘,2017-07-31,2017-07-31 10:44:24
10:44:27,10:44:27,8.66,--,15,12990,买盘,2017-07-31,2017-07-31 10:44:27
10:44:30,10:44:30,8.66,--,13,11258,买盘,2017-07-31,2017-07-31 10:44:30
10:44:33,10:44:33,8.66,--,29,25114,买盘,2017-07-31,2017-07-31 10:44:33
10:44:36,10:44:36,8.65,-0.01,11,9515,卖盘,2017-07-31,2017-07-31 10:44:36
10:44:39,10:44:39,8.66,0.01,35,30310,买盘,2017-07-31,2017-07-31 10:44:39
10:44:45,10:44:45,8.66,--,50,43300,卖盘,2017-07-31,2017-07-31 10:44:45
10:44:51,10:44:51,8.67,0.01,341,295647,买盘,2017-07-31,2017-07-31 10:44:51
10:44:54,10:44:54,8.66,-0.01,53,45898,卖盘,2017-07-31,2017-07-31 10:44:54
10:45:00,10:45:00,8.66,--,68,58888,买盘,2017-07-31,2017-07-31 10:45:00
10:45:06,10:45:06,8.66,--,15,12990,买盘,2017-07-31,2017-07-31 10:45:06
10:45:09,10:45:09,8.66,--,96,83136,买盘,2017-07-31,2017-07-31 10:45:09
10:45:15,10:45:15,8.66,--,21,18186,买盘,2017-07-31,2017-07-31 10:45:15
10:45:18,10:45:18,8.65,-0.01,66,57090,卖盘,2017-07-31,2017-07-31 10:45:18
10:45:21,10:45:21,8.66,0.01,396,342936,买盘,2017-07-31,2017-07-31 10:45:21
10:45:27,10:45:27,8.65,-0.01,249,215385,卖盘,2017-07-31,2017-07-31 10:45:27
10:45:30,10:45:30,8.65,--,8,6920,买盘,2017-07-31,2017-07-31 10:45:30
10:45:33,10:45:33,8.65,--,23,19895,买盘,2017-07-31,2017-07-31 10:45:33
10:45:36,10:45:36,8.65,--,2,1730,买盘,2017-07-31,2017-07-31 10:45:36
10:45:39,10:45:39,8.65,--,113,97745,买盘,2017-07-31,2017-07-31 10:45:39
10:45:42,10:45:42,8.64,-0.01,67,57888,卖盘,2017-07-31,2017-07-31 10:45:42
10:45:45,10:45:45,8.63,-0.01,76,65588,卖盘,2017-07-31,2017-07-31 10:45:45
10:45:48,10:45:48,8.65,0.02,21,18165,买盘,2017-07-31,2017-07-31 10:45:48
10:45:51,10:45:51,8.64,-0.01,49,42336,卖盘,2017-07-31,2017-07-31 10:45:51
10:45:57,10:45:57,8.64,--,9,7776,买盘,2017-07-31,2017-07-31 10:45:57
10:46:00,10:46:00,8.63,-0.01,161,138943,卖盘,2017-07-31,2017-07-31 10:46:00
10:46:03,10:46:03,8.65,0.02,10,8650,买盘,2017-07-31,2017-07-31 10:46:03
10:46:09,10:46:09,8.64,-0.01,16,13824,卖盘,2017-07-31,2017-07-31 10:46:09
10:46:15,10:46:15,8.63,-0.01,20,17260,卖盘,2017-07-31,2017-07-31 10:46:15
10:46:18,10:46:18,8.63,--,300,258900,卖盘,2017-07-31,2017-07-31 10:46:18
10:46:21,10:46:21,8.64,0.01,13,11232,买盘,2017-07-31,2017-07-31 10:46:21
10:46:24,10:46:24,8.64,--,10,8640,买盘,2017-07-31,2017-07-31 10:46:24
10:46:30,10:46:30,8.64,--,42,36288,买盘,2017-07-31,2017-07-31 10:46:30
10:46:36,10:46:36,8.65,0.01,635,549275,买盘,2017-07-31,2017-07-31 10:46:36
10:46:39,10:46:39,8.65,--,57,49305,卖盘,2017-07-31,2017-07-31 10:46:39
10:46:45,10:46:45,8.65,--,13,11245,卖盘,2017-07-31,2017-07-31 10:46:45
10:46:48,10:46:48,8.66,0.01,1,866,买盘,2017-07-31,2017-07-31 10:46:48
10:46:51,10:46:51,8.64,-0.02,10,8640,卖盘,2017-07-31,2017-07-31 10:46:51
10:46:57,10:46:57,8.65,0.01,3,2595,买盘,2017-07-31,2017-07-31 10:46:57
10:47:00,10:47:00,8.65,--,4,3460,买盘,2017-07-31,2017-07-31 10:47:00
10:47:03,10:47:03,8.65,--,5,4325,买盘,2017-07-31,2017-07-31 10:47:03
10:47:06,10:47:06,8.65,--,9,7785,买盘,2017-07-31,2017-07-31 10:47:06
10:47:09,10:47:09,8.65,--,13,11245,卖盘,2017-07-31,2017-07-31 10:47:09
10:47:12,10:47:12,8.65,--,7,6055,卖盘,2017-07-31,2017-07-31 10:47:12
10:47:18,10:47:18,8.66,0.01,10,8660,买盘,2017-07-31,2017-07-31 10:47:18
10:47:21,10:47:21,8.65,-0.01,39,33735,卖盘,2017-07-31,2017-07-31 10:47:21
10:47:24,10:47:24,8.65,--,75,64875,卖盘,2017-07-31,2017-07-31 10:47:24
10:47:33,10:47:33,8.65,--,10,8650,买盘,2017-07-31,2017-07-31 10:47:33
10:47:36,10:47:36,8.65,--,36,31140,买盘,2017-07-31,2017-07-31 10:47:36
10:47:39,10:47:39,8.66,0.01,20,17320,买盘,2017-07-31,2017-07-31 10:47:39
10:47:45,10:47:45,8.64,-0.02,52,44928,卖盘,2017-07-31,2017-07-31 10:47:45
10:47:54,10:47:54,8.65,0.01,1,865,中性盘,2017-07-31,2017-07-31 10:47:54
10:47:57,10:47:57,8.65,--,20,17300,卖盘,2017-07-31,2017-07-31 10:47:57
10:48:00,10:48:00,8.66,0.01,6,5196,买盘,2017-07-31,2017-07-31 10:48:00
10:48:09,10:48:09,8.66,--,1,866,买盘,2017-07-31,2017-07-31 10:48:09
10:48:12,10:48:12,8.66,--,2,1732,买盘,2017-07-31,2017-07-31 10:48:12
10:48:15,10:48:15,8.66,--,12,10392,买盘,2017-07-31,2017-07-31 10:48:15
10:48:18,10:48:18,8.65,-0.01,16,13840,卖盘,2017-07-31,2017-07-31 10:48:18
10:48:21,10:48:21,8.65,--,10,8650,卖盘,2017-07-31,2017-07-31 10:48:21
10:48:27,10:48:27,8.66,0.01,1,866,买盘,2017-07-31,2017-07-31 10:48:27
10:48:30,10:48:30,8.65,-0.01,32,27680,卖盘,2017-07-31,2017-07-31 10:48:30
10:48:33,10:48:33,8.65,--,10,8650,卖盘,2017-07-31,2017-07-31 10:48:33
10:48:39,10:48:39,8.65,--,19,16435,卖盘,2017-07-31,2017-07-31 10:48:39
10:48:42,10:48:42,8.66,0.01,73,63218,买盘,2017-07-31,2017-07-31 10:48:42
