idx_time,time,price,change,volume,amount,type,date,date_time
09:25:03,09:25:03,37.1,37.1,1696,6292160,买盘,2017-06-26,2017-06-26 09:25:03
09:30:03,09:30:03,37.4,0.3,1154,4315960,买盘,2017-06-26,2017-06-26 09:30:03
09:30:06,09:30:06,37.3,-0.1,1234,4602820,卖盘,2017-06-26,2017-06-26 09:30:06
09:30:09,09:30:09,37.3,--,181,675130,卖盘,2017-06-26,2017-06-26 09:30:09
09:30:12,09:30:12,37.3,--,445,1659849,卖盘,2017-06-26,2017-06-26 09:30:12
09:30:15,09:30:15,37.65,0.35,238,896070,买盘,2017-06-26,2017-06-26 09:30:15
09:30:18,09:30:18,37.41,-0.24,89,332948,卖盘,2017-06-26,2017-06-26 09:30:18
09:30:21,09:30:21,37.41,--,32,119711,卖盘,2017-06-26,2017-06-26 09:30:21
09:30:24,09:30:24,37.65,0.24,139,523335,买盘,2017-06-26,2017-06-26 09:30:24
09:30:27,09:30:27,37.43,-0.22,29,108547,中性盘,2017-06-26,2017-06-26 09:30:27
09:30:30,09:30:30,37.41,-0.02,44,164603,买盘,2017-06-26,2017-06-26 09:30:30
09:30:33,09:30:33,37.65,0.24,41,154365,买盘,2017-06-26,2017-06-26 09:30:33
09:30:36,09:30:36,37.5,-0.15,12,45000,中性盘,2017-06-26,2017-06-26 09:30:36
09:30:39,09:30:39,38.0,0.5,391,1485800,买盘,2017-06-26,2017-06-26 09:30:39
09:30:42,09:30:42,37.89,-0.11,54,204606,卖盘,2017-06-26,2017-06-26 09:30:42
09:30:45,09:30:45,37.66,-0.23,116,436855,中性盘,2017-06-26,2017-06-26 09:30:45
09:30:48,09:30:48,37.88,0.22,12,45456,中性盘,2017-06-26,2017-06-26 09:30:48
09:30:51,09:30:51,37.96,0.08,27,102492,买盘,2017-06-26,2017-06-26 09:30:51
09:30:54,09:30:54,37.85,-0.11,4,15140,中性盘,2017-06-26,2017-06-26 09:30:54
09:30:57,09:30:57,37.45,-0.4,101,378245,卖盘,2017-06-26,2017-06-26 09:30:57
09:31:00,09:31:00,37.84,0.39,39,147576,买盘,2017-06-26,2017-06-26 09:31:00
09:31:03,09:31:03,37.8,-0.04,21,79380,卖盘,2017-06-26,2017-06-26 09:31:03
09:31:06,09:31:06,37.8,--,19,71820,卖盘,2017-06-26,2017-06-26 09:31:06
09:31:09,09:31:09,37.8,--,66,249479,卖盘,2017-06-26,2017-06-26 09:31:09
09:31:12,09:31:12,37.85,0.05,174,658590,买盘,2017-06-26,2017-06-26 09:31:12
09:31:15,09:31:15,37.78,-0.07,47,177566,买盘,2017-06-26,2017-06-26 09:31:15
09:31:18,09:31:18,37.68,-0.1,9,33912,中性盘,2017-06-26,2017-06-26 09:31:18
09:31:21,09:31:21,37.8,0.12,116,438479,买盘,2017-06-26,2017-06-26 09:31:21
09:31:24,09:31:24,37.73,-0.07,7,26410,买盘,2017-06-26,2017-06-26 09:31:24
09:31:27,09:31:27,37.73,--,26,98097,买盘,2017-06-26,2017-06-26 09:31:27
09:31:30,09:31:30,37.71,-0.02,471,1776141,中性盘,2017-06-26,2017-06-26 09:31:30
09:31:33,09:31:33,37.5,-0.21,14,52500,卖盘,2017-06-26,2017-06-26 09:31:33
09:31:36,09:31:36,37.49,-0.01,38,142462,卖盘,2017-06-26,2017-06-26 09:31:36
09:31:39,09:31:39,37.73,0.24,1575,5942474,买盘,2017-06-26,2017-06-26 09:31:39
09:31:42,09:31:42,37.5,-0.23,97,363750,卖盘,2017-06-26,2017-06-26 09:31:42
09:31:45,09:31:45,37.45,-0.05,24,89880,卖盘,2017-06-26,2017-06-26 09:31:45
09:31:48,09:31:48,37.45,--,10,37450,买盘,2017-06-26,2017-06-26 09:31:48
09:31:51,09:31:51,37.5,0.05,164,616762,买盘,2017-06-26,2017-06-26 09:31:51
09:31:54,09:31:54,37.45,-0.05,337,1264049,卖盘,2017-06-26,2017-06-26 09:31:54
09:31:57,09:31:57,37.45,--,13,48685,买盘,2017-06-26,2017-06-26 09:31:57
09:32:00,09:32:00,37.5,0.05,113,425512,买盘,2017-06-26,2017-06-26 09:32:00
09:32:03,09:32:03,37.53,0.03,19,71307,买盘,2017-06-26,2017-06-26 09:32:03
09:32:06,09:32:06,37.57,0.04,16,60112,买盘,2017-06-26,2017-06-26 09:32:06
09:32:09,09:32:09,37.53,-0.04,21,78813,卖盘,2017-06-26,2017-06-26 09:32:09
09:32:12,09:32:12,37.53,--,101,379053,卖盘,2017-06-26,2017-06-26 09:32:12
09:32:15,09:32:15,37.53,--,21,78813,卖盘,2017-06-26,2017-06-26 09:32:15
09:32:18,09:32:18,37.53,--,35,131355,卖盘,2017-06-26,2017-06-26 09:32:18
09:32:21,09:32:21,37.62,0.09,99,372438,买盘,2017-06-26,2017-06-26 09:32:21
09:32:24,09:32:24,37.63,0.01,3,11289,买盘,2017-06-26,2017-06-26 09:32:24
09:32:27,09:32:27,37.53,-0.1,50,187650,卖盘,2017-06-26,2017-06-26 09:32:27
09:32:30,09:32:30,37.62,0.09,47,176814,买盘,2017-06-26,2017-06-26 09:32:30
09:32:33,09:32:33,37.62,--,18,67716,买盘,2017-06-26,2017-06-26 09:32:33
09:32:36,09:32:36,37.62,--,51,191862,买盘,2017-06-26,2017-06-26 09:32:36
09:32:39,09:32:39,37.62,--,91,342342,买盘,2017-06-26,2017-06-26 09:32:39
09:32:42,09:32:42,37.5,-0.12,65,245737,卖盘,2017-06-26,2017-06-26 09:32:42
09:32:45,09:32:45,37.5,--,66,247500,买盘,2017-06-26,2017-06-26 09:32:45
09:32:48,09:32:48,37.6,0.1,45,169200,买盘,2017-06-26,2017-06-26 09:32:48
09:32:51,09:32:51,37.6,--,16,60160,买盘,2017-06-26,2017-06-26 09:32:51
09:32:54,09:32:54,37.46,-0.14,28,104888,卖盘,2017-06-26,2017-06-26 09:32:54
09:32:57,09:32:57,37.56,0.1,34,127704,买盘,2017-06-26,2017-06-26 09:32:57
09:33:00,09:33:00,37.6,0.04,56,210560,买盘,2017-06-26,2017-06-26 09:33:00
09:33:03,09:33:03,37.5,-0.1,17,63750,卖盘,2017-06-26,2017-06-26 09:33:03
09:33:06,09:33:06,37.55,0.05,22,82610,买盘,2017-06-26,2017-06-26 09:33:06
09:33:09,09:33:09,37.5,-0.05,129,483750,卖盘,2017-06-26,2017-06-26 09:33:09
09:33:12,09:33:12,37.48,-0.02,34,127431,卖盘,2017-06-26,2017-06-26 09:33:12
09:33:15,09:33:15,37.5,0.02,76,285000,买盘,2017-06-26,2017-06-26 09:33:15
09:33:18,09:33:18,37.53,0.03,297,1114641,买盘,2017-06-26,2017-06-26 09:33:18
09:33:21,09:33:21,37.53,--,207,776871,卖盘,2017-06-26,2017-06-26 09:33:21
09:33:24,09:33:24,37.53,--,82,307746,卖盘,2017-06-26,2017-06-26 09:33:24
09:33:27,09:33:27,37.55,0.02,123,461864,买盘,2017-06-26,2017-06-26 09:33:27
09:33:30,09:33:30,37.53,-0.02,231,866943,卖盘,2017-06-26,2017-06-26 09:33:30
09:33:33,09:33:33,37.55,0.02,35,131425,买盘,2017-06-26,2017-06-26 09:33:33
09:33:36,09:33:36,37.53,-0.02,82,307746,卖盘,2017-06-26,2017-06-26 09:33:36
09:33:39,09:33:39,37.53,--,8,30024,买盘,2017-06-26,2017-06-26 09:33:39
09:33:42,09:33:42,37.53,--,13,48789,买盘,2017-06-26,2017-06-26 09:33:42
09:33:45,09:33:45,37.5,-0.03,66,247500,卖盘,2017-06-26,2017-06-26 09:33:45
09:33:51,09:33:51,37.46,-0.04,127,475742,卖盘,2017-06-26,2017-06-26 09:33:51
09:33:54,09:33:54,37.44,-0.02,65,243359,卖盘,2017-06-26,2017-06-26 09:33:54
09:33:57,09:33:57,37.4,-0.04,110,411400,卖盘,2017-06-26,2017-06-26 09:33:57
09:34:00,09:34:00,37.4,--,34,127160,卖盘,2017-06-26,2017-06-26 09:34:00
09:34:03,09:34:03,37.38,-0.02,104,388752,卖盘,2017-06-26,2017-06-26 09:34:03
09:34:09,09:34:09,37.4,0.02,211,789140,买盘,2017-06-26,2017-06-26 09:34:09
09:34:15,09:34:15,37.33,-0.07,11,41063,中性盘,2017-06-26,2017-06-26 09:34:15
09:34:18,09:34:18,37.38,0.05,140,523320,买盘,2017-06-26,2017-06-26 09:34:18
09:34:21,09:34:21,37.31,-0.07,11,41041,卖盘,2017-06-26,2017-06-26 09:34:21
09:34:24,09:34:24,37.38,0.07,143,536290,买盘,2017-06-26,2017-06-26 09:34:24
09:34:27,09:34:27,37.38,--,37,140287,卖盘,2017-06-26,2017-06-26 09:34:27
09:34:30,09:34:30,37.3,-0.08,9,33570,卖盘,2017-06-26,2017-06-26 09:34:30
09:34:33,09:34:33,37.2,-0.1,219,814680,卖盘,2017-06-26,2017-06-26 09:34:33
09:34:36,09:34:36,37.37,0.17,47,175639,买盘,2017-06-26,2017-06-26 09:34:36
09:34:39,09:34:39,37.19,-0.18,70,260329,卖盘,2017-06-26,2017-06-26 09:34:39
09:34:45,09:34:45,37.19,--,15,55785,卖盘,2017-06-26,2017-06-26 09:34:45
09:34:51,09:34:51,37.33,0.14,208,776464,买盘,2017-06-26,2017-06-26 09:34:51
09:34:54,09:34:54,37.19,-0.14,93,345867,卖盘,2017-06-26,2017-06-26 09:34:54
09:35:00,09:35:00,37.19,--,17,63222,买盘,2017-06-26,2017-06-26 09:35:00
09:35:03,09:35:03,37.19,--,11,40909,买盘,2017-06-26,2017-06-26 09:35:03
09:35:06,09:35:06,37.19,--,200,743800,买盘,2017-06-26,2017-06-26 09:35:06
09:35:09,09:35:09,37.19,--,99,368181,买盘,2017-06-26,2017-06-26 09:35:09
09:35:12,09:35:12,37.01,-0.18,28,103628,卖盘,2017-06-26,2017-06-26 09:35:12
09:35:15,09:35:15,37.1,0.09,42,155820,买盘,2017-06-26,2017-06-26 09:35:15
09:35:18,09:35:18,37.1,--,11,40810,买盘,2017-06-26,2017-06-26 09:35:18
09:35:24,09:35:24,37.01,-0.09,5,18505,卖盘,2017-06-26,2017-06-26 09:35:24
09:35:27,09:35:27,37.1,0.09,23,85330,中性盘,2017-06-26,2017-06-26 09:35:27
09:35:30,09:35:30,37.0,-0.1,58,214600,卖盘,2017-06-26,2017-06-26 09:35:30
09:35:33,09:35:33,37.1,0.1,50,185500,卖盘,2017-06-26,2017-06-26 09:35:33
09:35:36,09:35:36,37.1,--,25,92750,卖盘,2017-06-26,2017-06-26 09:35:36
09:35:39,09:35:39,37.12,0.02,3,11136,买盘,2017-06-26,2017-06-26 09:35:39
09:35:42,09:35:42,37.1,-0.02,6,22260,卖盘,2017-06-26,2017-06-26 09:35:42
09:35:48,09:35:48,37.13,0.03,10,37130,卖盘,2017-06-26,2017-06-26 09:35:48
09:35:51,09:35:51,37.1,-0.03,122,452620,卖盘,2017-06-26,2017-06-26 09:35:51
09:35:54,09:35:54,37.0,-0.1,3,11100,卖盘,2017-06-26,2017-06-26 09:35:54
09:35:57,09:35:57,37.1,0.1,2,7420,买盘,2017-06-26,2017-06-26 09:35:57
09:36:00,09:36:00,37.1,--,118,437780,买盘,2017-06-26,2017-06-26 09:36:00
09:36:06,09:36:06,37.0,-0.1,78,288600,卖盘,2017-06-26,2017-06-26 09:36:06
09:36:09,09:36:09,37.0,--,26,96200,买盘,2017-06-26,2017-06-26 09:36:09
09:36:12,09:36:12,37.1,0.1,50,185500,买盘,2017-06-26,2017-06-26 09:36:12
09:36:18,09:36:18,37.0,-0.1,7,25900,中性盘,2017-06-26,2017-06-26 09:36:18
09:36:21,09:36:21,37.18,0.18,45,169057,买盘,2017-06-26,2017-06-26 09:36:21
09:36:24,09:36:24,37.18,--,11,40898,卖盘,2017-06-26,2017-06-26 09:36:24
09:36:27,09:36:27,37.21,0.03,30,111630,买盘,2017-06-26,2017-06-26 09:36:27
09:36:30,09:36:30,37.03,-0.18,30,111090,卖盘,2017-06-26,2017-06-26 09:36:30
09:36:36,09:36:36,37.14,0.11,14,51996,买盘,2017-06-26,2017-06-26 09:36:36
09:36:39,09:36:39,37.3,0.16,178,663940,买盘,2017-06-26,2017-06-26 09:36:39
09:36:42,09:36:42,37.14,-0.16,28,103992,卖盘,2017-06-26,2017-06-26 09:36:42
09:36:45,09:36:45,37.14,--,75,278550,卖盘,2017-06-26,2017-06-26 09:36:45
09:36:48,09:36:48,37.12,-0.02,77,285824,卖盘,2017-06-26,2017-06-26 09:36:48
09:36:51,09:36:51,37.14,0.02,11,40854,买盘,2017-06-26,2017-06-26 09:36:51
09:36:54,09:36:54,37.25,0.11,37,137825,买盘,2017-06-26,2017-06-26 09:36:54
09:36:57,09:36:57,37.1,-0.15,9,33390,卖盘,2017-06-26,2017-06-26 09:36:57
09:37:06,09:37:06,37.2,0.1,31,115320,卖盘,2017-06-26,2017-06-26 09:37:06
09:37:09,09:37:09,37.25,0.05,37,137825,买盘,2017-06-26,2017-06-26 09:37:09
09:37:15,09:37:15,37.38,0.13,98,366324,买盘,2017-06-26,2017-06-26 09:37:15
09:37:21,09:37:21,37.25,-0.13,28,104300,卖盘,2017-06-26,2017-06-26 09:37:21
09:37:24,09:37:24,37.27,0.02,61,227347,中性盘,2017-06-26,2017-06-26 09:37:24
09:37:27,09:37:27,37.38,0.11,25,93450,买盘,2017-06-26,2017-06-26 09:37:27
09:37:33,09:37:33,37.38,--,50,186900,卖盘,2017-06-26,2017-06-26 09:37:33
09:37:36,09:37:36,37.38,--,77,287826,卖盘,2017-06-26,2017-06-26 09:37:36
09:37:39,09:37:39,37.38,--,13,48594,买盘,2017-06-26,2017-06-26 09:37:39
09:37:42,09:37:42,37.32,-0.06,15,55980,卖盘,2017-06-26,2017-06-26 09:37:42
09:37:45,09:37:45,37.38,0.06,161,601818,买盘,2017-06-26,2017-06-26 09:37:45
09:37:48,09:37:48,37.34,-0.04,8,29872,中性盘,2017-06-26,2017-06-26 09:37:48
09:37:51,09:37:51,37.38,0.04,94,351372,买盘,2017-06-26,2017-06-26 09:37:51
09:37:54,09:37:54,37.38,--,92,343896,卖盘,2017-06-26,2017-06-26 09:37:54
09:38:00,09:38:00,37.32,-0.06,386,1440552,卖盘,2017-06-26,2017-06-26 09:38:00
09:38:03,09:38:03,37.53,0.21,6,22518,买盘,2017-06-26,2017-06-26 09:38:03
09:38:06,09:38:06,37.39,-0.14,108,403812,卖盘,2017-06-26,2017-06-26 09:38:06
09:38:09,09:38:09,37.51,0.12,102,382602,中性盘,2017-06-26,2017-06-26 09:38:09
09:38:12,09:38:12,37.33,-0.18,18,67194,卖盘,2017-06-26,2017-06-26 09:38:12
09:38:15,09:38:15,37.39,0.06,22,82258,买盘,2017-06-26,2017-06-26 09:38:15
09:38:18,09:38:18,37.53,0.14,330,1238490,买盘,2017-06-26,2017-06-26 09:38:18
09:38:21,09:38:21,37.39,-0.14,4,14956,买盘,2017-06-26,2017-06-26 09:38:21
09:38:24,09:38:24,37.39,--,19,71041,买盘,2017-06-26,2017-06-26 09:38:24
09:38:27,09:38:27,37.33,-0.06,16,59728,卖盘,2017-06-26,2017-06-26 09:38:27
09:38:30,09:38:30,37.33,--,5,18665,买盘,2017-06-26,2017-06-26 09:38:30
09:38:33,09:38:33,37.33,--,70,261310,买盘,2017-06-26,2017-06-26 09:38:33
09:38:36,09:38:36,37.32,-0.01,27,100764,卖盘,2017-06-26,2017-06-26 09:38:36
09:38:39,09:38:39,37.32,--,7,26124,买盘,2017-06-26,2017-06-26 09:38:39
09:38:42,09:38:42,37.31,-0.01,82,305942,卖盘,2017-06-26,2017-06-26 09:38:42
09:38:45,09:38:45,37.31,--,54,201474,卖盘,2017-06-26,2017-06-26 09:38:45
09:38:48,09:38:48,37.31,--,80,298480,买盘,2017-06-26,2017-06-26 09:38:48
09:38:51,09:38:51,37.31,--,40,149240,买盘,2017-06-26,2017-06-26 09:38:51
09:38:54,09:38:54,37.3,-0.01,23,85790,卖盘,2017-06-26,2017-06-26 09:38:54
09:38:57,09:38:57,37.3,--,83,309590,买盘,2017-06-26,2017-06-26 09:38:57
09:39:00,09:39:00,37.3,--,69,257369,买盘,2017-06-26,2017-06-26 09:39:00
09:39:03,09:39:03,37.22,-0.08,111,413142,卖盘,2017-06-26,2017-06-26 09:39:03
09:39:09,09:39:09,37.22,--,60,223320,买盘,2017-06-26,2017-06-26 09:39:09
09:39:12,09:39:12,37.2,-0.02,120,446400,卖盘,2017-06-26,2017-06-26 09:39:12
09:39:15,09:39:15,37.2,--,42,156240,卖盘,2017-06-26,2017-06-26 09:39:15
09:39:18,09:39:18,37.2,--,26,96720,买盘,2017-06-26,2017-06-26 09:39:18
09:39:21,09:39:21,37.3,0.1,60,223799,买盘,2017-06-26,2017-06-26 09:39:21
09:39:27,09:39:27,37.18,-0.12,50,185900,卖盘,2017-06-26,2017-06-26 09:39:27
09:39:39,09:39:39,37.28,0.1,100,372800,买盘,2017-06-26,2017-06-26 09:39:39
09:39:42,09:39:42,37.2,-0.08,50,186000,卖盘,2017-06-26,2017-06-26 09:39:42
09:39:45,09:39:45,37.2,--,29,107880,卖盘,2017-06-26,2017-06-26 09:39:45
09:39:48,09:39:48,37.2,--,4,14880,买盘,2017-06-26,2017-06-26 09:39:48
09:39:51,09:39:51,37.19,-0.01,0,2454,卖盘,2017-06-26,2017-06-26 09:39:51
09:39:54,09:39:54,37.2,0.01,14,52080,买盘,2017-06-26,2017-06-26 09:39:54
09:40:00,09:40:00,37.25,0.05,79,294275,买盘,2017-06-26,2017-06-26 09:40:00
09:40:03,09:40:03,37.2,-0.05,4,14880,中性盘,2017-06-26,2017-06-26 09:40:03
09:40:06,09:40:06,37.2,--,4,14880,卖盘,2017-06-26,2017-06-26 09:40:06
09:40:09,09:40:09,37.2,--,16,59520,卖盘,2017-06-26,2017-06-26 09:40:09
09:40:15,09:40:15,37.2,--,50,186000,买盘,2017-06-26,2017-06-26 09:40:15
09:40:24,09:40:24,37.19,-0.01,12,44628,卖盘,2017-06-26,2017-06-26 09:40:24
09:40:30,09:40:30,37.19,--,18,68206,卖盘,2017-06-26,2017-06-26 09:40:30
09:40:33,09:40:33,37.19,--,1,3719,买盘,2017-06-26,2017-06-26 09:40:33
09:40:36,09:40:36,37.16,-0.03,36,133776,卖盘,2017-06-26,2017-06-26 09:40:36
09:40:54,09:40:54,37.15,-0.01,53,196895,卖盘,2017-06-26,2017-06-26 09:40:54
09:40:57,09:40:57,37.16,0.01,72,270004,买盘,2017-06-26,2017-06-26 09:40:57
09:41:00,09:41:00,37.15,-0.01,10,37150,卖盘,2017-06-26,2017-06-26 09:41:00
09:41:06,09:41:06,37.18,0.03,2,7436,买盘,2017-06-26,2017-06-26 09:41:06
09:41:09,09:41:09,37.17,-0.01,4,14868,卖盘,2017-06-26,2017-06-26 09:41:09
09:41:12,09:41:12,37.17,--,7,26019,卖盘,2017-06-26,2017-06-26 09:41:12
09:41:15,09:41:15,37.18,0.01,40,148720,买盘,2017-06-26,2017-06-26 09:41:15
09:41:18,09:41:18,37.15,-0.03,54,200610,卖盘,2017-06-26,2017-06-26 09:41:18
09:41:21,09:41:21,37.17,0.02,12,44604,中性盘,2017-06-26,2017-06-26 09:41:21
09:41:24,09:41:24,37.17,--,7,26019,买盘,2017-06-26,2017-06-26 09:41:24
09:41:27,09:41:27,37.17,--,1,3717,卖盘,2017-06-26,2017-06-26 09:41:27
09:41:30,09:41:30,37.18,0.01,103,382954,买盘,2017-06-26,2017-06-26 09:41:30
09:41:39,09:41:39,37.18,--,10,37180,卖盘,2017-06-26,2017-06-26 09:41:39
09:41:45,09:41:45,37.17,-0.01,44,163548,卖盘,2017-06-26,2017-06-26 09:41:45
09:41:48,09:41:48,37.17,--,18,66906,买盘,2017-06-26,2017-06-26 09:41:48
09:41:51,09:41:51,37.17,--,2,7434,买盘,2017-06-26,2017-06-26 09:41:51
09:41:54,09:41:54,37.17,--,3,11151,买盘,2017-06-26,2017-06-26 09:41:54
09:41:57,09:41:57,37.15,-0.02,67,248905,卖盘,2017-06-26,2017-06-26 09:41:57
09:42:00,09:42:00,37.17,0.02,3,11151,买盘,2017-06-26,2017-06-26 09:42:00
09:42:03,09:42:03,37.15,-0.02,34,127573,卖盘,2017-06-26,2017-06-26 09:42:03
09:42:12,09:42:12,37.17,0.02,210,780570,买盘,2017-06-26,2017-06-26 09:42:12
09:42:18,09:42:18,37.1,-0.07,100,371000,卖盘,2017-06-26,2017-06-26 09:42:18
09:42:24,09:42:24,37.15,0.05,2,7430,卖盘,2017-06-26,2017-06-26 09:42:24
09:42:27,09:42:27,37.12,-0.03,74,274688,卖盘,2017-06-26,2017-06-26 09:42:27
09:42:33,09:42:33,37.1,-0.02,23,85330,卖盘,2017-06-26,2017-06-26 09:42:33
09:42:36,09:42:36,37.1,--,3,11130,买盘,2017-06-26,2017-06-26 09:42:36
09:42:39,09:42:39,37.1,--,12,44520,买盘,2017-06-26,2017-06-26 09:42:39
09:42:42,09:42:42,37.05,-0.05,21,77805,卖盘,2017-06-26,2017-06-26 09:42:42
09:42:51,09:42:51,37.01,-0.04,78,288678,卖盘,2017-06-26,2017-06-26 09:42:51
09:43:00,09:43:00,37.0,-0.01,43,159100,卖盘,2017-06-26,2017-06-26 09:43:00
09:43:03,09:43:03,37.0,--,92,340400,卖盘,2017-06-26,2017-06-26 09:43:03
09:43:06,09:43:06,37.0,--,3,11100,买盘,2017-06-26,2017-06-26 09:43:06
09:43:09,09:43:09,37.0,--,37,136900,买盘,2017-06-26,2017-06-26 09:43:09
09:43:12,09:43:12,37.0,--,1,3700,买盘,2017-06-26,2017-06-26 09:43:12
09:43:18,09:43:18,36.91,-0.09,36,132876,卖盘,2017-06-26,2017-06-26 09:43:18
09:43:21,09:43:21,36.89,-0.02,35,129115,卖盘,2017-06-26,2017-06-26 09:43:21
09:43:24,09:43:24,36.9,0.01,1,3690,中性盘,2017-06-26,2017-06-26 09:43:24
09:43:30,09:43:30,36.89,-0.01,4,14756,中性盘,2017-06-26,2017-06-26 09:43:30
09:43:33,09:43:33,36.88,-0.01,3,11064,卖盘,2017-06-26,2017-06-26 09:43:33
09:43:36,09:43:36,36.8,-0.08,80,294400,卖盘,2017-06-26,2017-06-26 09:43:36
09:43:39,09:43:39,36.8,--,62,228159,卖盘,2017-06-26,2017-06-26 09:43:39
09:43:51,09:43:51,36.8,--,2,7359,卖盘,2017-06-26,2017-06-26 09:43:51
09:43:54,09:43:54,36.8,--,27,99359,卖盘,2017-06-26,2017-06-26 09:43:54
09:43:57,09:43:57,36.8,--,4,14719,卖盘,2017-06-26,2017-06-26 09:43:57
09:44:00,09:44:00,36.8,--,34,125119,卖盘,2017-06-26,2017-06-26 09:44:00
09:44:03,09:44:03,36.81,0.01,13,47853,买盘,2017-06-26,2017-06-26 09:44:03
09:44:06,09:44:06,36.8,-0.01,48,176640,卖盘,2017-06-26,2017-06-26 09:44:06
09:44:09,09:44:09,36.78,-0.02,6,22068,买盘,2017-06-26,2017-06-26 09:44:09
09:44:12,09:44:12,36.8,0.02,41,150880,买盘,2017-06-26,2017-06-26 09:44:12
09:44:15,09:44:15,36.7,-0.1,14,51380,卖盘,2017-06-26,2017-06-26 09:44:15
09:44:18,09:44:18,36.8,0.1,1,3679,买盘,2017-06-26,2017-06-26 09:44:18
09:44:21,09:44:21,36.7,-0.1,25,91750,卖盘,2017-06-26,2017-06-26 09:44:21
09:44:24,09:44:24,36.8,0.1,22,80960,买盘,2017-06-26,2017-06-26 09:44:24
09:44:30,09:44:30,36.7,-0.1,38,139460,卖盘,2017-06-26,2017-06-26 09:44:30
09:44:36,09:44:36,36.7,--,12,44040,卖盘,2017-06-26,2017-06-26 09:44:36
09:44:42,09:44:42,36.7,--,9,33030,卖盘,2017-06-26,2017-06-26 09:44:42
09:44:48,09:44:48,36.7,--,11,40370,买盘,2017-06-26,2017-06-26 09:44:48
09:44:51,09:44:51,36.7,--,22,80740,买盘,2017-06-26,2017-06-26 09:44:51
09:45:00,09:45:00,36.5,-0.2,50,182500,卖盘,2017-06-26,2017-06-26 09:45:00
09:45:12,09:45:12,36.67,0.17,27,99009,买盘,2017-06-26,2017-06-26 09:45:12
09:45:15,09:45:15,36.67,--,20,73340,买盘,2017-06-26,2017-06-26 09:45:15
09:45:21,09:45:21,36.67,--,81,297027,卖盘,2017-06-26,2017-06-26 09:45:21
09:45:24,09:45:24,36.7,0.03,54,198180,买盘,2017-06-26,2017-06-26 09:45:24
09:45:27,09:45:27,36.7,--,155,569327,买盘,2017-06-26,2017-06-26 09:45:27
09:45:30,09:45:30,36.7,--,48,176160,卖盘,2017-06-26,2017-06-26 09:45:30
09:45:39,09:45:39,36.8,0.1,10,36800,买盘,2017-06-26,2017-06-26 09:45:39
09:45:42,09:45:42,36.7,-0.1,55,201850,卖盘,2017-06-26,2017-06-26 09:45:42
09:45:45,09:45:45,36.8,0.1,30,110399,买盘,2017-06-26,2017-06-26 09:45:45
09:45:51,09:45:51,36.7,-0.1,100,367000,卖盘,2017-06-26,2017-06-26 09:45:51
09:45:54,09:45:54,36.8,0.1,90,331200,买盘,2017-06-26,2017-06-26 09:45:54
09:45:57,09:45:57,36.7,-0.1,24,88080,卖盘,2017-06-26,2017-06-26 09:45:57
09:46:00,09:46:00,36.67,-0.03,47,172349,卖盘,2017-06-26,2017-06-26 09:46:00
09:46:03,09:46:03,36.67,--,1,3667,买盘,2017-06-26,2017-06-26 09:46:03
09:46:06,09:46:06,36.67,--,3,11001,买盘,2017-06-26,2017-06-26 09:46:06
09:46:12,09:46:12,36.67,--,22,80674,买盘,2017-06-26,2017-06-26 09:46:12
09:46:15,09:46:15,36.67,--,2,7334,买盘,2017-06-26,2017-06-26 09:46:15
09:46:18,09:46:18,36.67,--,27,99009,买盘,2017-06-26,2017-06-26 09:46:18
09:46:21,09:46:21,36.67,--,29,106343,买盘,2017-06-26,2017-06-26 09:46:21
09:46:24,09:46:24,36.67,--,5,18335,卖盘,2017-06-26,2017-06-26 09:46:24
09:46:27,09:46:27,36.67,--,5,18335,卖盘,2017-06-26,2017-06-26 09:46:27
09:46:30,09:46:30,36.66,-0.01,6,21995,卖盘,2017-06-26,2017-06-26 09:46:30
09:46:36,09:46:36,36.65,-0.01,10,36650,中性盘,2017-06-26,2017-06-26 09:46:36
09:46:39,09:46:39,36.61,-0.04,1,3661,卖盘,2017-06-26,2017-06-26 09:46:39
09:46:42,09:46:42,36.5,-0.11,194,708100,卖盘,2017-06-26,2017-06-26 09:46:42
09:46:45,09:46:45,36.5,--,25,91250,买盘,2017-06-26,2017-06-26 09:46:45
09:46:48,09:46:48,36.5,--,20,73000,买盘,2017-06-26,2017-06-26 09:46:48
09:46:57,09:46:57,36.36,-0.14,30,109080,卖盘,2017-06-26,2017-06-26 09:46:57
09:47:00,09:47:00,36.5,0.14,61,222650,买盘,2017-06-26,2017-06-26 09:47:00
09:47:03,09:47:03,36.5,--,15,54750,买盘,2017-06-26,2017-06-26 09:47:03
09:47:12,09:47:12,36.5,--,1,3650,买盘,2017-06-26,2017-06-26 09:47:12
09:47:15,09:47:15,36.37,-0.13,68,247315,卖盘,2017-06-26,2017-06-26 09:47:15
09:47:18,09:47:18,36.5,0.13,3,10950,买盘,2017-06-26,2017-06-26 09:47:18
09:47:21,09:47:21,36.38,-0.12,21,76398,卖盘,2017-06-26,2017-06-26 09:47:21
09:47:36,09:47:36,36.4,0.02,28,101920,中性盘,2017-06-26,2017-06-26 09:47:36
09:47:39,09:47:39,36.4,--,10,36400,卖盘,2017-06-26,2017-06-26 09:47:39
09:47:42,09:47:42,36.39,-0.01,24,87336,卖盘,2017-06-26,2017-06-26 09:47:42
09:47:45,09:47:45,36.38,-0.01,108,392904,卖盘,2017-06-26,2017-06-26 09:47:45
09:47:48,09:47:48,36.38,--,8,29104,买盘,2017-06-26,2017-06-26 09:47:48
09:47:51,09:47:51,36.38,--,5,18190,买盘,2017-06-26,2017-06-26 09:47:51
09:47:54,09:47:54,36.38,--,124,451112,买盘,2017-06-26,2017-06-26 09:47:54
09:47:57,09:47:57,36.4,0.02,1,3640,卖盘,2017-06-26,2017-06-26 09:47:57
09:48:00,09:48:00,36.37,-0.03,23,83651,卖盘,2017-06-26,2017-06-26 09:48:00
09:48:03,09:48:03,36.37,--,5,18185,买盘,2017-06-26,2017-06-26 09:48:03
09:48:09,09:48:09,36.37,--,9,32732,买盘,2017-06-26,2017-06-26 09:48:09
09:48:12,09:48:12,36.38,0.01,59,214642,买盘,2017-06-26,2017-06-26 09:48:12
09:48:21,09:48:21,36.38,--,2,7276,买盘,2017-06-26,2017-06-26 09:48:21
09:48:39,09:48:39,36.48,0.1,2,7295,买盘,2017-06-26,2017-06-26 09:48:39
09:48:51,09:48:51,36.48,--,14,51071,买盘,2017-06-26,2017-06-26 09:48:51
09:49:00,09:49:00,36.5,0.02,106,386900,买盘,2017-06-26,2017-06-26 09:49:00
09:49:03,09:49:03,36.5,--,99,361350,买盘,2017-06-26,2017-06-26 09:49:03
09:49:09,09:49:09,36.5,--,32,116800,买盘,2017-06-26,2017-06-26 09:49:09
09:49:12,09:49:12,36.5,--,13,47450,买盘,2017-06-26,2017-06-26 09:49:12
09:49:15,09:49:15,36.5,--,1,3650,卖盘,2017-06-26,2017-06-26 09:49:15
09:49:30,09:49:30,36.55,0.05,5,18275,中性盘,2017-06-26,2017-06-26 09:49:30
09:49:33,09:49:33,36.55,--,9,32895,买盘,2017-06-26,2017-06-26 09:49:33
09:49:36,09:49:36,36.5,-0.05,44,160600,卖盘,2017-06-26,2017-06-26 09:49:36
09:49:39,09:49:39,36.43,-0.07,68,247724,卖盘,2017-06-26,2017-06-26 09:49:39
09:49:42,09:49:42,36.6,0.17,59,215940,买盘,2017-06-26,2017-06-26 09:49:42
09:49:48,09:49:48,36.6,--,32,117120,买盘,2017-06-26,2017-06-26 09:49:48
09:49:54,09:49:54,36.6,--,1,3660,买盘,2017-06-26,2017-06-26 09:49:54
09:49:57,09:49:57,36.58,-0.02,129,471882,卖盘,2017-06-26,2017-06-26 09:49:57
09:50:00,09:50:00,36.58,--,40,146320,卖盘,2017-06-26,2017-06-26 09:50:00
09:50:06,09:50:06,36.65,0.07,5,18325,买盘,2017-06-26,2017-06-26 09:50:06
09:50:12,09:50:12,36.6,-0.05,11,40260,中性盘,2017-06-26,2017-06-26 09:50:12
09:50:33,09:50:33,36.65,0.05,12,43980,买盘,2017-06-26,2017-06-26 09:50:33
09:50:45,09:50:45,36.65,--,46,168590,卖盘,2017-06-26,2017-06-26 09:50:45
09:50:48,09:50:48,36.65,--,1,3665,买盘,2017-06-26,2017-06-26 09:50:48
09:50:51,09:50:51,36.65,--,5,18325,买盘,2017-06-26,2017-06-26 09:50:51
09:50:57,09:50:57,36.6,-0.05,10,36600,卖盘,2017-06-26,2017-06-26 09:50:57
09:51:03,09:51:03,36.65,0.05,14,51310,买盘,2017-06-26,2017-06-26 09:51:03
09:51:12,09:51:12,36.65,--,5,18325,买盘,2017-06-26,2017-06-26 09:51:12
09:51:21,09:51:21,36.65,--,85,311525,买盘,2017-06-26,2017-06-26 09:51:21
09:51:24,09:51:24,36.63,-0.02,18,65934,卖盘,2017-06-26,2017-06-26 09:51:24
09:51:39,09:51:39,36.66,0.03,1,3665,买盘,2017-06-26,2017-06-26 09:51:39
09:51:42,09:51:42,36.63,-0.03,30,109890,卖盘,2017-06-26,2017-06-26 09:51:42
09:51:45,09:51:45,36.63,--,11,40293,买盘,2017-06-26,2017-06-26 09:51:45
09:51:51,09:51:51,36.62,-0.01,18,65916,卖盘,2017-06-26,2017-06-26 09:51:51
09:51:54,09:51:54,36.61,-0.01,2,7322,卖盘,2017-06-26,2017-06-26 09:51:54
09:52:00,09:52:00,36.61,--,3,10983,卖盘,2017-06-26,2017-06-26 09:52:00
09:52:06,09:52:06,36.61,--,21,76881,买盘,2017-06-26,2017-06-26 09:52:06
09:52:09,09:52:09,36.6,-0.01,40,146400,卖盘,2017-06-26,2017-06-26 09:52:09
09:52:12,09:52:12,36.6,--,40,146400,卖盘,2017-06-26,2017-06-26 09:52:12
09:52:15,09:52:15,36.61,0.01,26,95186,买盘,2017-06-26,2017-06-26 09:52:15
09:52:24,09:52:24,36.61,--,3,10983,买盘,2017-06-26,2017-06-26 09:52:24
09:52:30,09:52:30,36.6,-0.01,39,142740,卖盘,2017-06-26,2017-06-26 09:52:30
09:52:39,09:52:39,36.6,--,5,18300,买盘,2017-06-26,2017-06-26 09:52:39
09:52:42,09:52:42,36.6,--,7,25620,买盘,2017-06-26,2017-06-26 09:52:42
09:52:45,09:52:45,36.6,--,8,29280,买盘,2017-06-26,2017-06-26 09:52:45
09:52:54,09:52:54,36.59,-0.01,12,43908,卖盘,2017-06-26,2017-06-26 09:52:54
09:53:03,09:53:03,36.58,-0.01,27,98766,卖盘,2017-06-26,2017-06-26 09:53:03
09:53:06,09:53:06,36.58,--,20,73160,卖盘,2017-06-26,2017-06-26 09:53:06
09:53:09,09:53:09,36.58,--,20,73160,卖盘,2017-06-26,2017-06-26 09:53:09
09:53:15,09:53:15,36.58,--,36,131688,卖盘,2017-06-26,2017-06-26 09:53:15
09:53:36,09:53:36,36.5,-0.08,32,116800,卖盘,2017-06-26,2017-06-26 09:53:36
09:53:51,09:53:51,36.5,--,10,36500,卖盘,2017-06-26,2017-06-26 09:53:51
09:54:00,09:54:00,36.4,-0.1,61,222040,卖盘,2017-06-26,2017-06-26 09:54:00
09:54:03,09:54:03,36.5,0.1,1,3650,买盘,2017-06-26,2017-06-26 09:54:03
09:54:06,09:54:06,36.37,-0.13,47,170939,卖盘,2017-06-26,2017-06-26 09:54:06
09:54:12,09:54:12,36.4,0.03,40,145600,中性盘,2017-06-26,2017-06-26 09:54:12
09:54:18,09:54:18,36.37,-0.03,14,50918,卖盘,2017-06-26,2017-06-26 09:54:18
09:54:21,09:54:21,36.37,--,1,3636,买盘,2017-06-26,2017-06-26 09:54:21
09:54:24,09:54:24,36.4,0.03,3,10920,买盘,2017-06-26,2017-06-26 09:54:24
09:54:27,09:54:27,36.4,--,10,36400,卖盘,2017-06-26,2017-06-26 09:54:27
09:54:33,09:54:33,36.4,--,5,18200,卖盘,2017-06-26,2017-06-26 09:54:33
09:54:45,09:54:45,36.4,--,3,10920,卖盘,2017-06-26,2017-06-26 09:54:45
09:54:51,09:54:51,36.4,--,5,18200,卖盘,2017-06-26,2017-06-26 09:54:51
09:55:06,09:55:06,36.42,0.02,2,7284,中性盘,2017-06-26,2017-06-26 09:55:06
09:55:12,09:55:12,36.42,--,1,3642,卖盘,2017-06-26,2017-06-26 09:55:12
09:55:21,09:55:21,36.4,-0.02,10,36400,卖盘,2017-06-26,2017-06-26 09:55:21
09:55:42,09:55:42,36.49,0.09,3,10947,买盘,2017-06-26,2017-06-26 09:55:42
09:55:45,09:55:45,36.5,0.01,15,54750,买盘,2017-06-26,2017-06-26 09:55:45
09:55:57,09:55:57,36.5,--,19,69350,买盘,2017-06-26,2017-06-26 09:55:57
09:56:00,09:56:00,36.58,0.08,100,365800,买盘,2017-06-26,2017-06-26 09:56:00
09:56:09,09:56:09,36.5,-0.08,3,10950,卖盘,2017-06-26,2017-06-26 09:56:09
09:56:15,09:56:15,36.5,--,3,10950,卖盘,2017-06-26,2017-06-26 09:56:15
09:56:18,09:56:18,36.42,-0.08,104,378768,卖盘,2017-06-26,2017-06-26 09:56:18
09:56:42,09:56:42,36.48,0.06,4,14591,中性盘,2017-06-26,2017-06-26 09:56:42
09:56:51,09:56:51,36.48,--,30,109439,卖盘,2017-06-26,2017-06-26 09:56:51
09:57:06,09:57:06,36.56,0.08,2,7312,中性盘,2017-06-26,2017-06-26 09:57:06
09:57:09,09:57:09,36.56,--,22,80432,买盘,2017-06-26,2017-06-26 09:57:09
09:57:18,09:57:18,36.48,-0.08,4,14591,卖盘,2017-06-26,2017-06-26 09:57:18
09:57:42,09:57:42,36.48,--,13,47423,卖盘,2017-06-26,2017-06-26 09:57:42
09:57:45,09:57:45,36.42,-0.06,45,163890,卖盘,2017-06-26,2017-06-26 09:57:45
09:57:51,09:57:51,36.45,0.03,5,18225,中性盘,2017-06-26,2017-06-26 09:57:51
09:57:57,09:57:57,36.48,0.03,15,54719,买盘,2017-06-26,2017-06-26 09:57:57
09:58:03,09:58:03,36.48,--,5,18240,买盘,2017-06-26,2017-06-26 09:58:03
09:58:06,09:58:06,36.45,-0.03,3,10935,卖盘,2017-06-26,2017-06-26 09:58:06
09:58:15,09:58:15,36.42,-0.03,28,101976,卖盘,2017-06-26,2017-06-26 09:58:15
09:58:24,09:58:24,36.38,-0.04,68,247384,卖盘,2017-06-26,2017-06-26 09:58:24
09:58:27,09:58:27,36.55,0.17,2,7309,买盘,2017-06-26,2017-06-26 09:58:27
09:58:42,09:58:42,36.45,-0.1,14,51030,卖盘,2017-06-26,2017-06-26 09:58:42
09:59:21,09:59:21,36.45,--,120,437691,卖盘,2017-06-26,2017-06-26 09:59:21
09:59:24,09:59:24,36.52,0.07,1,3652,卖盘,2017-06-26,2017-06-26 09:59:24
09:59:33,09:59:33,36.46,-0.06,4,14584,买盘,2017-06-26,2017-06-26 09:59:33
09:59:36,09:59:36,36.55,0.09,13,47514,买盘,2017-06-26,2017-06-26 09:59:36
09:59:48,09:59:48,36.56,0.01,1,3656,买盘,2017-06-26,2017-06-26 09:59:48
09:59:51,09:59:51,36.56,--,19,69464,买盘,2017-06-26,2017-06-26 09:59:51
09:59:57,09:59:57,36.56,--,5,18280,卖盘,2017-06-26,2017-06-26 09:59:57
10:00:09,10:00:09,36.56,--,1,3656,卖盘,2017-06-26,2017-06-26 10:00:09
10:00:30,10:00:30,36.58,0.02,17,62186,买盘,2017-06-26,2017-06-26 10:00:30
10:00:39,10:00:39,36.58,--,11,40238,卖盘,2017-06-26,2017-06-26 10:00:39
10:00:45,10:00:45,36.59,0.01,5,18295,买盘,2017-06-26,2017-06-26 10:00:45
10:00:48,10:00:48,36.58,-0.01,3,10974,卖盘,2017-06-26,2017-06-26 10:00:48
10:00:51,10:00:51,36.58,--,3,10974,买盘,2017-06-26,2017-06-26 10:00:51
10:01:03,10:01:03,36.58,--,11,40238,买盘,2017-06-26,2017-06-26 10:01:03
10:01:06,10:01:06,36.58,--,1,3658,卖盘,2017-06-26,2017-06-26 10:01:06
10:01:12,10:01:12,36.55,-0.03,19,69445,卖盘,2017-06-26,2017-06-26 10:01:12
10:01:18,10:01:18,36.59,0.04,10,36590,买盘,2017-06-26,2017-06-26 10:01:18
10:01:24,10:01:24,36.6,0.01,11,40260,买盘,2017-06-26,2017-06-26 10:01:24
10:01:33,10:01:33,36.45,-0.15,58,211410,卖盘,2017-06-26,2017-06-26 10:01:33
10:01:39,10:01:39,36.6,0.15,2,7320,买盘,2017-06-26,2017-06-26 10:01:39
10:01:54,10:01:54,36.38,-0.22,2,7276,卖盘,2017-06-26,2017-06-26 10:01:54
10:01:57,10:01:57,36.6,0.22,47,175314,买盘,2017-06-26,2017-06-26 10:01:57
10:02:00,10:02:00,36.6,--,4,14640,卖盘,2017-06-26,2017-06-26 10:02:00
10:02:06,10:02:06,36.37,-0.23,37,134569,卖盘,2017-06-26,2017-06-26 10:02:06
10:02:09,10:02:09,36.59,0.22,6,21954,中性盘,2017-06-26,2017-06-26 10:02:09
10:02:21,10:02:21,36.59,--,28,102452,卖盘,2017-06-26,2017-06-26 10:02:21
10:02:24,10:02:24,36.7,0.11,173,634910,买盘,2017-06-26,2017-06-26 10:02:24
10:02:36,10:02:36,36.7,--,33,121110,卖盘,2017-06-26,2017-06-26 10:02:36
10:02:54,10:02:54,36.61,-0.09,11,40271,卖盘,2017-06-26,2017-06-26 10:02:54
10:03:00,10:03:00,36.81,0.2,153,563193,买盘,2017-06-26,2017-06-26 10:03:00
10:03:09,10:03:09,36.61,-0.2,89,325829,卖盘,2017-06-26,2017-06-26 10:03:09
10:03:15,10:03:15,36.9,0.29,3,11070,买盘,2017-06-26,2017-06-26 10:03:15
10:03:18,10:03:18,36.89,-0.01,19,70091,买盘,2017-06-26,2017-06-26 10:03:18
10:03:21,10:03:21,36.8,-0.09,14,51519,买盘,2017-06-26,2017-06-26 10:03:21
10:03:27,10:03:27,36.7,-0.1,3,11010,卖盘,2017-06-26,2017-06-26 10:03:27
10:03:33,10:03:33,36.8,0.1,30,110399,买盘,2017-06-26,2017-06-26 10:03:33
10:03:39,10:03:39,36.7,-0.1,6,22020,卖盘,2017-06-26,2017-06-26 10:03:39
10:03:45,10:03:45,36.7,--,1,3670,买盘,2017-06-26,2017-06-26 10:03:45
10:03:51,10:03:51,36.79,0.09,5,18395,中性盘,2017-06-26,2017-06-26 10:03:51
10:03:54,10:03:54,36.7,-0.09,41,150470,卖盘,2017-06-26,2017-06-26 10:03:54
10:03:57,10:03:57,36.79,0.09,3,11037,买盘,2017-06-26,2017-06-26 10:03:57
10:04:00,10:04:00,36.71,-0.08,25,91775,卖盘,2017-06-26,2017-06-26 10:04:00
10:04:03,10:04:03,36.8,0.09,65,239199,买盘,2017-06-26,2017-06-26 10:04:03
10:04:15,10:04:15,36.8,--,18,66240,卖盘,2017-06-26,2017-06-26 10:04:15
10:04:18,10:04:18,36.8,--,9,33120,买盘,2017-06-26,2017-06-26 10:04:18
10:04:21,10:04:21,36.8,--,8,29439,买盘,2017-06-26,2017-06-26 10:04:21
10:04:24,10:04:24,36.8,--,1,3679,买盘,2017-06-26,2017-06-26 10:04:24
10:04:27,10:04:27,36.8,--,4,14719,买盘,2017-06-26,2017-06-26 10:04:27
10:04:33,10:04:33,36.79,-0.01,205,754195,卖盘,2017-06-26,2017-06-26 10:04:33
10:04:36,10:04:36,36.8,0.01,16,58879,买盘,2017-06-26,2017-06-26 10:04:36
10:04:42,10:04:42,36.8,--,2,7359,卖盘,2017-06-26,2017-06-26 10:04:42
10:04:45,10:04:45,36.8,--,72,264960,卖盘,2017-06-26,2017-06-26 10:04:45
10:04:48,10:04:48,36.8,--,34,125119,买盘,2017-06-26,2017-06-26 10:04:48
10:04:54,10:04:54,36.8,--,61,224479,卖盘,2017-06-26,2017-06-26 10:04:54
10:05:00,10:05:00,36.8,--,10,36800,买盘,2017-06-26,2017-06-26 10:05:00
10:05:03,10:05:03,36.88,0.08,73,269224,买盘,2017-06-26,2017-06-26 10:05:03
10:05:06,10:05:06,36.88,--,2,7376,卖盘,2017-06-26,2017-06-26 10:05:06
10:05:09,10:05:09,36.8,-0.08,37,136160,卖盘,2017-06-26,2017-06-26 10:05:09
10:05:27,10:05:27,36.8,--,41,150880,卖盘,2017-06-26,2017-06-26 10:05:27
10:05:33,10:05:33,36.72,-0.08,11,43403,卖盘,2017-06-26,2017-06-26 10:05:33
10:05:36,10:05:36,36.8,0.08,10,36800,买盘,2017-06-26,2017-06-26 10:05:36
10:05:39,10:05:39,36.8,--,90,331200,买盘,2017-06-26,2017-06-26 10:05:39
10:05:42,10:05:42,36.8,--,2,7359,卖盘,2017-06-26,2017-06-26 10:05:42
10:05:45,10:05:45,36.8,--,8,29439,卖盘,2017-06-26,2017-06-26 10:05:45
10:05:48,10:05:48,36.8,--,41,150880,买盘,2017-06-26,2017-06-26 10:05:48
10:05:51,10:05:51,36.8,--,10,36800,卖盘,2017-06-26,2017-06-26 10:05:51
10:05:54,10:05:54,36.8,--,16,58879,卖盘,2017-06-26,2017-06-26 10:05:54
10:05:57,10:05:57,36.72,-0.08,10,36720,卖盘,2017-06-26,2017-06-26 10:05:57
10:06:06,10:06:06,36.8,0.08,50,184000,买盘,2017-06-26,2017-06-26 10:06:06
10:06:12,10:06:12,36.72,-0.08,17,62424,卖盘,2017-06-26,2017-06-26 10:06:12
10:06:21,10:06:21,36.75,0.03,17,62475,中性盘,2017-06-26,2017-06-26 10:06:21
10:06:24,10:06:24,36.87,0.12,52,191724,买盘,2017-06-26,2017-06-26 10:06:24
10:06:27,10:06:27,36.8,-0.07,20,74336,中性盘,2017-06-26,2017-06-26 10:06:27
10:06:30,10:06:30,36.75,-0.05,18,69090,卖盘,2017-06-26,2017-06-26 10:06:30
10:06:48,10:06:48,36.75,--,5,19110,买盘,2017-06-26,2017-06-26 10:06:48
10:06:57,10:06:57,36.75,--,3,11025,卖盘,2017-06-26,2017-06-26 10:06:57
10:07:06,10:07:06,36.75,--,38,142590,卖盘,2017-06-26,2017-06-26 10:07:06
10:07:09,10:07:09,36.8,0.05,5,18400,买盘,2017-06-26,2017-06-26 10:07:09
10:07:15,10:07:15,36.8,--,6,22816,买盘,2017-06-26,2017-06-26 10:07:15
10:07:18,10:07:18,36.75,-0.05,83,307965,卖盘,2017-06-26,2017-06-26 10:07:18
10:07:30,10:07:30,36.75,--,84,308700,买盘,2017-06-26,2017-06-26 10:07:30
10:07:33,10:07:33,36.73,-0.02,1,3672,卖盘,2017-06-26,2017-06-26 10:07:33
10:07:39,10:07:39,36.73,--,5,18365,卖盘,2017-06-26,2017-06-26 10:07:39
10:07:42,10:07:42,36.73,--,22,80806,买盘,2017-06-26,2017-06-26 10:07:42
10:08:00,10:08:00,36.72,-0.01,3,11016,卖盘,2017-06-26,2017-06-26 10:08:00
10:08:03,10:08:03,36.72,--,1,3672,卖盘,2017-06-26,2017-06-26 10:08:03
10:08:06,10:08:06,36.75,0.03,101,371175,买盘,2017-06-26,2017-06-26 10:08:06
10:08:18,10:08:18,36.75,--,30,110250,买盘,2017-06-26,2017-06-26 10:08:18
10:08:21,10:08:21,36.75,--,32,117600,买盘,2017-06-26,2017-06-26 10:08:21
10:08:24,10:08:24,36.71,-0.04,50,183550,卖盘,2017-06-26,2017-06-26 10:08:24
10:08:36,10:08:36,36.7,-0.01,19,69730,卖盘,2017-06-26,2017-06-26 10:08:36
10:08:39,10:08:39,36.7,--,44,161480,卖盘,2017-06-26,2017-06-26 10:08:39
10:08:42,10:08:42,36.7,--,4,14680,买盘,2017-06-26,2017-06-26 10:08:42
10:08:51,10:08:51,36.63,-0.07,2,7326,卖盘,2017-06-26,2017-06-26 10:08:51
10:08:57,10:08:57,36.7,0.07,1,3670,买盘,2017-06-26,2017-06-26 10:08:57
10:09:12,10:09:12,36.63,-0.07,10,36630,卖盘,2017-06-26,2017-06-26 10:09:12
10:09:21,10:09:21,36.63,--,8,29304,卖盘,2017-06-26,2017-06-26 10:09:21
10:09:27,10:09:27,36.65,0.02,5,18325,买盘,2017-06-26,2017-06-26 10:09:27
10:09:39,10:09:39,36.63,-0.02,9,32967,卖盘,2017-06-26,2017-06-26 10:09:39
10:09:42,10:09:42,36.63,--,24,87912,卖盘,2017-06-26,2017-06-26 10:09:42
10:09:57,10:09:57,36.62,-0.01,2,7323,卖盘,2017-06-26,2017-06-26 10:09:57
10:10:00,10:10:00,36.61,-0.01,25,91525,卖盘,2017-06-26,2017-06-26 10:10:00
10:10:12,10:10:12,36.62,0.01,1,3661,买盘,2017-06-26,2017-06-26 10:10:12
10:10:18,10:10:18,36.62,--,3,10986,买盘,2017-06-26,2017-06-26 10:10:18
10:10:24,10:10:24,36.6,-0.02,47,172020,卖盘,2017-06-26,2017-06-26 10:10:24
10:10:27,10:10:27,36.6,--,3,10980,买盘,2017-06-26,2017-06-26 10:10:27
10:10:30,10:10:30,36.6,--,1,3660,买盘,2017-06-26,2017-06-26 10:10:30
10:10:42,10:10:42,36.58,-0.02,9,32922,卖盘,2017-06-26,2017-06-26 10:10:42
10:10:51,10:10:51,36.6,0.02,55,201300,买盘,2017-06-26,2017-06-26 10:10:51
10:11:06,10:11:06,36.51,-0.09,25,91275,卖盘,2017-06-26,2017-06-26 10:11:06
10:11:15,10:11:15,36.51,--,24,87624,买盘,2017-06-26,2017-06-26 10:11:15
10:11:27,10:11:27,36.5,-0.01,252,919800,卖盘,2017-06-26,2017-06-26 10:11:27
10:11:42,10:11:42,36.46,-0.04,6,21876,卖盘,2017-06-26,2017-06-26 10:11:42
10:11:45,10:11:45,36.46,--,8,29168,卖盘,2017-06-26,2017-06-26 10:11:45
10:12:09,10:12:09,36.46,--,2,7292,买盘,2017-06-26,2017-06-26 10:12:09
10:12:12,10:12:12,36.42,-0.04,15,54630,卖盘,2017-06-26,2017-06-26 10:12:12
10:12:21,10:12:21,36.42,--,5,18210,买盘,2017-06-26,2017-06-26 10:12:21
10:12:24,10:12:24,36.41,-0.01,3,10922,卖盘,2017-06-26,2017-06-26 10:12:24
10:12:36,10:12:36,36.41,--,19,69179,卖盘,2017-06-26,2017-06-26 10:12:36
10:12:48,10:12:48,36.4,-0.01,3,10920,卖盘,2017-06-26,2017-06-26 10:12:48
10:12:54,10:12:54,36.4,--,25,91000,卖盘,2017-06-26,2017-06-26 10:12:54
10:13:00,10:13:00,36.41,0.01,11,40050,买盘,2017-06-26,2017-06-26 10:13:00
10:13:09,10:13:09,36.42,0.01,52,189384,买盘,2017-06-26,2017-06-26 10:13:09
10:13:12,10:13:12,36.41,-0.01,6,21845,卖盘,2017-06-26,2017-06-26 10:13:12
10:13:15,10:13:15,36.42,0.01,5,18210,买盘,2017-06-26,2017-06-26 10:13:15
10:13:18,10:13:18,36.42,--,18,65556,买盘,2017-06-26,2017-06-26 10:13:18
10:13:24,10:13:24,36.42,--,5,18210,买盘,2017-06-26,2017-06-26 10:13:24
10:14:06,10:14:06,36.5,0.08,4,14600,买盘,2017-06-26,2017-06-26 10:14:06
10:14:27,10:14:27,36.5,--,104,379600,买盘,2017-06-26,2017-06-26 10:14:27
10:14:30,10:14:30,36.5,--,1,3650,卖盘,2017-06-26,2017-06-26 10:14:30
10:14:33,10:14:33,36.5,--,2,7300,卖盘,2017-06-26,2017-06-26 10:14:33
10:14:39,10:14:39,36.44,-0.06,20,72880,卖盘,2017-06-26,2017-06-26 10:14:39
10:14:42,10:14:42,36.44,--,46,167624,买盘,2017-06-26,2017-06-26 10:14:42
10:15:03,10:15:03,36.48,0.04,10,36480,中性盘,2017-06-26,2017-06-26 10:15:03
10:15:24,10:15:24,36.5,0.02,30,109500,买盘,2017-06-26,2017-06-26 10:15:24
10:15:27,10:15:27,36.49,-0.01,10,36490,买盘,2017-06-26,2017-06-26 10:15:27
10:15:30,10:15:30,36.48,-0.01,20,72960,卖盘,2017-06-26,2017-06-26 10:15:30
10:15:36,10:15:36,36.47,-0.01,1,3647,买盘,2017-06-26,2017-06-26 10:15:36
10:15:42,10:15:42,36.49,0.02,5,18245,买盘,2017-06-26,2017-06-26 10:15:42
10:15:51,10:15:51,36.49,--,2,7298,买盘,2017-06-26,2017-06-26 10:15:51
10:16:00,10:16:00,36.47,-0.02,4,14588,卖盘,2017-06-26,2017-06-26 10:16:00
10:16:12,10:16:12,36.46,-0.01,33,120318,中性盘,2017-06-26,2017-06-26 10:16:12
10:16:15,10:16:15,36.46,--,62,226052,买盘,2017-06-26,2017-06-26 10:16:15
10:16:18,10:16:18,36.46,--,1,3646,买盘,2017-06-26,2017-06-26 10:16:18
10:16:33,10:16:33,36.46,--,4,14584,买盘,2017-06-26,2017-06-26 10:16:33
10:16:39,10:16:39,36.46,--,3,10938,卖盘,2017-06-26,2017-06-26 10:16:39
10:16:42,10:16:42,36.46,--,2,7292,卖盘,2017-06-26,2017-06-26 10:16:42
10:17:00,10:17:00,36.46,--,13,47398,卖盘,2017-06-26,2017-06-26 10:17:00
10:17:09,10:17:09,36.45,-0.01,11,40095,卖盘,2017-06-26,2017-06-26 10:17:09
10:17:21,10:17:21,36.44,-0.01,30,109320,卖盘,2017-06-26,2017-06-26 10:17:21
10:17:42,10:17:42,36.42,-0.02,69,251298,卖盘,2017-06-26,2017-06-26 10:17:42
10:17:45,10:17:45,36.42,--,69,251298,买盘,2017-06-26,2017-06-26 10:17:45
10:17:51,10:17:51,36.41,-0.01,5,18205,卖盘,2017-06-26,2017-06-26 10:17:51
10:18:00,10:18:00,36.4,-0.01,11,40040,卖盘,2017-06-26,2017-06-26 10:18:00
10:18:06,10:18:06,36.41,0.01,1,3640,买盘,2017-06-26,2017-06-26 10:18:06
10:18:09,10:18:09,36.41,--,1,3640,买盘,2017-06-26,2017-06-26 10:18:09
10:18:18,10:18:18,36.41,--,10,36410,买盘,2017-06-26,2017-06-26 10:18:18
10:18:21,10:18:21,36.41,--,5,18205,买盘,2017-06-26,2017-06-26 10:18:21
10:18:24,10:18:24,36.41,--,10,36410,买盘,2017-06-26,2017-06-26 10:18:24
10:18:27,10:18:27,36.41,--,12,43691,买盘,2017-06-26,2017-06-26 10:18:27
10:18:33,10:18:33,36.41,--,4,14563,买盘,2017-06-26,2017-06-26 10:18:33
10:18:39,10:18:39,36.41,--,3,10922,买盘,2017-06-26,2017-06-26 10:18:39
10:18:42,10:18:42,36.41,--,1,3640,买盘,2017-06-26,2017-06-26 10:18:42
10:18:45,10:18:45,36.42,0.01,31,112902,买盘,2017-06-26,2017-06-26 10:18:45
10:18:54,10:18:54,36.44,0.02,50,182200,买盘,2017-06-26,2017-06-26 10:18:54
10:19:15,10:19:15,36.44,--,50,182200,买盘,2017-06-26,2017-06-26 10:19:15
10:19:18,10:19:18,36.4,-0.04,169,615160,卖盘,2017-06-26,2017-06-26 10:19:18
10:19:27,10:19:27,36.45,0.05,141,513945,买盘,2017-06-26,2017-06-26 10:19:27
10:19:30,10:19:30,36.45,--,10,36450,卖盘,2017-06-26,2017-06-26 10:19:30
10:19:39,10:19:39,36.45,--,24,87480,卖盘,2017-06-26,2017-06-26 10:19:39
10:19:48,10:19:48,36.45,--,18,65610,买盘,2017-06-26,2017-06-26 10:19:48
10:20:06,10:20:06,36.43,-0.02,3,10929,中性盘,2017-06-26,2017-06-26 10:20:06
10:20:18,10:20:18,36.4,-0.03,1,3640,卖盘,2017-06-26,2017-06-26 10:20:18
10:20:24,10:20:24,36.43,0.03,1,3643,买盘,2017-06-26,2017-06-26 10:20:24
10:20:42,10:20:42,36.43,--,31,112933,买盘,2017-06-26,2017-06-26 10:20:42
10:20:45,10:20:45,36.43,--,5,18215,买盘,2017-06-26,2017-06-26 10:20:45
10:20:54,10:20:54,36.43,--,39,142077,买盘,2017-06-26,2017-06-26 10:20:54
10:20:57,10:20:57,36.39,-0.04,106,385734,卖盘,2017-06-26,2017-06-26 10:20:57
10:21:06,10:21:06,36.39,--,13,47307,买盘,2017-06-26,2017-06-26 10:21:06
10:21:09,10:21:09,36.38,-0.01,21,76398,卖盘,2017-06-26,2017-06-26 10:21:09
10:21:24,10:21:24,36.38,--,1,3638,买盘,2017-06-26,2017-06-26 10:21:24
10:21:27,10:21:27,36.35,-0.03,108,392943,卖盘,2017-06-26,2017-06-26 10:21:27
10:21:48,10:21:48,36.3,-0.05,71,260996,卖盘,2017-06-26,2017-06-26 10:21:48
10:21:51,10:21:51,36.3,--,13,47552,卖盘,2017-06-26,2017-06-26 10:21:51
10:21:57,10:21:57,36.3,--,10,39567,买盘,2017-06-26,2017-06-26 10:21:57
10:22:06,10:22:06,36.31,0.01,9,33042,卖盘,2017-06-26,2017-06-26 10:22:06
10:22:18,10:22:18,36.31,--,20,72620,买盘,2017-06-26,2017-06-26 10:22:18
10:22:24,10:22:24,36.31,--,1,3631,买盘,2017-06-26,2017-06-26 10:22:24
10:22:27,10:22:27,36.31,--,20,72620,买盘,2017-06-26,2017-06-26 10:22:27
10:22:45,10:22:45,36.3,-0.01,1,3629,中性盘,2017-06-26,2017-06-26 10:22:45
10:22:51,10:22:51,36.29,-0.01,5,18145,卖盘,2017-06-26,2017-06-26 10:22:51
10:22:57,10:22:57,36.29,--,5,18145,卖盘,2017-06-26,2017-06-26 10:22:57
10:23:06,10:23:06,36.29,--,10,36290,卖盘,2017-06-26,2017-06-26 10:23:06
10:23:09,10:23:09,36.29,--,25,90725,买盘,2017-06-26,2017-06-26 10:23:09
10:23:15,10:23:15,36.29,--,25,90725,买盘,2017-06-26,2017-06-26 10:23:15
10:23:18,10:23:18,36.28,-0.01,10,36280,卖盘,2017-06-26,2017-06-26 10:23:18
10:23:27,10:23:27,36.28,--,5,18140,买盘,2017-06-26,2017-06-26 10:23:27
10:23:30,10:23:30,36.28,--,37,134236,买盘,2017-06-26,2017-06-26 10:23:30
10:23:36,10:23:36,36.28,--,5,18140,买盘,2017-06-26,2017-06-26 10:23:36
10:23:42,10:23:42,36.28,--,1,3628,买盘,2017-06-26,2017-06-26 10:23:42
10:23:45,10:23:45,36.26,-0.02,6,21756,卖盘,2017-06-26,2017-06-26 10:23:45
10:23:54,10:23:54,36.27,0.01,10,36270,买盘,2017-06-26,2017-06-26 10:23:54
10:23:57,10:23:57,36.27,--,14,50778,买盘,2017-06-26,2017-06-26 10:23:57
10:24:12,10:24:12,36.26,-0.01,31,112406,卖盘,2017-06-26,2017-06-26 10:24:12
10:24:18,10:24:18,36.27,0.01,10,36270,中性盘,2017-06-26,2017-06-26 10:24:18
10:24:24,10:24:24,36.27,--,10,36270,买盘,2017-06-26,2017-06-26 10:24:24
10:24:39,10:24:39,36.28,0.01,23,83444,买盘,2017-06-26,2017-06-26 10:24:39
10:24:51,10:24:51,36.27,-0.01,10,36270,卖盘,2017-06-26,2017-06-26 10:24:51
10:24:54,10:24:54,36.28,0.01,3,10884,买盘,2017-06-26,2017-06-26 10:24:54
10:24:57,10:24:57,36.28,--,28,101584,买盘,2017-06-26,2017-06-26 10:24:57
10:25:06,10:25:06,36.27,-0.01,2,7254,卖盘,2017-06-26,2017-06-26 10:25:06
10:25:09,10:25:09,36.28,0.01,33,119724,买盘,2017-06-26,2017-06-26 10:25:09
10:25:12,10:25:12,36.28,--,38,137864,买盘,2017-06-26,2017-06-26 10:25:12
10:25:24,10:25:24,36.28,--,1,3628,卖盘,2017-06-26,2017-06-26 10:25:24
10:25:30,10:25:30,36.35,0.07,65,239546,买盘,2017-06-26,2017-06-26 10:25:30
10:25:33,10:25:33,36.28,-0.07,42,152738,卖盘,2017-06-26,2017-06-26 10:25:33
10:25:48,10:25:48,36.28,--,8,29024,买盘,2017-06-26,2017-06-26 10:25:48
10:25:51,10:25:51,36.28,--,18,68569,买盘,2017-06-26,2017-06-26 10:25:51
10:27:06,10:27:06,36.3,0.02,10,36300,中性盘,2017-06-26,2017-06-26 10:27:06
10:27:12,10:27:12,36.3,--,7,25409,买盘,2017-06-26,2017-06-26 10:27:12
10:27:18,10:27:18,36.3,--,10,36300,买盘,2017-06-26,2017-06-26 10:27:18
10:27:21,10:27:21,36.3,--,3,10890,买盘,2017-06-26,2017-06-26 10:27:21
10:27:30,10:27:30,36.4,0.1,80,291200,买盘,2017-06-26,2017-06-26 10:27:30
10:28:00,10:28:00,36.4,--,2,7280,买盘,2017-06-26,2017-06-26 10:28:00
10:28:06,10:28:06,36.35,-0.05,1,3635,卖盘,2017-06-26,2017-06-26 10:28:06
10:28:21,10:28:21,36.42,0.07,1,3642,买盘,2017-06-26,2017-06-26 10:28:21
10:28:30,10:28:30,36.42,--,18,65556,买盘,2017-06-26,2017-06-26 10:28:30
10:29:03,10:29:03,36.4,-0.02,3,10920,卖盘,2017-06-26,2017-06-26 10:29:03
10:29:30,10:29:30,36.4,--,3,10920,买盘,2017-06-26,2017-06-26 10:29:30
10:29:36,10:29:36,36.4,--,2,7280,买盘,2017-06-26,2017-06-26 10:29:36
10:30:00,10:30:00,36.4,--,13,47320,买盘,2017-06-26,2017-06-26 10:30:00
10:30:06,10:30:06,36.4,--,3,10920,买盘,2017-06-26,2017-06-26 10:30:06
10:30:21,10:30:21,36.4,--,2,7280,卖盘,2017-06-26,2017-06-26 10:30:21
10:30:33,10:30:33,36.45,0.05,38,138510,买盘,2017-06-26,2017-06-26 10:30:33
10:31:06,10:31:06,36.42,-0.03,5,18210,中性盘,2017-06-26,2017-06-26 10:31:06
10:31:12,10:31:12,36.42,--,50,182100,买盘,2017-06-26,2017-06-26 10:31:12
10:31:15,10:31:15,36.42,--,42,152964,买盘,2017-06-26,2017-06-26 10:31:15
10:31:21,10:31:21,36.4,-0.02,20,72800,卖盘,2017-06-26,2017-06-26 10:31:21
10:31:24,10:31:24,36.38,-0.02,35,127330,卖盘,2017-06-26,2017-06-26 10:31:24
10:31:27,10:31:27,36.42,0.04,24,87408,买盘,2017-06-26,2017-06-26 10:31:27
10:31:30,10:31:30,36.37,-0.05,20,72740,卖盘,2017-06-26,2017-06-26 10:31:30
10:31:51,10:31:51,36.4,0.03,12,43680,中性盘,2017-06-26,2017-06-26 10:31:51
10:32:03,10:32:03,36.4,--,8,29120,买盘,2017-06-26,2017-06-26 10:32:03
10:32:33,10:32:33,36.4,--,20,72800,卖盘,2017-06-26,2017-06-26 10:32:33
10:33:00,10:33:00,36.41,0.01,13,47332,中性盘,2017-06-26,2017-06-26 10:33:00
10:33:09,10:33:09,36.4,-0.01,20,72800,卖盘,2017-06-26,2017-06-26 10:33:09
10:33:12,10:33:12,36.4,--,3,10920,卖盘,2017-06-26,2017-06-26 10:33:12
10:33:33,10:33:33,36.37,-0.03,25,90925,卖盘,2017-06-26,2017-06-26 10:33:33
10:33:54,10:33:54,36.39,0.02,197,716883,买盘,2017-06-26,2017-06-26 10:33:54
10:34:12,10:34:12,36.4,0.01,1,3640,买盘,2017-06-26,2017-06-26 10:34:12
10:34:18,10:34:18,36.4,--,2,7280,买盘,2017-06-26,2017-06-26 10:34:18
10:34:42,10:34:42,36.41,0.01,11,40050,买盘,2017-06-26,2017-06-26 10:34:42
10:34:51,10:34:51,36.41,--,29,105588,卖盘,2017-06-26,2017-06-26 10:34:51
10:35:03,10:35:03,36.41,--,1,3640,买盘,2017-06-26,2017-06-26 10:35:03
10:35:12,10:35:12,36.41,--,1,3640,买盘,2017-06-26,2017-06-26 10:35:12
10:35:18,10:35:18,36.41,--,2,7281,买盘,2017-06-26,2017-06-26 10:35:18
10:35:24,10:35:24,36.41,--,4,14563,买盘,2017-06-26,2017-06-26 10:35:24
10:35:27,10:35:27,36.4,-0.01,12,43680,卖盘,2017-06-26,2017-06-26 10:35:27
10:35:33,10:35:33,36.41,0.01,1,3640,买盘,2017-06-26,2017-06-26 10:35:33
10:35:36,10:35:36,36.4,-0.01,14,50960,卖盘,2017-06-26,2017-06-26 10:35:36
10:35:42,10:35:42,36.39,-0.01,104,378456,卖盘,2017-06-26,2017-06-26 10:35:42
10:35:57,10:35:57,36.36,-0.03,25,90900,卖盘,2017-06-26,2017-06-26 10:35:57
10:36:09,10:36:09,36.39,0.03,1,3639,买盘,2017-06-26,2017-06-26 10:36:09
10:36:12,10:36:12,36.35,-0.04,35,127225,卖盘,2017-06-26,2017-06-26 10:36:12
10:36:30,10:36:30,36.34,-0.01,28,101752,卖盘,2017-06-26,2017-06-26 10:36:30
10:36:54,10:36:54,36.31,-0.03,16,58096,卖盘,2017-06-26,2017-06-26 10:36:54
10:37:12,10:37:12,36.32,0.01,30,108960,中性盘,2017-06-26,2017-06-26 10:37:12
10:37:21,10:37:21,36.34,0.02,2,7268,买盘,2017-06-26,2017-06-26 10:37:21
10:37:33,10:37:33,36.34,--,10,36340,卖盘,2017-06-26,2017-06-26 10:37:33
10:37:42,10:37:42,36.3,-0.04,96,348480,卖盘,2017-06-26,2017-06-26 10:37:42
10:38:15,10:38:15,36.33,0.03,10,36330,中性盘,2017-06-26,2017-06-26 10:38:15
10:38:24,10:38:24,36.33,--,3,10899,卖盘,2017-06-26,2017-06-26 10:38:24
10:38:45,10:38:45,36.35,0.02,4,14540,中性盘,2017-06-26,2017-06-26 10:38:45
10:39:15,10:39:15,36.32,-0.03,15,54480,卖盘,2017-06-26,2017-06-26 10:39:15
10:39:57,10:39:57,36.32,--,1,3632,卖盘,2017-06-26,2017-06-26 10:39:57
10:40:45,10:40:45,36.3,-0.02,56,203279,卖盘,2017-06-26,2017-06-26 10:40:45
10:41:09,10:41:09,36.32,0.02,20,72640,中性盘,2017-06-26,2017-06-26 10:41:09
10:41:30,10:41:30,36.31,-0.01,51,185181,卖盘,2017-06-26,2017-06-26 10:41:30
10:41:42,10:41:42,36.3,-0.01,51,185130,卖盘,2017-06-26,2017-06-26 10:41:42
10:41:51,10:41:51,36.3,--,4,14519,卖盘,2017-06-26,2017-06-26 10:41:51
10:42:03,10:42:03,36.29,-0.01,171,620559,卖盘,2017-06-26,2017-06-26 10:42:03
10:42:24,10:42:24,36.29,--,16,58064,卖盘,2017-06-26,2017-06-26 10:42:24
10:42:39,10:42:39,36.3,0.01,2,7259,中性盘,2017-06-26,2017-06-26 10:42:39
10:43:00,10:43:00,36.31,0.01,1,3631,中性盘,2017-06-26,2017-06-26 10:43:00
10:43:06,10:43:06,36.3,-0.01,25,90750,卖盘,2017-06-26,2017-06-26 10:43:06
10:43:15,10:43:15,36.31,0.01,8,29048,中性盘,2017-06-26,2017-06-26 10:43:15
10:43:45,10:43:45,36.33,0.02,3,10899,中性盘,2017-06-26,2017-06-26 10:43:45
10:44:03,10:44:03,36.33,--,25,90825,卖盘,2017-06-26,2017-06-26 10:44:03
10:44:12,10:44:12,36.35,0.02,62,225370,买盘,2017-06-26,2017-06-26 10:44:12
10:44:24,10:44:24,36.36,0.01,1,3636,买盘,2017-06-26,2017-06-26 10:44:24
10:44:39,10:44:39,36.36,--,5,18180,买盘,2017-06-26,2017-06-26 10:44:39
10:45:00,10:45:00,36.36,--,5,18180,买盘,2017-06-26,2017-06-26 10:45:00
10:45:06,10:45:06,36.36,--,5,18180,买盘,2017-06-26,2017-06-26 10:45:06
10:45:09,10:45:09,36.36,--,1,3636,买盘,2017-06-26,2017-06-26 10:45:09
10:45:18,10:45:18,36.36,--,8,29088,买盘,2017-06-26,2017-06-26 10:45:18
10:45:33,10:45:33,36.36,--,18,66211,卖盘,2017-06-26,2017-06-26 10:45:33
10:45:42,10:45:42,36.36,--,10,36360,卖盘,2017-06-26,2017-06-26 10:45:42
10:45:48,10:45:48,36.38,0.02,2,7276,买盘,2017-06-26,2017-06-26 10:45:48
10:46:03,10:46:03,36.39,0.01,24,87336,买盘,2017-06-26,2017-06-26 10:46:03
10:46:09,10:46:09,36.35,-0.04,379,1380536,卖盘,2017-06-26,2017-06-26 10:46:09
10:46:12,10:46:12,36.35,--,2,7270,买盘,2017-06-26,2017-06-26 10:46:12
10:46:30,10:46:30,36.35,--,18,66193,买盘,2017-06-26,2017-06-26 10:46:30
10:47:00,10:47:00,36.39,0.04,3,10917,买盘,2017-06-26,2017-06-26 10:47:00
10:47:12,10:47:12,36.39,--,7,25473,卖盘,2017-06-26,2017-06-26 10:47:12
10:48:09,10:48:09,36.39,--,1,3639,中性盘,2017-06-26,2017-06-26 10:48:09
10:48:15,10:48:15,36.39,--,2,7278,买盘,2017-06-26,2017-06-26 10:48:15
10:48:18,10:48:18,36.35,-0.04,2,7270,卖盘,2017-06-26,2017-06-26 10:48:18
10:48:24,10:48:24,36.39,0.04,11,40029,买盘,2017-06-26,2017-06-26 10:48:24
10:48:30,10:48:30,36.39,--,39,141921,卖盘,2017-06-26,2017-06-26 10:48:30
10:48:36,10:48:36,36.35,-0.04,40,145400,卖盘,2017-06-26,2017-06-26 10:48:36
10:48:54,10:48:54,36.36,0.01,3,10908,中性盘,2017-06-26,2017-06-26 10:48:54
10:48:57,10:48:57,36.36,--,3,10908,买盘,2017-06-26,2017-06-26 10:48:57
10:49:03,10:49:03,36.35,-0.01,40,145400,卖盘,2017-06-26,2017-06-26 10:49:03
10:49:06,10:49:06,36.35,--,20,72700,卖盘,2017-06-26,2017-06-26 10:49:06
10:49:15,10:49:15,36.31,-0.04,24,87144,卖盘,2017-06-26,2017-06-26 10:49:15
10:49:36,10:49:36,36.31,--,2,10130,卖盘,2017-06-26,2017-06-26 10:49:36
10:49:48,10:49:48,36.36,0.05,51,186199,买盘,2017-06-26,2017-06-26 10:49:48
10:49:51,10:49:51,36.36,--,10,36360,卖盘,2017-06-26,2017-06-26 10:49:51
10:50:36,10:50:36,36.4,0.04,3,10920,买盘,2017-06-26,2017-06-26 10:50:36
10:50:54,10:50:54,36.4,--,9,32760,买盘,2017-06-26,2017-06-26 10:50:54
10:51:03,10:51:03,36.4,--,6,21840,买盘,2017-06-26,2017-06-26 10:51:03
10:51:27,10:51:27,36.4,--,50,182000,买盘,2017-06-26,2017-06-26 10:51:27
10:51:30,10:51:30,36.4,--,3,10920,买盘,2017-06-26,2017-06-26 10:51:30
10:52:06,10:52:06,36.37,-0.03,29,105472,卖盘,2017-06-26,2017-06-26 10:52:06
10:52:30,10:52:30,36.36,-0.01,24,87264,卖盘,2017-06-26,2017-06-26 10:52:30
10:52:48,10:52:48,36.36,--,229,835516,卖盘,2017-06-26,2017-06-26 10:52:48
10:54:54,10:54:54,36.37,0.01,3,10911,买盘,2017-06-26,2017-06-26 10:54:54
10:55:09,10:55:09,36.32,-0.05,6,21792,卖盘,2017-06-26,2017-06-26 10:55:09
10:55:45,10:55:45,36.36,0.04,8,29088,买盘,2017-06-26,2017-06-26 10:55:45
10:56:39,10:56:39,36.33,-0.03,11,39963,卖盘,2017-06-26,2017-06-26 10:56:39
10:56:57,10:56:57,36.28,-0.05,138,500664,卖盘,2017-06-26,2017-06-26 10:56:57
10:57:00,10:57:00,36.33,0.05,19,69027,买盘,2017-06-26,2017-06-26 10:57:00
10:57:21,10:57:21,36.33,--,30,108990,卖盘,2017-06-26,2017-06-26 10:57:21
10:58:36,10:58:36,36.36,0.03,100,363600,买盘,2017-06-26,2017-06-26 10:58:36
10:58:45,10:58:45,36.33,-0.03,3,10899,卖盘,2017-06-26,2017-06-26 10:58:45
10:58:57,10:58:57,36.36,0.03,1,3636,买盘,2017-06-26,2017-06-26 10:58:57
10:59:21,10:59:21,36.31,-0.05,21,76251,卖盘,2017-06-26,2017-06-26 10:59:21
10:59:39,10:59:39,36.36,0.05,4,14544,买盘,2017-06-26,2017-06-26 10:59:39
10:59:54,10:59:54,36.33,-0.03,1,3633,卖盘,2017-06-26,2017-06-26 10:59:54
11:00:54,11:00:54,36.33,--,103,374199,卖盘,2017-06-26,2017-06-26 11:00:54
11:01:03,11:01:03,36.37,0.04,12,43644,买盘,2017-06-26,2017-06-26 11:01:03
11:01:30,11:01:30,36.37,--,197,716489,买盘,2017-06-26,2017-06-26 11:01:30
11:01:54,11:01:54,36.39,0.02,1,3639,买盘,2017-06-26,2017-06-26 11:01:54
11:02:03,11:02:03,36.39,--,1,3639,买盘,2017-06-26,2017-06-26 11:02:03
11:02:06,11:02:06,36.37,-0.02,4,14547,卖盘,2017-06-26,2017-06-26 11:02:06
11:02:12,11:02:12,36.39,0.02,8,29112,买盘,2017-06-26,2017-06-26 11:02:12
11:02:33,11:02:33,36.39,--,23,83697,买盘,2017-06-26,2017-06-26 11:02:33
11:02:45,11:02:45,36.4,0.01,48,174720,买盘,2017-06-26,2017-06-26 11:02:45
11:03:03,11:03:03,36.4,--,2,7280,买盘,2017-06-26,2017-06-26 11:03:03
11:03:15,11:03:15,36.4,--,20,72800,买盘,2017-06-26,2017-06-26 11:03:15
11:03:24,11:03:24,36.43,0.03,23,83789,买盘,2017-06-26,2017-06-26 11:03:24
11:04:15,11:04:15,36.42,-0.01,20,72840,中性盘,2017-06-26,2017-06-26 11:04:15
11:04:36,11:04:36,36.41,-0.01,13,47332,卖盘,2017-06-26,2017-06-26 11:04:36
11:04:39,11:04:39,36.42,0.01,2,7284,买盘,2017-06-26,2017-06-26 11:04:39
11:05:00,11:05:00,36.42,--,39,142038,买盘,2017-06-26,2017-06-26 11:05:00
11:05:06,11:05:06,36.42,--,29,106382,买盘,2017-06-26,2017-06-26 11:05:06
11:05:21,11:05:21,36.42,--,40,145680,卖盘,2017-06-26,2017-06-26 11:05:21
11:05:36,11:05:36,36.43,0.01,10,36430,买盘,2017-06-26,2017-06-26 11:05:36
11:05:54,11:05:54,36.45,0.02,100,364500,买盘,2017-06-26,2017-06-26 11:05:54
11:06:24,11:06:24,36.46,0.01,34,123964,买盘,2017-06-26,2017-06-26 11:06:24
11:07:03,11:07:03,36.46,--,10,36460,卖盘,2017-06-26,2017-06-26 11:07:03
11:07:12,11:07:12,36.46,--,2,7292,卖盘,2017-06-26,2017-06-26 11:07:12
11:07:15,11:07:15,36.46,--,5,18230,买盘,2017-06-26,2017-06-26 11:07:15
11:07:39,11:07:39,36.43,-0.03,6,21858,卖盘,2017-06-26,2017-06-26 11:07:39
11:07:51,11:07:51,36.43,--,15,54645,卖盘,2017-06-26,2017-06-26 11:07:51
11:07:54,11:07:54,36.47,0.04,20,72940,买盘,2017-06-26,2017-06-26 11:07:54
11:08:27,11:08:27,36.42,-0.05,27,98334,卖盘,2017-06-26,2017-06-26 11:08:27
11:08:48,11:08:48,36.42,--,40,145680,卖盘,2017-06-26,2017-06-26 11:08:48
11:08:51,11:08:51,36.42,--,20,72840,卖盘,2017-06-26,2017-06-26 11:08:51
11:09:03,11:09:03,36.47,0.05,28,102480,买盘,2017-06-26,2017-06-26 11:09:03
11:09:15,11:09:15,36.48,0.01,1,6931,卖盘,2017-06-26,2017-06-26 11:09:15
11:10:27,11:10:27,36.48,--,2,7295,买盘,2017-06-26,2017-06-26 11:10:27
11:10:30,11:10:30,36.45,-0.03,78,284310,卖盘,2017-06-26,2017-06-26 11:10:30
11:10:33,11:10:33,36.48,0.03,25,91199,买盘,2017-06-26,2017-06-26 11:10:33
11:11:00,11:11:00,36.31,-0.17,77,279587,卖盘,2017-06-26,2017-06-26 11:11:00
11:11:12,11:11:12,36.42,0.11,1,3642,中性盘,2017-06-26,2017-06-26 11:11:12
11:11:27,11:11:27,36.31,-0.11,2,7262,卖盘,2017-06-26,2017-06-26 11:11:27
11:11:39,11:11:39,36.42,0.11,1,3642,买盘,2017-06-26,2017-06-26 11:11:39
11:11:51,11:11:51,36.42,--,4,14568,卖盘,2017-06-26,2017-06-26 11:11:51
11:12:36,11:12:36,36.31,-0.11,39,141609,卖盘,2017-06-26,2017-06-26 11:12:36
11:12:54,11:12:54,36.4,0.09,26,94640,买盘,2017-06-26,2017-06-26 11:12:54
11:13:27,11:13:27,36.32,-0.08,2,7264,中性盘,2017-06-26,2017-06-26 11:13:27
11:14:06,11:14:06,36.32,--,5,18160,卖盘,2017-06-26,2017-06-26 11:14:06
11:14:33,11:14:33,36.32,--,4,14528,卖盘,2017-06-26,2017-06-26 11:14:33
11:14:48,11:14:48,36.32,--,3,10896,买盘,2017-06-26,2017-06-26 11:14:48
11:15:03,11:15:03,36.31,-0.01,4,14524,卖盘,2017-06-26,2017-06-26 11:15:03
11:15:12,11:15:12,36.31,--,2,7262,卖盘,2017-06-26,2017-06-26 11:15:12
11:15:21,11:15:21,36.3,-0.01,20,72600,卖盘,2017-06-26,2017-06-26 11:15:21
11:15:24,11:15:24,36.3,--,30,111767,卖盘,2017-06-26,2017-06-26 11:15:24
11:15:33,11:15:33,36.3,--,11,39930,买盘,2017-06-26,2017-06-26 11:15:33
11:15:45,11:15:45,36.3,--,11,39930,买盘,2017-06-26,2017-06-26 11:15:45
11:15:51,11:15:51,36.3,--,2,7259,买盘,2017-06-26,2017-06-26 11:15:51
11:16:06,11:16:06,36.28,-0.02,5,18140,卖盘,2017-06-26,2017-06-26 11:16:06
11:16:24,11:16:24,36.28,--,10,36280,卖盘,2017-06-26,2017-06-26 11:16:24
11:16:30,11:16:30,36.27,-0.01,104,377208,卖盘,2017-06-26,2017-06-26 11:16:30
11:16:54,11:16:54,36.27,--,3,10881,买盘,2017-06-26,2017-06-26 11:16:54
11:17:00,11:17:00,36.23,-0.04,38,137674,卖盘,2017-06-26,2017-06-26 11:17:00
11:17:03,11:17:03,36.23,--,5,18115,买盘,2017-06-26,2017-06-26 11:17:03
11:17:09,11:17:09,36.2,-0.03,180,651600,卖盘,2017-06-26,2017-06-26 11:17:09
11:17:33,11:17:33,36.18,-0.02,3,10854,卖盘,2017-06-26,2017-06-26 11:17:33
11:17:36,11:17:36,36.16,-0.02,1,3615,卖盘,2017-06-26,2017-06-26 11:17:36
11:17:48,11:17:48,36.2,0.04,12,43440,买盘,2017-06-26,2017-06-26 11:17:48
11:18:18,11:18:18,36.2,--,18,65160,买盘,2017-06-26,2017-06-26 11:18:18
11:18:33,11:18:33,36.2,--,1,3620,卖盘,2017-06-26,2017-06-26 11:18:33
11:18:42,11:18:42,36.23,0.03,20,72460,买盘,2017-06-26,2017-06-26 11:18:42
11:18:45,11:18:45,36.2,-0.03,30,108600,卖盘,2017-06-26,2017-06-26 11:18:45
11:18:51,11:18:51,36.22,0.02,6,21732,中性盘,2017-06-26,2017-06-26 11:18:51
11:18:54,11:18:54,36.29,0.07,3,10887,买盘,2017-06-26,2017-06-26 11:18:54
11:19:00,11:19:00,36.2,-0.09,5,18100,卖盘,2017-06-26,2017-06-26 11:19:00
11:19:03,11:19:03,36.3,0.1,276,1001879,买盘,2017-06-26,2017-06-26 11:19:03
11:19:30,11:19:30,36.3,--,50,181500,买盘,2017-06-26,2017-06-26 11:19:30
11:20:00,11:20:00,36.3,--,5,18912,买盘,2017-06-26,2017-06-26 11:20:00
11:20:57,11:20:57,36.3,--,23,83490,卖盘,2017-06-26,2017-06-26 11:20:57
11:21:00,11:21:00,36.3,--,2,7259,卖盘,2017-06-26,2017-06-26 11:21:00
11:21:36,11:21:36,36.2,-0.1,76,275120,卖盘,2017-06-26,2017-06-26 11:21:36
11:22:12,11:22:12,36.2,--,73,267119,卖盘,2017-06-26,2017-06-26 11:22:12
11:22:18,11:22:18,36.2,--,1,3620,买盘,2017-06-26,2017-06-26 11:22:18
11:22:27,11:22:27,36.2,--,93,336660,买盘,2017-06-26,2017-06-26 11:22:27
11:22:33,11:22:33,36.2,--,5,18100,买盘,2017-06-26,2017-06-26 11:22:33
11:22:39,11:22:39,36.2,--,3,11620,买盘,2017-06-26,2017-06-26 11:22:39
11:22:54,11:22:54,36.32,0.12,2,7264,买盘,2017-06-26,2017-06-26 11:22:54
11:24:12,11:24:12,36.32,--,26,94432,买盘,2017-06-26,2017-06-26 11:24:12
11:24:24,11:24:24,36.32,--,4,14528,买盘,2017-06-26,2017-06-26 11:24:24
11:24:48,11:24:48,36.35,0.03,1,3635,中性盘,2017-06-26,2017-06-26 11:24:48
11:25:27,11:25:27,36.37,0.02,40,145480,买盘,2017-06-26,2017-06-26 11:25:27
11:25:30,11:25:30,36.32,-0.05,5,18160,卖盘,2017-06-26,2017-06-26 11:25:30
11:25:54,11:25:54,36.37,0.05,24,87288,买盘,2017-06-26,2017-06-26 11:25:54
11:26:06,11:26:06,36.37,--,9,32732,买盘,2017-06-26,2017-06-26 11:26:06
11:26:12,11:26:12,36.37,--,8,29095,买盘,2017-06-26,2017-06-26 11:26:12
11:26:39,11:26:39,36.37,--,5,18185,买盘,2017-06-26,2017-06-26 11:26:39
11:26:45,11:26:45,36.37,--,4,14547,买盘,2017-06-26,2017-06-26 11:26:45
11:26:54,11:26:54,36.37,--,6,21822,买盘,2017-06-26,2017-06-26 11:26:54
11:27:00,11:27:00,36.37,--,2,7273,买盘,2017-06-26,2017-06-26 11:27:00
11:27:12,11:27:12,36.37,--,3,10911,买盘,2017-06-26,2017-06-26 11:27:12
11:27:39,11:27:39,36.37,--,2,7273,买盘,2017-06-26,2017-06-26 11:27:39
11:28:45,11:28:45,36.37,--,7,25459,买盘,2017-06-26,2017-06-26 11:28:45
11:28:51,11:28:51,36.33,-0.04,17,61761,卖盘,2017-06-26,2017-06-26 11:28:51
11:30:03,11:30:03,36.33,--,0,0,买盘,2017-06-26,2017-06-26 11:30:03
13:00:03,13:00:03,36.33,--,28,101724,买盘,2017-06-26,2017-06-26 13:00:03
13:00:06,13:00:06,36.24,-0.09,154,558096,卖盘,2017-06-26,2017-06-26 13:00:06
13:00:24,13:00:24,36.29,0.05,2,7258,买盘,2017-06-26,2017-06-26 13:00:24
13:00:27,13:00:27,36.24,-0.05,1,3624,卖盘,2017-06-26,2017-06-26 13:00:27
13:00:42,13:00:42,36.27,0.03,5,18135,中性盘,2017-06-26,2017-06-26 13:00:42
13:01:00,13:01:00,36.27,--,6,21762,买盘,2017-06-26,2017-06-26 13:01:00
13:01:03,13:01:03,36.24,-0.03,18,65232,卖盘,2017-06-26,2017-06-26 13:01:03
13:01:06,13:01:06,36.24,--,5,18120,卖盘,2017-06-26,2017-06-26 13:01:06
13:01:18,13:01:18,36.24,--,24,90237,卖盘,2017-06-26,2017-06-26 13:01:18
13:01:45,13:01:45,36.22,-0.02,47,170596,卖盘,2017-06-26,2017-06-26 13:01:45
13:02:00,13:02:00,36.25,0.03,23,83375,买盘,2017-06-26,2017-06-26 13:02:00
13:02:03,13:02:03,36.2,-0.05,144,524538,卖盘,2017-06-26,2017-06-26 13:02:03
13:02:12,13:02:12,36.23,0.03,2,7245,中性盘,2017-06-26,2017-06-26 13:02:12
13:02:18,13:02:18,36.22,-0.01,10,36220,卖盘,2017-06-26,2017-06-26 13:02:18
13:02:57,13:02:57,36.23,0.01,2,7245,买盘,2017-06-26,2017-06-26 13:02:57
13:03:06,13:03:06,36.21,-0.02,1,3621,卖盘,2017-06-26,2017-06-26 13:03:06
13:03:09,13:03:09,36.21,--,1,3621,卖盘,2017-06-26,2017-06-26 13:03:09
13:03:12,13:03:12,36.21,--,9,32589,卖盘,2017-06-26,2017-06-26 13:03:12
13:03:39,13:03:39,36.21,--,8,28968,卖盘,2017-06-26,2017-06-26 13:03:39
13:03:48,13:03:48,36.21,--,1,3621,卖盘,2017-06-26,2017-06-26 13:03:48
13:03:51,13:03:51,36.21,--,2,7242,卖盘,2017-06-26,2017-06-26 13:03:51
13:04:06,13:04:06,36.2,-0.01,1,3620,卖盘,2017-06-26,2017-06-26 13:04:06
13:04:09,13:04:09,36.21,0.01,1,3621,买盘,2017-06-26,2017-06-26 13:04:09
13:04:21,13:04:21,36.23,0.02,1,3622,买盘,2017-06-26,2017-06-26 13:04:21
13:04:51,13:04:51,36.23,--,18,65213,买盘,2017-06-26,2017-06-26 13:04:51
13:04:57,13:04:57,36.23,--,2,7245,买盘,2017-06-26,2017-06-26 13:04:57
13:05:09,13:05:09,36.21,-0.02,3,10863,卖盘,2017-06-26,2017-06-26 13:05:09
13:05:18,13:05:18,36.21,--,1,3621,卖盘,2017-06-26,2017-06-26 13:05:18
13:05:27,13:05:27,36.21,--,10,36210,卖盘,2017-06-26,2017-06-26 13:05:27
13:06:00,13:06:00,36.2,-0.01,10,36200,卖盘,2017-06-26,2017-06-26 13:06:00
13:06:27,13:06:27,36.2,--,4,14480,卖盘,2017-06-26,2017-06-26 13:06:27
13:06:45,13:06:45,36.2,--,44,159280,卖盘,2017-06-26,2017-06-26 13:06:45
13:06:48,13:06:48,36.2,--,71,257020,卖盘,2017-06-26,2017-06-26 13:06:48
13:06:51,13:06:51,36.18,-0.02,36,133468,卖盘,2017-06-26,2017-06-26 13:06:51
13:07:24,13:07:24,36.18,--,3,10854,买盘,2017-06-26,2017-06-26 13:07:24
13:07:30,13:07:30,36.11,-0.07,247,891917,卖盘,2017-06-26,2017-06-26 13:07:30
13:07:39,13:07:39,36.11,--,4,14444,买盘,2017-06-26,2017-06-26 13:07:39
13:07:42,13:07:42,36.1,-0.01,6,21660,卖盘,2017-06-26,2017-06-26 13:07:42
13:07:45,13:07:45,36.1,--,28,101080,卖盘,2017-06-26,2017-06-26 13:07:45
13:07:48,13:07:48,36.1,--,28,101080,卖盘,2017-06-26,2017-06-26 13:07:48
13:07:57,13:07:57,36.1,--,149,538287,卖盘,2017-06-26,2017-06-26 13:07:57
13:08:00,13:08:00,36.1,--,2,7220,卖盘,2017-06-26,2017-06-26 13:08:00
13:08:03,13:08:03,36.19,0.09,12,43428,买盘,2017-06-26,2017-06-26 13:08:03
13:08:09,13:08:09,36.11,-0.08,22,79442,卖盘,2017-06-26,2017-06-26 13:08:09
13:08:21,13:08:21,36.11,--,8,28888,卖盘,2017-06-26,2017-06-26 13:08:21
13:08:36,13:08:36,36.11,--,1,3611,卖盘,2017-06-26,2017-06-26 13:08:36
13:08:42,13:08:42,36.11,--,6,21666,卖盘,2017-06-26,2017-06-26 13:08:42
13:08:45,13:08:45,36.11,--,5,18055,买盘,2017-06-26,2017-06-26 13:08:45
13:08:54,13:08:54,36.11,--,1,3611,买盘,2017-06-26,2017-06-26 13:08:54
13:09:09,13:09:09,36.11,--,11,39721,卖盘,2017-06-26,2017-06-26 13:09:09
13:09:12,13:09:12,36.11,--,5,18055,卖盘,2017-06-26,2017-06-26 13:09:12
13:09:42,13:09:42,36.12,0.01,3,10836,中性盘,2017-06-26,2017-06-26 13:09:42
13:09:51,13:09:51,36.12,--,26,93912,卖盘,2017-06-26,2017-06-26 13:09:51
13:09:54,13:09:54,36.11,-0.01,14,50554,卖盘,2017-06-26,2017-06-26 13:09:54
13:10:12,13:10:12,36.12,0.01,4,14447,买盘,2017-06-26,2017-06-26 13:10:12
13:10:18,13:10:18,36.12,--,1,3611,卖盘,2017-06-26,2017-06-26 13:10:18
13:10:21,13:10:21,36.17,0.05,1,3617,买盘,2017-06-26,2017-06-26 13:10:21
13:10:30,13:10:30,36.17,--,32,115744,卖盘,2017-06-26,2017-06-26 13:10:30
13:10:48,13:10:48,36.17,--,2,7234,买盘,2017-06-26,2017-06-26 13:10:48
13:10:51,13:10:51,36.17,--,52,188084,卖盘,2017-06-26,2017-06-26 13:10:51
13:11:27,13:11:27,36.17,--,82,296594,卖盘,2017-06-26,2017-06-26 13:11:27
13:11:30,13:11:30,36.2,0.03,105,380100,买盘,2017-06-26,2017-06-26 13:11:30
13:11:42,13:11:42,36.19,-0.01,1,3619,中性盘,2017-06-26,2017-06-26 13:11:42
13:11:48,13:11:48,36.2,0.01,30,108600,买盘,2017-06-26,2017-06-26 13:11:48
13:11:54,13:11:54,36.2,--,25,90500,卖盘,2017-06-26,2017-06-26 13:11:54
13:12:00,13:12:00,36.2,--,4,14480,卖盘,2017-06-26,2017-06-26 13:12:00
13:12:06,13:12:06,36.17,-0.03,60,217020,卖盘,2017-06-26,2017-06-26 13:12:06
13:12:12,13:12:12,36.21,0.04,12,43452,买盘,2017-06-26,2017-06-26 13:12:12
13:12:27,13:12:27,36.21,--,5,18105,买盘,2017-06-26,2017-06-26 13:12:27
13:12:42,13:12:42,36.21,--,10,36210,中性盘,2017-06-26,2017-06-26 13:12:42
13:12:48,13:12:48,36.2,-0.01,37,133940,卖盘,2017-06-26,2017-06-26 13:12:48
13:12:54,13:12:54,36.2,--,2,7240,买盘,2017-06-26,2017-06-26 13:12:54
13:13:24,13:13:24,36.2,--,1,3620,买盘,2017-06-26,2017-06-26 13:13:24
13:13:45,13:13:45,36.2,--,1,3620,买盘,2017-06-26,2017-06-26 13:13:45
13:14:15,13:14:15,36.18,-0.02,3,10854,卖盘,2017-06-26,2017-06-26 13:14:15
13:14:39,13:14:39,36.18,--,8,28944,中性盘,2017-06-26,2017-06-26 13:14:39
13:14:45,13:14:45,36.17,-0.01,19,68723,卖盘,2017-06-26,2017-06-26 13:14:45
13:15:03,13:15:03,36.17,--,29,104893,卖盘,2017-06-26,2017-06-26 13:15:03
13:15:39,13:15:39,36.17,--,4,14468,买盘,2017-06-26,2017-06-26 13:15:39
13:15:48,13:15:48,36.13,-0.04,51,184263,卖盘,2017-06-26,2017-06-26 13:15:48
13:15:51,13:15:51,36.13,--,12,43356,卖盘,2017-06-26,2017-06-26 13:15:51
13:16:18,13:16:18,36.11,-0.02,113,408043,卖盘,2017-06-26,2017-06-26 13:16:18
13:16:30,13:16:30,36.11,--,1,3611,卖盘,2017-06-26,2017-06-26 13:16:30
13:16:33,13:16:33,36.11,--,10,36110,卖盘,2017-06-26,2017-06-26 13:16:33
13:16:39,13:16:39,36.13,0.02,4,14452,买盘,2017-06-26,2017-06-26 13:16:39
13:16:48,13:16:48,36.12,-0.01,3,10836,卖盘,2017-06-26,2017-06-26 13:16:48
13:16:51,13:16:51,36.11,-0.01,3,10833,卖盘,2017-06-26,2017-06-26 13:16:51
13:17:00,13:17:00,36.11,--,5,18055,卖盘,2017-06-26,2017-06-26 13:17:00
13:17:12,13:17:12,36.11,--,1,3611,卖盘,2017-06-26,2017-06-26 13:17:12
13:17:15,13:17:15,36.11,--,6,21666,卖盘,2017-06-26,2017-06-26 13:17:15
13:17:18,13:17:18,36.12,0.01,2,7223,买盘,2017-06-26,2017-06-26 13:17:18
13:17:21,13:17:21,36.12,--,23,83076,买盘,2017-06-26,2017-06-26 13:17:21
13:17:33,13:17:33,36.12,--,1,3611,卖盘,2017-06-26,2017-06-26 13:17:33
13:17:45,13:17:45,36.11,-0.01,125,451375,卖盘,2017-06-26,2017-06-26 13:17:45
13:18:21,13:18:21,36.12,0.01,5,18060,中性盘,2017-06-26,2017-06-26 13:18:21
13:18:30,13:18:30,36.17,0.05,5,18085,买盘,2017-06-26,2017-06-26 13:18:30
13:18:33,13:18:33,36.17,--,1,3617,买盘,2017-06-26,2017-06-26 13:18:33
13:18:42,13:18:42,36.11,-0.06,100,361100,卖盘,2017-06-26,2017-06-26 13:18:42
13:18:51,13:18:51,36.19,0.08,100,361900,买盘,2017-06-26,2017-06-26 13:18:51
13:18:57,13:18:57,36.11,-0.08,36,129996,卖盘,2017-06-26,2017-06-26 13:18:57
13:19:09,13:19:09,36.2,0.09,150,543000,买盘,2017-06-26,2017-06-26 13:19:09
13:19:42,13:19:42,36.2,--,6,21720,买盘,2017-06-26,2017-06-26 13:19:42
13:19:54,13:19:54,36.2,--,1,3620,买盘,2017-06-26,2017-06-26 13:19:54
13:20:09,13:20:09,36.2,--,4,14480,卖盘,2017-06-26,2017-06-26 13:20:09
13:20:12,13:20:12,36.2,--,7,25340,中性盘,2017-06-26,2017-06-26 13:20:12
13:20:42,13:20:42,36.12,-0.08,11,39732,卖盘,2017-06-26,2017-06-26 13:20:42
13:21:00,13:21:00,36.12,--,4,14447,买盘,2017-06-26,2017-06-26 13:21:00
13:21:03,13:21:03,36.12,--,2,7223,买盘,2017-06-26,2017-06-26 13:21:03
13:21:06,13:21:06,36.12,--,13,46956,买盘,2017-06-26,2017-06-26 13:21:06
13:21:30,13:21:30,36.28,0.16,32,116096,买盘,2017-06-26,2017-06-26 13:21:30
13:21:54,13:21:54,36.28,--,2,7256,卖盘,2017-06-26,2017-06-26 13:21:54
13:22:03,13:22:03,36.29,0.01,58,210482,买盘,2017-06-26,2017-06-26 13:22:03
13:22:06,13:22:06,36.29,--,1,3629,卖盘,2017-06-26,2017-06-26 13:22:06
13:22:15,13:22:15,36.29,--,9,32661,卖盘,2017-06-26,2017-06-26 13:22:15
13:22:24,13:22:24,36.29,--,20,72580,卖盘,2017-06-26,2017-06-26 13:22:24
13:22:27,13:22:27,36.3,0.01,10,36300,买盘,2017-06-26,2017-06-26 13:22:27
13:23:12,13:23:12,36.3,--,168,609840,买盘,2017-06-26,2017-06-26 13:23:12
13:23:39,13:23:39,36.3,--,2,7259,买盘,2017-06-26,2017-06-26 13:23:39
13:23:42,13:23:42,36.29,-0.01,3,10887,卖盘,2017-06-26,2017-06-26 13:23:42
13:23:45,13:23:45,36.29,--,3,10887,买盘,2017-06-26,2017-06-26 13:23:45
13:25:00,13:25:00,36.29,--,5,18145,买盘,2017-06-26,2017-06-26 13:25:00
13:25:06,13:25:06,36.21,-0.08,2,7242,卖盘,2017-06-26,2017-06-26 13:25:06
13:25:09,13:25:09,36.23,0.02,14,50721,中性盘,2017-06-26,2017-06-26 13:25:09
13:25:24,13:25:24,36.3,0.07,13,47189,买盘,2017-06-26,2017-06-26 13:25:24
13:25:45,13:25:45,36.29,-0.01,2,7258,中性盘,2017-06-26,2017-06-26 13:25:45
13:25:57,13:25:57,36.23,-0.06,11,39853,卖盘,2017-06-26,2017-06-26 13:25:57
13:26:03,13:26:03,36.3,0.07,12,43560,买盘,2017-06-26,2017-06-26 13:26:03
13:26:54,13:26:54,36.29,-0.01,5,18145,中性盘,2017-06-26,2017-06-26 13:26:54
13:27:09,13:27:09,36.29,--,3,10887,买盘,2017-06-26,2017-06-26 13:27:09
13:27:36,13:27:36,36.29,--,20,72580,买盘,2017-06-26,2017-06-26 13:27:36
13:28:06,13:28:06,36.29,--,2,7258,买盘,2017-06-26,2017-06-26 13:28:06
13:29:00,13:29:00,36.23,-0.06,29,105066,卖盘,2017-06-26,2017-06-26 13:29:00
13:29:03,13:29:03,36.23,--,15,54344,买盘,2017-06-26,2017-06-26 13:29:03
13:29:24,13:29:24,36.23,--,20,72460,买盘,2017-06-26,2017-06-26 13:29:24
13:29:27,13:29:27,36.23,--,4,14491,买盘,2017-06-26,2017-06-26 13:29:27
13:29:36,13:29:36,36.31,0.08,54,196364,买盘,2017-06-26,2017-06-26 13:29:36
13:29:51,13:29:51,36.31,--,4,17864,卖盘,2017-06-26,2017-06-26 13:29:51
13:29:54,13:29:54,36.35,0.04,25,90875,买盘,2017-06-26,2017-06-26 13:29:54
13:31:18,13:31:18,36.35,--,35,127515,买盘,2017-06-26,2017-06-26 13:31:18
13:31:30,13:31:30,36.38,0.03,40,145520,买盘,2017-06-26,2017-06-26 13:31:30
13:31:51,13:31:51,36.39,0.01,5,18195,买盘,2017-06-26,2017-06-26 13:31:51
13:32:00,13:32:00,36.39,--,10,36390,卖盘,2017-06-26,2017-06-26 13:32:00
13:32:06,13:32:06,36.4,0.01,8,29120,买盘,2017-06-26,2017-06-26 13:32:06
13:32:30,13:32:30,36.5,0.1,100,365000,买盘,2017-06-26,2017-06-26 13:32:30
13:32:39,13:32:39,36.5,--,10,36500,买盘,2017-06-26,2017-06-26 13:32:39
13:32:45,13:32:45,36.44,-0.06,11,40084,卖盘,2017-06-26,2017-06-26 13:32:45
13:32:48,13:32:48,36.5,0.06,185,675250,买盘,2017-06-26,2017-06-26 13:32:48
13:32:57,13:32:57,36.5,--,5,18250,卖盘,2017-06-26,2017-06-26 13:32:57
13:33:06,13:33:06,36.5,--,95,346750,买盘,2017-06-26,2017-06-26 13:33:06
13:33:21,13:33:21,36.53,0.03,1,3653,买盘,2017-06-26,2017-06-26 13:33:21
13:33:27,13:33:27,36.53,--,41,149773,买盘,2017-06-26,2017-06-26 13:33:27
13:33:30,13:33:30,36.5,-0.03,20,73000,卖盘,2017-06-26,2017-06-26 13:33:30
13:33:45,13:33:45,36.5,--,101,368650,买盘,2017-06-26,2017-06-26 13:33:45
13:33:57,13:33:57,36.5,--,5,18250,卖盘,2017-06-26,2017-06-26 13:33:57
13:34:00,13:34:00,36.54,0.04,35,127890,买盘,2017-06-26,2017-06-26 13:34:00
13:34:09,13:34:09,36.54,--,4,14616,买盘,2017-06-26,2017-06-26 13:34:09
13:34:12,13:34:12,36.53,-0.01,20,73060,卖盘,2017-06-26,2017-06-26 13:34:12
13:34:18,13:34:18,36.54,0.01,1,3654,中性盘,2017-06-26,2017-06-26 13:34:18
13:34:24,13:34:24,36.55,0.01,37,135235,买盘,2017-06-26,2017-06-26 13:34:24
13:34:27,13:34:27,36.54,-0.01,40,146160,卖盘,2017-06-26,2017-06-26 13:34:27
13:34:30,13:34:30,36.54,--,31,113274,卖盘,2017-06-26,2017-06-26 13:34:30
13:34:39,13:34:39,36.55,0.01,2,7309,买盘,2017-06-26,2017-06-26 13:34:39
13:34:42,13:34:42,36.54,-0.01,140,511560,卖盘,2017-06-26,2017-06-26 13:34:42
13:34:48,13:34:48,36.54,--,8,29232,买盘,2017-06-26,2017-06-26 13:34:48
13:35:03,13:35:03,36.53,-0.01,2,7306,卖盘,2017-06-26,2017-06-26 13:35:03
13:35:06,13:35:06,36.5,-0.03,21,76650,卖盘,2017-06-26,2017-06-26 13:35:06
13:35:21,13:35:21,36.5,--,21,76650,卖盘,2017-06-26,2017-06-26 13:35:21
13:35:39,13:35:39,36.41,-0.09,5,18205,卖盘,2017-06-26,2017-06-26 13:35:39
13:35:42,13:35:42,36.4,-0.01,12,43680,卖盘,2017-06-26,2017-06-26 13:35:42
13:35:45,13:35:45,36.37,-0.03,27,98199,卖盘,2017-06-26,2017-06-26 13:35:45
13:36:06,13:36:06,36.3,-0.07,10,36300,卖盘,2017-06-26,2017-06-26 13:36:06
13:36:12,13:36:12,36.3,--,7,25409,卖盘,2017-06-26,2017-06-26 13:36:12
13:36:18,13:36:18,36.28,-0.02,10,36280,卖盘,2017-06-26,2017-06-26 13:36:18
13:36:24,13:36:24,36.28,--,25,90700,卖盘,2017-06-26,2017-06-26 13:36:24
13:36:36,13:36:36,36.26,-0.02,10,36260,卖盘,2017-06-26,2017-06-26 13:36:36
13:37:00,13:37:00,36.36,0.1,1,3636,买盘,2017-06-26,2017-06-26 13:37:00
13:37:21,13:37:21,36.36,--,8,29088,买盘,2017-06-26,2017-06-26 13:37:21
13:37:36,13:37:36,36.36,--,3,10908,买盘,2017-06-26,2017-06-26 13:37:36
13:38:36,13:38:36,36.28,-0.08,7,25396,卖盘,2017-06-26,2017-06-26 13:38:36
13:38:57,13:38:57,36.36,0.08,60,218160,买盘,2017-06-26,2017-06-26 13:38:57
13:39:03,13:39:03,36.27,-0.09,55,199485,卖盘,2017-06-26,2017-06-26 13:39:03
13:39:33,13:39:33,36.36,0.09,28,101808,买盘,2017-06-26,2017-06-26 13:39:33
13:39:42,13:39:42,36.3,-0.06,3,10890,卖盘,2017-06-26,2017-06-26 13:39:42
13:39:45,13:39:45,36.27,-0.03,9,32643,卖盘,2017-06-26,2017-06-26 13:39:45
13:40:27,13:40:27,36.27,--,66,239382,买盘,2017-06-26,2017-06-26 13:40:27
13:40:33,13:40:33,36.26,-0.01,16,58016,卖盘,2017-06-26,2017-06-26 13:40:33
13:40:39,13:40:39,36.25,-0.01,23,83375,卖盘,2017-06-26,2017-06-26 13:40:39
13:40:45,13:40:45,36.25,--,1,3625,买盘,2017-06-26,2017-06-26 13:40:45
13:40:54,13:40:54,36.24,-0.01,10,36240,卖盘,2017-06-26,2017-06-26 13:40:54
13:40:57,13:40:57,36.23,-0.01,2,7245,卖盘,2017-06-26,2017-06-26 13:40:57
13:41:12,13:41:12,36.2,-0.03,19,68780,卖盘,2017-06-26,2017-06-26 13:41:12
13:41:30,13:41:30,36.18,-0.02,75,271350,卖盘,2017-06-26,2017-06-26 13:41:30
13:41:33,13:41:33,36.18,--,6,21708,卖盘,2017-06-26,2017-06-26 13:41:33
13:41:36,13:41:36,36.17,-0.01,43,155531,卖盘,2017-06-26,2017-06-26 13:41:36
13:41:39,13:41:39,36.17,--,6,21702,买盘,2017-06-26,2017-06-26 13:41:39
13:41:45,13:41:45,36.16,-0.01,12,43391,卖盘,2017-06-26,2017-06-26 13:41:45
13:41:48,13:41:48,36.16,--,3,10847,买盘,2017-06-26,2017-06-26 13:41:48
13:42:18,13:42:18,36.16,--,20,72320,卖盘,2017-06-26,2017-06-26 13:42:18
13:42:42,13:42:42,36.19,0.03,100,361900,中性盘,2017-06-26,2017-06-26 13:42:42
13:43:06,13:43:06,36.24,0.05,3,10872,买盘,2017-06-26,2017-06-26 13:43:06
13:43:12,13:43:12,36.26,0.02,11,39886,买盘,2017-06-26,2017-06-26 13:43:12
13:43:27,13:43:27,36.26,--,3,10878,买盘,2017-06-26,2017-06-26 13:43:27
13:43:36,13:43:36,36.24,-0.02,25,90600,卖盘,2017-06-26,2017-06-26 13:43:36
13:43:39,13:43:39,36.24,--,22,79728,买盘,2017-06-26,2017-06-26 13:43:39
13:43:42,13:43:42,36.24,--,52,188448,买盘,2017-06-26,2017-06-26 13:43:42
13:43:45,13:43:45,36.24,--,3,10872,买盘,2017-06-26,2017-06-26 13:43:45
13:43:48,13:43:48,36.18,-0.06,13,47034,卖盘,2017-06-26,2017-06-26 13:43:48
13:44:09,13:44:09,36.19,0.01,56,202664,中性盘,2017-06-26,2017-06-26 13:44:09
13:44:12,13:44:12,36.19,--,18,65141,卖盘,2017-06-26,2017-06-26 13:44:12
13:44:15,13:44:15,36.19,--,2,7238,买盘,2017-06-26,2017-06-26 13:44:15
13:44:18,13:44:18,36.24,0.05,4,14496,买盘,2017-06-26,2017-06-26 13:44:18
13:44:27,13:44:27,36.19,-0.05,50,180950,卖盘,2017-06-26,2017-06-26 13:44:27
13:44:33,13:44:33,36.18,-0.01,12,43416,卖盘,2017-06-26,2017-06-26 13:44:33
13:44:36,13:44:36,36.19,0.01,3,10857,买盘,2017-06-26,2017-06-26 13:44:36
13:44:42,13:44:42,36.19,--,1,3619,买盘,2017-06-26,2017-06-26 13:44:42
13:44:45,13:44:45,36.18,-0.01,7,25326,卖盘,2017-06-26,2017-06-26 13:44:45
13:44:51,13:44:51,36.19,0.01,111,401709,买盘,2017-06-26,2017-06-26 13:44:51
13:45:18,13:45:18,36.24,0.05,3,10872,买盘,2017-06-26,2017-06-26 13:45:18
13:45:48,13:45:48,36.24,--,1,3624,买盘,2017-06-26,2017-06-26 13:45:48
13:45:57,13:45:57,36.24,--,10,36240,买盘,2017-06-26,2017-06-26 13:45:57
13:46:06,13:46:06,36.24,--,1,3624,买盘,2017-06-26,2017-06-26 13:46:06
13:46:15,13:46:15,36.24,--,20,72480,买盘,2017-06-26,2017-06-26 13:46:15
13:46:24,13:46:24,36.22,-0.02,7,25354,中性盘,2017-06-26,2017-06-26 13:46:24
13:46:42,13:46:42,36.22,--,1,3622,卖盘,2017-06-26,2017-06-26 13:46:42
13:47:00,13:47:00,36.26,0.04,50,181300,买盘,2017-06-26,2017-06-26 13:47:00
13:47:06,13:47:06,36.24,-0.02,1,3624,中性盘,2017-06-26,2017-06-26 13:47:06
13:47:21,13:47:21,36.24,--,1,3624,卖盘,2017-06-26,2017-06-26 13:47:21
13:47:27,13:47:27,36.24,--,1,3624,卖盘,2017-06-26,2017-06-26 13:47:27
13:47:45,13:47:45,36.24,--,20,72480,买盘,2017-06-26,2017-06-26 13:47:45
13:48:06,13:48:06,36.24,--,6,21744,买盘,2017-06-26,2017-06-26 13:48:06
13:48:09,13:48:09,36.23,-0.01,7,25360,卖盘,2017-06-26,2017-06-26 13:48:09
13:48:12,13:48:12,36.23,--,11,39853,买盘,2017-06-26,2017-06-26 13:48:12
13:48:18,13:48:18,36.23,--,17,61590,买盘,2017-06-26,2017-06-26 13:48:18
13:48:21,13:48:21,36.23,--,4,14491,卖盘,2017-06-26,2017-06-26 13:48:21
13:48:27,13:48:27,36.23,--,3,10868,卖盘,2017-06-26,2017-06-26 13:48:27
13:48:36,13:48:36,36.23,--,7,25360,卖盘,2017-06-26,2017-06-26 13:48:36
13:48:45,13:48:45,36.28,0.05,47,170516,买盘,2017-06-26,2017-06-26 13:48:45
13:48:51,13:48:51,36.23,-0.05,3,10868,卖盘,2017-06-26,2017-06-26 13:48:51
13:49:00,13:49:00,36.23,--,14,50721,卖盘,2017-06-26,2017-06-26 13:49:00
13:49:09,13:49:09,36.23,--,5,18115,卖盘,2017-06-26,2017-06-26 13:49:09
13:49:18,13:49:18,36.24,0.01,1,3624,中性盘,2017-06-26,2017-06-26 13:49:18
13:49:27,13:49:27,36.24,--,20,72480,卖盘,2017-06-26,2017-06-26 13:49:27
13:49:33,13:49:33,36.25,0.01,1,3625,中性盘,2017-06-26,2017-06-26 13:49:33
13:49:39,13:49:39,36.25,--,6,21750,卖盘,2017-06-26,2017-06-26 13:49:39
13:49:57,13:49:57,36.25,--,2,7250,卖盘,2017-06-26,2017-06-26 13:49:57
13:50:15,13:50:15,36.25,--,5,18125,卖盘,2017-06-26,2017-06-26 13:50:15
13:50:18,13:50:18,36.35,0.1,20,72700,买盘,2017-06-26,2017-06-26 13:50:18
13:50:27,13:50:27,36.36,0.01,10,36360,买盘,2017-06-26,2017-06-26 13:50:27
13:50:30,13:50:30,36.26,-0.1,8,29008,中性盘,2017-06-26,2017-06-26 13:50:30
13:50:33,13:50:33,36.25,-0.01,44,159500,卖盘,2017-06-26,2017-06-26 13:50:33
13:50:45,13:50:45,36.25,--,18,65250,卖盘,2017-06-26,2017-06-26 13:50:45
13:50:54,13:50:54,36.27,0.02,6,21762,中性盘,2017-06-26,2017-06-26 13:50:54
13:51:03,13:51:03,36.36,0.09,20,72720,买盘,2017-06-26,2017-06-26 13:51:03
13:51:09,13:51:09,36.3,-0.06,2,7259,卖盘,2017-06-26,2017-06-26 13:51:09
13:51:15,13:51:15,36.28,-0.02,6,21768,卖盘,2017-06-26,2017-06-26 13:51:15
13:51:24,13:51:24,36.28,--,2,7256,卖盘,2017-06-26,2017-06-26 13:51:24
13:51:33,13:51:33,36.3,0.02,2,7259,中性盘,2017-06-26,2017-06-26 13:51:33
13:51:39,13:51:39,36.3,--,11,39930,卖盘,2017-06-26,2017-06-26 13:51:39
13:51:48,13:51:48,36.36,0.06,43,156348,买盘,2017-06-26,2017-06-26 13:51:48
13:51:57,13:51:57,36.3,-0.06,16,58079,卖盘,2017-06-26,2017-06-26 13:51:57
13:52:12,13:52:12,36.3,--,5,18150,卖盘,2017-06-26,2017-06-26 13:52:12
13:52:27,13:52:27,36.3,--,2,7259,卖盘,2017-06-26,2017-06-26 13:52:27
13:52:48,13:52:48,36.3,--,16,58079,卖盘,2017-06-26,2017-06-26 13:52:48
13:53:00,13:53:00,36.3,--,5,18150,卖盘,2017-06-26,2017-06-26 13:53:00
13:53:09,13:53:09,36.3,--,6,21780,卖盘,2017-06-26,2017-06-26 13:53:09
13:53:18,13:53:18,36.26,-0.04,1,3626,卖盘,2017-06-26,2017-06-26 13:53:18
13:53:33,13:53:33,36.31,0.05,1,3631,中性盘,2017-06-26,2017-06-26 13:53:33
13:53:42,13:53:42,36.37,0.06,2,7273,买盘,2017-06-26,2017-06-26 13:53:42
13:53:57,13:53:57,36.32,-0.05,1,3632,卖盘,2017-06-26,2017-06-26 13:53:57
13:54:12,13:54:12,36.32,--,103,374096,卖盘,2017-06-26,2017-06-26 13:54:12
13:54:21,13:54:21,36.26,-0.06,31,112406,卖盘,2017-06-26,2017-06-26 13:54:21
13:54:27,13:54:27,36.4,0.14,100,364000,买盘,2017-06-26,2017-06-26 13:54:27
13:54:30,13:54:30,36.32,-0.08,9,32688,卖盘,2017-06-26,2017-06-26 13:54:30
13:54:36,13:54:36,36.25,-0.07,79,286375,卖盘,2017-06-26,2017-06-26 13:54:36
13:54:42,13:54:42,36.25,--,1,3625,买盘,2017-06-26,2017-06-26 13:54:42
13:54:45,13:54:45,36.48,0.23,72,262656,买盘,2017-06-26,2017-06-26 13:54:45
13:54:54,13:54:54,36.48,--,51,186047,买盘,2017-06-26,2017-06-26 13:54:54
13:55:00,13:55:00,36.21,-0.27,21,76041,卖盘,2017-06-26,2017-06-26 13:55:00
13:55:09,13:55:09,36.22,0.01,16,57952,中性盘,2017-06-26,2017-06-26 13:55:09
13:55:15,13:55:15,36.36,0.14,50,181800,买盘,2017-06-26,2017-06-26 13:55:15
13:55:18,13:55:18,36.23,-0.13,6,21737,卖盘,2017-06-26,2017-06-26 13:55:18
13:55:24,13:55:24,36.23,--,22,79706,卖盘,2017-06-26,2017-06-26 13:55:24
13:55:33,13:55:33,36.36,0.13,6,21816,中性盘,2017-06-26,2017-06-26 13:55:33
13:55:36,13:55:36,36.47,0.11,24,87528,买盘,2017-06-26,2017-06-26 13:55:36
13:55:42,13:55:42,36.4,-0.07,2,7280,卖盘,2017-06-26,2017-06-26 13:55:42
13:55:48,13:55:48,36.4,--,32,116480,卖盘,2017-06-26,2017-06-26 13:55:48
13:55:51,13:55:51,36.5,0.1,100,365000,买盘,2017-06-26,2017-06-26 13:55:51
13:55:57,13:55:57,36.4,-0.1,10,36400,卖盘,2017-06-26,2017-06-26 13:55:57
13:56:03,13:56:03,36.5,0.1,9,32850,买盘,2017-06-26,2017-06-26 13:56:03
13:56:06,13:56:06,36.4,-0.1,30,109200,卖盘,2017-06-26,2017-06-26 13:56:06
13:56:12,13:56:12,36.36,-0.04,3,10908,卖盘,2017-06-26,2017-06-26 13:56:12
13:56:15,13:56:15,36.5,0.14,10,36500,买盘,2017-06-26,2017-06-26 13:56:15
13:56:18,13:56:18,36.74,0.24,250,918500,买盘,2017-06-26,2017-06-26 13:56:18
13:56:21,13:56:21,36.25,-0.49,12,43500,卖盘,2017-06-26,2017-06-26 13:56:21
13:56:30,13:56:30,36.5,0.25,87,317550,买盘,2017-06-26,2017-06-26 13:56:30
13:56:33,13:56:33,36.53,0.03,50,182650,买盘,2017-06-26,2017-06-26 13:56:33
13:56:42,13:56:42,36.55,0.02,3,10965,中性盘,2017-06-26,2017-06-26 13:56:42
13:56:45,13:56:45,36.56,0.01,41,149896,卖盘,2017-06-26,2017-06-26 13:56:45
13:56:48,13:56:48,36.56,--,10,36560,卖盘,2017-06-26,2017-06-26 13:56:48
13:56:51,13:56:51,36.75,0.19,50,183750,买盘,2017-06-26,2017-06-26 13:56:51
13:56:54,13:56:54,36.56,-0.19,1,3656,卖盘,2017-06-26,2017-06-26 13:56:54
13:57:00,13:57:00,36.57,0.01,30,109710,卖盘,2017-06-26,2017-06-26 13:57:00
13:57:09,13:57:09,36.75,0.18,100,367500,买盘,2017-06-26,2017-06-26 13:57:09
13:57:18,13:57:18,36.74,-0.01,20,73480,中性盘,2017-06-26,2017-06-26 13:57:18
13:57:24,13:57:24,36.59,-0.15,36,131724,卖盘,2017-06-26,2017-06-26 13:57:24
13:57:30,13:57:30,36.74,0.15,30,110220,买盘,2017-06-26,2017-06-26 13:57:30
13:57:33,13:57:33,36.75,0.01,48,179229,买盘,2017-06-26,2017-06-26 13:57:33
13:57:36,13:57:36,36.74,-0.01,37,136783,卖盘,2017-06-26,2017-06-26 13:57:36
13:57:42,13:57:42,36.57,-0.17,24,87768,卖盘,2017-06-26,2017-06-26 13:57:42
13:57:48,13:57:48,36.56,-0.01,11,40216,卖盘,2017-06-26,2017-06-26 13:57:48
13:57:54,13:57:54,36.7,0.14,24,88080,中性盘,2017-06-26,2017-06-26 13:57:54
13:57:57,13:57:57,36.56,-0.14,10,36560,卖盘,2017-06-26,2017-06-26 13:57:57
13:58:00,13:58:00,36.7,0.14,26,95420,买盘,2017-06-26,2017-06-26 13:58:00
13:58:06,13:58:06,36.6,-0.1,7,25620,中性盘,2017-06-26,2017-06-26 13:58:06
13:58:15,13:58:15,36.6,--,2,7320,卖盘,2017-06-26,2017-06-26 13:58:15
13:58:18,13:58:18,36.7,0.1,19,69730,买盘,2017-06-26,2017-06-26 13:58:18
13:58:21,13:58:21,36.7,--,10,36700,买盘,2017-06-26,2017-06-26 13:58:21
13:58:27,13:58:27,36.6,-0.1,21,76860,卖盘,2017-06-26,2017-06-26 13:58:27
13:58:39,13:58:39,36.57,-0.03,43,157251,卖盘,2017-06-26,2017-06-26 13:58:39
13:58:42,13:58:42,36.56,-0.01,66,241296,卖盘,2017-06-26,2017-06-26 13:58:42
13:58:51,13:58:51,36.58,0.02,10,36580,卖盘,2017-06-26,2017-06-26 13:58:51
13:58:57,13:58:57,36.58,--,30,109740,卖盘,2017-06-26,2017-06-26 13:58:57
13:59:00,13:59:00,36.58,--,8,29264,卖盘,2017-06-26,2017-06-26 13:59:00
13:59:09,13:59:09,36.58,--,12,43896,买盘,2017-06-26,2017-06-26 13:59:09
13:59:15,13:59:15,36.58,--,14,51212,买盘,2017-06-26,2017-06-26 13:59:15
13:59:21,13:59:21,36.52,-0.06,4,14608,卖盘,2017-06-26,2017-06-26 13:59:21
13:59:27,13:59:27,36.58,0.06,30,109740,买盘,2017-06-26,2017-06-26 13:59:27
13:59:30,13:59:30,36.52,-0.06,1,3652,买盘,2017-06-26,2017-06-26 13:59:30
13:59:33,13:59:33,36.5,-0.02,19,69350,卖盘,2017-06-26,2017-06-26 13:59:33
13:59:51,13:59:51,36.5,--,3,10950,卖盘,2017-06-26,2017-06-26 13:59:51
14:00:24,14:00:24,36.67,0.17,22,80674,买盘,2017-06-26,2017-06-26 14:00:24
14:00:39,14:00:39,36.66,-0.01,21,76986,中性盘,2017-06-26,2017-06-26 14:00:39
14:00:48,14:00:48,36.5,-0.16,100,365000,卖盘,2017-06-26,2017-06-26 14:00:48
14:01:12,14:01:12,36.51,0.01,10,36510,中性盘,2017-06-26,2017-06-26 14:01:12
14:01:18,14:01:18,36.51,--,12,43812,卖盘,2017-06-26,2017-06-26 14:01:18
14:01:21,14:01:21,36.51,--,1,3651,卖盘,2017-06-26,2017-06-26 14:01:21
14:01:30,14:01:30,36.51,--,22,80322,卖盘,2017-06-26,2017-06-26 14:01:30
14:01:42,14:01:42,36.54,0.03,15,54810,卖盘,2017-06-26,2017-06-26 14:01:42
14:01:54,14:01:54,36.54,--,10,36540,卖盘,2017-06-26,2017-06-26 14:01:54
14:02:00,14:02:00,36.54,--,15,54810,卖盘,2017-06-26,2017-06-26 14:02:00
14:02:03,14:02:03,36.54,--,15,54810,卖盘,2017-06-26,2017-06-26 14:02:03
14:02:36,14:02:36,36.54,--,15,54810,卖盘,2017-06-26,2017-06-26 14:02:36
14:02:45,14:02:45,36.55,0.01,25,91375,买盘,2017-06-26,2017-06-26 14:02:45
14:03:06,14:03:06,36.51,-0.04,5,18255,卖盘,2017-06-26,2017-06-26 14:03:06
14:03:12,14:03:12,36.51,--,10,36510,卖盘,2017-06-26,2017-06-26 14:03:12
14:03:21,14:03:21,36.51,--,19,69369,卖盘,2017-06-26,2017-06-26 14:03:21
14:03:24,14:03:24,36.54,0.03,6,21924,买盘,2017-06-26,2017-06-26 14:03:24
14:03:27,14:03:27,36.51,-0.03,10,36510,卖盘,2017-06-26,2017-06-26 14:03:27
14:03:36,14:03:36,36.51,--,10,36510,卖盘,2017-06-26,2017-06-26 14:03:36
14:03:45,14:03:45,36.54,0.03,6,21924,买盘,2017-06-26,2017-06-26 14:03:45
14:03:48,14:03:48,36.54,--,1,3654,卖盘,2017-06-26,2017-06-26 14:03:48
14:03:51,14:03:51,36.5,-0.04,20,73000,卖盘,2017-06-26,2017-06-26 14:03:51
14:04:00,14:04:00,36.5,--,18,65700,卖盘,2017-06-26,2017-06-26 14:04:00
14:04:21,14:04:21,36.51,0.01,300,1095300,买盘,2017-06-26,2017-06-26 14:04:21
14:04:27,14:04:27,36.51,--,158,576858,买盘,2017-06-26,2017-06-26 14:04:27
14:04:42,14:04:42,36.51,--,5,18255,买盘,2017-06-26,2017-06-26 14:04:42
14:05:18,14:05:18,36.38,-0.13,10,36380,卖盘,2017-06-26,2017-06-26 14:05:18
14:05:24,14:05:24,36.38,--,60,218280,卖盘,2017-06-26,2017-06-26 14:05:24
14:05:30,14:05:30,36.5,0.12,12,43800,买盘,2017-06-26,2017-06-26 14:05:30
14:05:45,14:05:45,36.37,-0.13,64,232767,卖盘,2017-06-26,2017-06-26 14:05:45
14:06:15,14:06:15,36.51,0.14,143,524904,买盘,2017-06-26,2017-06-26 14:06:15
14:06:18,14:06:18,36.51,--,1,3651,卖盘,2017-06-26,2017-06-26 14:06:18
14:06:24,14:06:24,36.55,0.04,74,270470,买盘,2017-06-26,2017-06-26 14:06:24
14:06:27,14:06:27,36.51,-0.04,20,73020,卖盘,2017-06-26,2017-06-26 14:06:27
14:06:30,14:06:30,36.51,--,103,376053,卖盘,2017-06-26,2017-06-26 14:06:30
14:06:39,14:06:39,36.55,0.04,20,73100,中性盘,2017-06-26,2017-06-26 14:06:39
14:06:48,14:06:48,36.65,0.1,40,146600,买盘,2017-06-26,2017-06-26 14:06:48
14:06:51,14:06:51,36.65,--,20,73300,卖盘,2017-06-26,2017-06-26 14:06:51
14:06:54,14:06:54,36.65,--,20,73300,卖盘,2017-06-26,2017-06-26 14:06:54
14:07:03,14:07:03,36.65,--,20,73300,卖盘,2017-06-26,2017-06-26 14:07:03
14:07:24,14:07:24,36.65,--,14,51310,买盘,2017-06-26,2017-06-26 14:07:24
14:07:54,14:07:54,36.65,--,2,7330,买盘,2017-06-26,2017-06-26 14:07:54
14:07:57,14:07:57,36.55,-0.1,14,51169,卖盘,2017-06-26,2017-06-26 14:07:57
14:08:21,14:08:21,36.55,--,38,138890,卖盘,2017-06-26,2017-06-26 14:08:21
14:08:51,14:08:51,36.57,0.02,6,21942,中性盘,2017-06-26,2017-06-26 14:08:51
14:09:12,14:09:12,36.62,0.05,5,18310,买盘,2017-06-26,2017-06-26 14:09:12
14:09:15,14:09:15,36.57,-0.05,8,29256,卖盘,2017-06-26,2017-06-26 14:09:15
14:09:18,14:09:18,36.65,0.08,50,183250,买盘,2017-06-26,2017-06-26 14:09:18
14:09:21,14:09:21,36.57,-0.08,20,73140,卖盘,2017-06-26,2017-06-26 14:09:21
14:09:30,14:09:30,36.57,--,1,3657,买盘,2017-06-26,2017-06-26 14:09:30
14:09:33,14:09:33,36.57,--,2,7314,买盘,2017-06-26,2017-06-26 14:09:33
14:09:48,14:09:48,36.56,-0.01,1,3656,中性盘,2017-06-26,2017-06-26 14:09:48
14:11:48,14:11:48,36.56,--,18,65808,卖盘,2017-06-26,2017-06-26 14:11:48
14:12:06,14:12:06,36.56,--,1,3656,买盘,2017-06-26,2017-06-26 14:12:06
14:12:18,14:12:18,36.55,-0.01,7,25584,卖盘,2017-06-26,2017-06-26 14:12:18
14:12:24,14:12:24,36.55,--,10,36550,卖盘,2017-06-26,2017-06-26 14:12:24
14:12:39,14:12:39,36.56,0.01,4,14624,买盘,2017-06-26,2017-06-26 14:12:39
14:12:51,14:12:51,36.56,--,39,142584,买盘,2017-06-26,2017-06-26 14:12:51
14:12:57,14:12:57,36.56,--,5,18280,买盘,2017-06-26,2017-06-26 14:12:57
14:13:12,14:13:12,36.56,--,1,3656,卖盘,2017-06-26,2017-06-26 14:13:12
14:13:24,14:13:24,36.56,--,20,73120,卖盘,2017-06-26,2017-06-26 14:13:24
14:13:48,14:13:48,36.51,-0.05,1,3651,卖盘,2017-06-26,2017-06-26 14:13:48
14:14:27,14:14:27,36.52,0.01,9,32868,中性盘,2017-06-26,2017-06-26 14:14:27
14:14:45,14:14:45,36.51,-0.01,10,36510,卖盘,2017-06-26,2017-06-26 14:14:45
14:14:48,14:14:48,36.52,0.01,10,36520,买盘,2017-06-26,2017-06-26 14:14:48
14:15:06,14:15:06,36.52,--,1,3652,中性盘,2017-06-26,2017-06-26 14:15:06
14:15:09,14:15:09,36.52,--,1,3652,卖盘,2017-06-26,2017-06-26 14:15:09
14:15:18,14:15:18,36.59,0.07,5,18295,买盘,2017-06-26,2017-06-26 14:15:18
14:15:21,14:15:21,36.52,-0.07,1,3652,卖盘,2017-06-26,2017-06-26 14:15:21
14:15:24,14:15:24,36.52,--,21,76692,卖盘,2017-06-26,2017-06-26 14:15:24
14:15:45,14:15:45,36.51,-0.01,1,3651,卖盘,2017-06-26,2017-06-26 14:15:45
14:15:48,14:15:48,36.51,--,3,10953,卖盘,2017-06-26,2017-06-26 14:15:48
14:15:54,14:15:54,36.51,--,1,3651,卖盘,2017-06-26,2017-06-26 14:15:54
14:15:57,14:15:57,36.52,0.01,4,14608,买盘,2017-06-26,2017-06-26 14:15:57
14:16:09,14:16:09,36.52,--,11,40172,卖盘,2017-06-26,2017-06-26 14:16:09
14:16:18,14:16:18,36.51,-0.01,24,87624,卖盘,2017-06-26,2017-06-26 14:16:18
14:16:24,14:16:24,36.55,0.04,1,3654,买盘,2017-06-26,2017-06-26 14:16:24
14:17:03,14:17:03,36.55,--,2,7309,卖盘,2017-06-26,2017-06-26 14:17:03
14:17:09,14:17:09,36.6,0.05,25,91500,买盘,2017-06-26,2017-06-26 14:17:09
14:17:12,14:17:12,36.6,--,18,65880,买盘,2017-06-26,2017-06-26 14:17:12
14:17:15,14:17:15,36.6,--,11,40260,买盘,2017-06-26,2017-06-26 14:17:15
14:17:30,14:17:30,36.6,--,19,69540,卖盘,2017-06-26,2017-06-26 14:17:30
14:18:00,14:18:00,36.55,-0.05,26,95029,卖盘,2017-06-26,2017-06-26 14:18:00
14:18:06,14:18:06,36.6,0.05,1,3660,买盘,2017-06-26,2017-06-26 14:18:06
14:18:36,14:18:36,36.62,0.02,1,3661,买盘,2017-06-26,2017-06-26 14:18:36
14:18:45,14:18:45,36.64,0.02,14,51296,买盘,2017-06-26,2017-06-26 14:18:45
14:18:51,14:18:51,36.64,--,16,58624,买盘,2017-06-26,2017-06-26 14:18:51
14:19:24,14:19:24,36.64,--,5,18320,买盘,2017-06-26,2017-06-26 14:19:24
14:19:27,14:19:27,36.68,0.04,4,14672,买盘,2017-06-26,2017-06-26 14:19:27
14:19:33,14:19:33,36.68,--,6,22008,买盘,2017-06-26,2017-06-26 14:19:33
14:19:36,14:19:36,36.68,--,4,14672,买盘,2017-06-26,2017-06-26 14:19:36
14:19:42,14:19:42,36.64,-0.04,5,18320,卖盘,2017-06-26,2017-06-26 14:19:42
14:19:45,14:19:45,36.64,--,4,14656,买盘,2017-06-26,2017-06-26 14:19:45
14:19:54,14:19:54,36.64,--,1,3664,买盘,2017-06-26,2017-06-26 14:19:54
14:20:15,14:20:15,36.67,0.03,1,3667,中性盘,2017-06-26,2017-06-26 14:20:15
14:20:27,14:20:27,36.67,--,20,73340,买盘,2017-06-26,2017-06-26 14:20:27
14:20:33,14:20:33,36.67,--,4,14668,买盘,2017-06-26,2017-06-26 14:20:33
14:20:45,14:20:45,36.75,0.08,72,264600,买盘,2017-06-26,2017-06-26 14:20:45
14:21:06,14:21:06,36.75,--,10,36750,卖盘,2017-06-26,2017-06-26 14:21:06
14:21:09,14:21:09,36.75,--,16,58800,卖盘,2017-06-26,2017-06-26 14:21:09
14:21:45,14:21:45,36.75,--,135,496125,买盘,2017-06-26,2017-06-26 14:21:45
14:21:51,14:21:51,36.75,--,131,481425,买盘,2017-06-26,2017-06-26 14:21:51
14:22:00,14:22:00,36.78,0.03,20,73560,买盘,2017-06-26,2017-06-26 14:22:00
14:22:03,14:22:03,36.75,-0.03,6,22050,卖盘,2017-06-26,2017-06-26 14:22:03
14:22:12,14:22:12,36.79,0.04,30,110370,买盘,2017-06-26,2017-06-26 14:22:12
14:22:18,14:22:18,36.79,--,5,18395,买盘,2017-06-26,2017-06-26 14:22:18
14:22:33,14:22:33,36.8,0.01,8,29439,买盘,2017-06-26,2017-06-26 14:22:33
14:22:42,14:22:42,36.82,0.02,58,215912,买盘,2017-06-26,2017-06-26 14:22:42
14:22:45,14:22:45,36.8,-0.02,86,317804,卖盘,2017-06-26,2017-06-26 14:22:45
14:22:51,14:22:51,36.82,0.02,19,69958,买盘,2017-06-26,2017-06-26 14:22:51
14:23:00,14:23:00,36.82,--,43,160682,买盘,2017-06-26,2017-06-26 14:23:00
14:23:15,14:23:15,36.86,0.04,4,14744,买盘,2017-06-26,2017-06-26 14:23:15
14:23:21,14:23:21,36.85,-0.01,9,34491,卖盘,2017-06-26,2017-06-26 14:23:21
14:23:24,14:23:24,36.84,-0.01,8,29472,买盘,2017-06-26,2017-06-26 14:23:24
14:23:27,14:23:27,36.85,0.01,22,81070,买盘,2017-06-26,2017-06-26 14:23:27
14:23:39,14:23:39,36.82,-0.03,19,69958,卖盘,2017-06-26,2017-06-26 14:23:39
14:23:45,14:23:45,36.82,--,10,36820,买盘,2017-06-26,2017-06-26 14:23:45
14:23:57,14:23:57,36.8,-0.02,10,36800,中性盘,2017-06-26,2017-06-26 14:23:57
14:24:15,14:24:15,36.8,--,20,73600,买盘,2017-06-26,2017-06-26 14:24:15
14:24:24,14:24:24,36.8,--,36,134835,卖盘,2017-06-26,2017-06-26 14:24:24
14:24:27,14:24:27,36.8,--,46,170604,卖盘,2017-06-26,2017-06-26 14:24:27
14:24:33,14:24:33,36.8,--,210,772799,买盘,2017-06-26,2017-06-26 14:24:33
14:24:39,14:24:39,36.8,--,81,298080,买盘,2017-06-26,2017-06-26 14:24:39
14:24:57,14:24:57,36.75,-0.05,30,110250,卖盘,2017-06-26,2017-06-26 14:24:57
14:25:00,14:25:00,36.75,--,34,124950,卖盘,2017-06-26,2017-06-26 14:25:00
14:25:09,14:25:09,36.75,--,10,36750,卖盘,2017-06-26,2017-06-26 14:25:09
14:25:15,14:25:15,36.75,--,19,69825,卖盘,2017-06-26,2017-06-26 14:25:15
14:25:18,14:25:18,36.75,--,11,40425,买盘,2017-06-26,2017-06-26 14:25:18
14:25:21,14:25:21,36.75,--,9,33075,卖盘,2017-06-26,2017-06-26 14:25:21
14:25:24,14:25:24,36.75,--,8,29400,买盘,2017-06-26,2017-06-26 14:25:24
14:25:48,14:25:48,36.75,--,1,3675,买盘,2017-06-26,2017-06-26 14:25:48
14:25:57,14:25:57,36.75,--,10,36750,买盘,2017-06-26,2017-06-26 14:25:57
14:26:18,14:26:18,36.71,-0.04,1,3671,卖盘,2017-06-26,2017-06-26 14:26:18
14:26:21,14:26:21,36.71,--,12,44052,卖盘,2017-06-26,2017-06-26 14:26:21
14:26:24,14:26:24,36.71,--,17,62407,卖盘,2017-06-26,2017-06-26 14:26:24
14:26:48,14:26:48,36.69,-0.02,1,3669,卖盘,2017-06-26,2017-06-26 14:26:48
14:27:45,14:27:45,36.69,--,10,36690,卖盘,2017-06-26,2017-06-26 14:27:45
14:27:51,14:27:51,36.69,--,19,69711,卖盘,2017-06-26,2017-06-26 14:27:51
14:27:54,14:27:54,36.69,--,1,3669,买盘,2017-06-26,2017-06-26 14:27:54
14:28:03,14:28:03,36.68,-0.01,17,62356,卖盘,2017-06-26,2017-06-26 14:28:03
14:28:21,14:28:21,36.65,-0.03,5,18325,卖盘,2017-06-26,2017-06-26 14:28:21
14:28:24,14:28:24,36.68,0.03,6,22008,买盘,2017-06-26,2017-06-26 14:28:24
14:28:30,14:28:30,36.65,-0.03,7,25655,卖盘,2017-06-26,2017-06-26 14:28:30
14:29:30,14:29:30,36.64,-0.01,28,102592,卖盘,2017-06-26,2017-06-26 14:29:30
14:29:36,14:29:36,36.65,0.01,6,21990,买盘,2017-06-26,2017-06-26 14:29:36
14:29:42,14:29:42,36.64,-0.01,2,7328,卖盘,2017-06-26,2017-06-26 14:29:42
14:29:54,14:29:54,36.65,0.01,7,25655,买盘,2017-06-26,2017-06-26 14:29:54
14:29:57,14:29:57,36.64,-0.01,26,95264,卖盘,2017-06-26,2017-06-26 14:29:57
14:30:00,14:30:00,36.64,--,10,36640,买盘,2017-06-26,2017-06-26 14:30:00
14:30:06,14:30:06,36.64,--,3,10992,买盘,2017-06-26,2017-06-26 14:30:06
14:30:09,14:30:09,36.64,--,1,3664,买盘,2017-06-26,2017-06-26 14:30:09
14:30:12,14:30:12,36.64,--,10,36640,买盘,2017-06-26,2017-06-26 14:30:12
14:30:15,14:30:15,36.64,--,23,84272,卖盘,2017-06-26,2017-06-26 14:30:15
14:30:21,14:30:21,36.68,0.04,15,55020,买盘,2017-06-26,2017-06-26 14:30:21
14:30:36,14:30:36,36.68,--,12,44016,买盘,2017-06-26,2017-06-26 14:30:36
14:30:39,14:30:39,36.69,0.01,10,36690,买盘,2017-06-26,2017-06-26 14:30:39
14:30:45,14:30:45,36.7,0.01,44,161480,买盘,2017-06-26,2017-06-26 14:30:45
14:30:51,14:30:51,36.71,0.01,16,58736,买盘,2017-06-26,2017-06-26 14:30:51
14:30:57,14:30:57,36.71,--,1,3671,买盘,2017-06-26,2017-06-26 14:30:57
14:31:18,14:31:18,36.71,--,13,47723,买盘,2017-06-26,2017-06-26 14:31:18
14:31:27,14:31:27,36.75,0.04,17,62475,买盘,2017-06-26,2017-06-26 14:31:27
14:31:45,14:31:45,36.75,--,5,18375,买盘,2017-06-26,2017-06-26 14:31:45
14:31:48,14:31:48,36.75,--,9,33075,买盘,2017-06-26,2017-06-26 14:31:48
14:31:57,14:31:57,36.75,--,6,22050,买盘,2017-06-26,2017-06-26 14:31:57
14:32:03,14:32:03,36.78,0.03,10,36780,买盘,2017-06-26,2017-06-26 14:32:03
14:32:24,14:32:24,36.78,--,5,18390,买盘,2017-06-26,2017-06-26 14:32:24
14:32:27,14:32:27,36.78,--,1,3678,买盘,2017-06-26,2017-06-26 14:32:27
14:32:33,14:32:33,36.8,0.02,91,334880,买盘,2017-06-26,2017-06-26 14:32:33
14:32:39,14:32:39,36.8,--,48,176640,买盘,2017-06-26,2017-06-26 14:32:39
14:32:48,14:32:48,36.8,--,18,66240,买盘,2017-06-26,2017-06-26 14:32:48
14:32:54,14:32:54,36.78,-0.02,23,84594,卖盘,2017-06-26,2017-06-26 14:32:54
14:32:57,14:32:57,36.79,0.01,2,7358,中性盘,2017-06-26,2017-06-26 14:32:57
14:33:00,14:33:00,36.8,0.01,5,18400,买盘,2017-06-26,2017-06-26 14:33:00
14:33:21,14:33:21,36.8,--,27,99359,买盘,2017-06-26,2017-06-26 14:33:21
14:33:27,14:33:27,36.8,--,11,40480,买盘,2017-06-26,2017-06-26 14:33:27
14:33:30,14:33:30,36.8,--,3,13395,买盘,2017-06-26,2017-06-26 14:33:30
14:33:36,14:33:36,36.8,--,27,100684,卖盘,2017-06-26,2017-06-26 14:33:36
14:33:39,14:33:39,36.8,--,11,40480,买盘,2017-06-26,2017-06-26 14:33:39
14:33:42,14:33:42,36.79,-0.01,12,44148,卖盘,2017-06-26,2017-06-26 14:33:42
14:33:51,14:33:51,36.79,--,2,7358,买盘,2017-06-26,2017-06-26 14:33:51
14:33:57,14:33:57,36.78,-0.01,20,73560,卖盘,2017-06-26,2017-06-26 14:33:57
14:34:00,14:34:00,36.78,--,3,11034,卖盘,2017-06-26,2017-06-26 14:34:00
14:34:03,14:34:03,36.78,--,20,73560,买盘,2017-06-26,2017-06-26 14:34:03
14:34:15,14:34:15,36.75,-0.03,22,80850,卖盘,2017-06-26,2017-06-26 14:34:15
14:34:21,14:34:21,36.78,0.03,3,11034,买盘,2017-06-26,2017-06-26 14:34:21
14:34:24,14:34:24,36.77,-0.01,1,3677,卖盘,2017-06-26,2017-06-26 14:34:24
14:34:27,14:34:27,36.75,-0.02,60,220500,卖盘,2017-06-26,2017-06-26 14:34:27
14:34:30,14:34:30,36.77,0.02,10,36770,中性盘,2017-06-26,2017-06-26 14:34:30
14:35:00,14:35:00,36.77,--,10,36770,中性盘,2017-06-26,2017-06-26 14:35:00
14:35:03,14:35:03,36.78,0.01,13,47814,买盘,2017-06-26,2017-06-26 14:35:03
14:35:06,14:35:06,36.78,--,5,18390,买盘,2017-06-26,2017-06-26 14:35:06
14:35:09,14:35:09,36.79,0.01,10,36790,买盘,2017-06-26,2017-06-26 14:35:09
14:35:24,14:35:24,36.79,--,4,14716,买盘,2017-06-26,2017-06-26 14:35:24
14:35:36,14:35:36,36.8,0.01,10,36800,买盘,2017-06-26,2017-06-26 14:35:36
14:35:39,14:35:39,36.85,0.05,313,1155763,买盘,2017-06-26,2017-06-26 14:35:39
14:35:42,14:35:42,36.85,--,3,11055,卖盘,2017-06-26,2017-06-26 14:35:42
14:35:45,14:35:45,36.88,0.03,50,184400,买盘,2017-06-26,2017-06-26 14:35:45
14:36:03,14:36:03,36.99,0.11,192,710208,买盘,2017-06-26,2017-06-26 14:36:03
14:36:12,14:36:12,37.0,0.01,473,1750100,买盘,2017-06-26,2017-06-26 14:36:12
14:36:15,14:36:15,36.95,-0.05,30,110850,中性盘,2017-06-26,2017-06-26 14:36:15
14:36:21,14:36:21,37.0,0.05,26,96200,买盘,2017-06-26,2017-06-26 14:36:21
14:36:24,14:36:24,36.99,-0.01,3,11097,中性盘,2017-06-26,2017-06-26 14:36:24
14:36:27,14:36:27,37.0,0.01,4,17945,买盘,2017-06-26,2017-06-26 14:36:27
14:36:33,14:36:33,37.08,0.08,20,74160,买盘,2017-06-26,2017-06-26 14:36:33
14:36:36,14:36:36,37.17,0.09,217,806589,买盘,2017-06-26,2017-06-26 14:36:36
14:36:39,14:36:39,37.0,-0.17,3,11100,卖盘,2017-06-26,2017-06-26 14:36:39
14:36:48,14:36:48,37.03,0.03,6,22218,卖盘,2017-06-26,2017-06-26 14:36:48
14:36:51,14:36:51,37.03,--,4,14812,卖盘,2017-06-26,2017-06-26 14:36:51
14:36:54,14:36:54,37.03,--,6,22218,买盘,2017-06-26,2017-06-26 14:36:54
14:36:57,14:36:57,37.03,--,1,3703,买盘,2017-06-26,2017-06-26 14:36:57
14:37:00,14:37:00,37.03,--,1,3703,买盘,2017-06-26,2017-06-26 14:37:00
14:37:03,14:37:03,37.03,--,1,3703,买盘,2017-06-26,2017-06-26 14:37:03
14:37:06,14:37:06,37.0,-0.03,57,210900,卖盘,2017-06-26,2017-06-26 14:37:06
14:37:09,14:37:09,37.15,0.15,70,260050,买盘,2017-06-26,2017-06-26 14:37:09
14:37:12,14:37:12,37.02,-0.13,20,74040,卖盘,2017-06-26,2017-06-26 14:37:12
14:37:21,14:37:21,37.12,0.1,41,152192,中性盘,2017-06-26,2017-06-26 14:37:21
14:37:24,14:37:24,37.02,-0.1,42,155484,卖盘,2017-06-26,2017-06-26 14:37:24
14:37:27,14:37:27,37.02,--,12,44424,买盘,2017-06-26,2017-06-26 14:37:27
14:37:30,14:37:30,37.02,--,10,37020,买盘,2017-06-26,2017-06-26 14:37:30
14:37:39,14:37:39,37.02,--,31,114762,买盘,2017-06-26,2017-06-26 14:37:39
14:37:45,14:37:45,37.03,0.01,3,11442,中性盘,2017-06-26,2017-06-26 14:37:45
14:37:57,14:37:57,37.03,--,7,29290,卖盘,2017-06-26,2017-06-26 14:37:57
14:38:00,14:38:00,37.0,-0.03,38,140600,卖盘,2017-06-26,2017-06-26 14:38:00
14:38:03,14:38:03,37.03,0.03,42,155526,买盘,2017-06-26,2017-06-26 14:38:03
14:38:06,14:38:06,37.0,-0.03,89,329300,卖盘,2017-06-26,2017-06-26 14:38:06
14:38:09,14:38:09,37.0,--,60,222000,卖盘,2017-06-26,2017-06-26 14:38:09
14:38:12,14:38:12,36.99,-0.01,79,292775,卖盘,2017-06-26,2017-06-26 14:38:12
14:38:15,14:38:15,36.99,--,16,59184,买盘,2017-06-26,2017-06-26 14:38:15
14:38:24,14:38:24,36.92,-0.07,10,36920,卖盘,2017-06-26,2017-06-26 14:38:24
14:38:39,14:38:39,36.88,-0.04,19,70072,卖盘,2017-06-26,2017-06-26 14:38:39
14:38:42,14:38:42,36.92,0.04,33,121836,买盘,2017-06-26,2017-06-26 14:38:42
14:38:45,14:38:45,36.88,-0.04,73,269224,卖盘,2017-06-26,2017-06-26 14:38:45
14:38:51,14:38:51,36.85,-0.03,94,346390,卖盘,2017-06-26,2017-06-26 14:38:51
14:38:54,14:38:54,36.85,--,40,148726,卖盘,2017-06-26,2017-06-26 14:38:54
14:38:57,14:38:57,36.8,-0.05,5,18400,卖盘,2017-06-26,2017-06-26 14:38:57
14:39:00,14:39:00,36.85,0.05,16,58960,买盘,2017-06-26,2017-06-26 14:39:00
14:39:09,14:39:09,36.81,-0.04,1,3681,卖盘,2017-06-26,2017-06-26 14:39:09
14:39:12,14:39:12,36.81,--,5,18405,卖盘,2017-06-26,2017-06-26 14:39:12
14:39:27,14:39:27,36.88,0.07,2,7376,买盘,2017-06-26,2017-06-26 14:39:27
14:39:36,14:39:36,36.89,0.01,21,77469,中性盘,2017-06-26,2017-06-26 14:39:36
14:39:39,14:39:39,36.89,--,10,36890,卖盘,2017-06-26,2017-06-26 14:39:39
14:39:57,14:39:57,36.9,0.01,1,3690,中性盘,2017-06-26,2017-06-26 14:39:57
14:40:03,14:40:03,36.94,0.04,24,88656,买盘,2017-06-26,2017-06-26 14:40:03
14:40:21,14:40:21,36.95,0.01,31,116909,买盘,2017-06-26,2017-06-26 14:40:21
14:40:33,14:40:33,36.98,0.03,10,36980,买盘,2017-06-26,2017-06-26 14:40:33
14:40:42,14:40:42,36.96,-0.02,2,7392,卖盘,2017-06-26,2017-06-26 14:40:42
14:40:57,14:40:57,36.98,0.02,20,73960,买盘,2017-06-26,2017-06-26 14:40:57
14:41:00,14:41:00,36.98,--,29,107241,买盘,2017-06-26,2017-06-26 14:41:00
14:41:06,14:41:06,36.97,-0.01,20,73940,卖盘,2017-06-26,2017-06-26 14:41:06
14:41:09,14:41:09,36.99,0.02,10,36990,买盘,2017-06-26,2017-06-26 14:41:09
14:41:15,14:41:15,37.0,0.01,2,7400,买盘,2017-06-26,2017-06-26 14:41:15
14:41:18,14:41:18,36.99,-0.01,10,36990,卖盘,2017-06-26,2017-06-26 14:41:18
14:41:21,14:41:21,36.99,--,5,21639,卖盘,2017-06-26,2017-06-26 14:41:21
14:41:27,14:41:27,37.0,0.01,2,7400,买盘,2017-06-26,2017-06-26 14:41:27
14:41:30,14:41:30,37.0,--,1,3700,买盘,2017-06-26,2017-06-26 14:41:30
14:41:36,14:41:36,36.99,-0.01,10,36990,卖盘,2017-06-26,2017-06-26 14:41:36
14:41:39,14:41:39,37.0,0.01,18,66600,买盘,2017-06-26,2017-06-26 14:41:39
14:41:42,14:41:42,36.99,-0.01,10,36990,卖盘,2017-06-26,2017-06-26 14:41:42
14:41:45,14:41:45,37.0,0.01,3,11100,买盘,2017-06-26,2017-06-26 14:41:45
14:41:48,14:41:48,37.0,--,5,18500,买盘,2017-06-26,2017-06-26 14:41:48
14:41:51,14:41:51,37.0,--,43,159100,买盘,2017-06-26,2017-06-26 14:41:51
