idx_time,time,price,change,volume,amount,type,date,date_time
09:25:03,09:25:03,17.07,17.07,868,1481676,买盘,2017-08-03,2017-08-03 09:25:03
09:30:03,09:30:03,17.03,-0.04,35,59605,卖盘,2017-08-03,2017-08-03 09:30:03
09:30:06,09:30:06,16.97,-0.06,64,108608,卖盘,2017-08-03,2017-08-03 09:30:06
09:30:09,09:30:09,16.97,--,16,27152,买盘,2017-08-03,2017-08-03 09:30:09
09:30:15,09:30:15,16.89,-0.08,36,60804,卖盘,2017-08-03,2017-08-03 09:30:15
09:30:18,09:30:18,16.89,--,20,33780,卖盘,2017-08-03,2017-08-03 09:30:18
09:30:21,09:30:21,16.87,-0.02,22,37114,卖盘,2017-08-03,2017-08-03 09:30:21
09:30:27,09:30:27,16.7,-0.17,100,167000,卖盘,2017-08-03,2017-08-03 09:30:27
09:30:33,09:30:33,16.85,0.15,5,8425,中性盘,2017-08-03,2017-08-03 09:30:33
09:30:36,09:30:36,16.7,-0.15,8,13360,卖盘,2017-08-03,2017-08-03 09:30:36
09:30:39,09:30:39,16.52,-0.18,59,98888,卖盘,2017-08-03,2017-08-03 09:30:39
09:30:42,09:30:42,16.7,0.18,11,18370,买盘,2017-08-03,2017-08-03 09:30:42
09:30:45,09:30:45,16.7,--,44,73480,买盘,2017-08-03,2017-08-03 09:30:45
09:30:48,09:30:48,16.68,-0.02,20,33360,中性盘,2017-08-03,2017-08-03 09:30:48
09:30:51,09:30:51,16.51,-0.17,65,107315,卖盘,2017-08-03,2017-08-03 09:30:51
09:30:54,09:30:54,16.53,0.02,5,9091,中性盘,2017-08-03,2017-08-03 09:30:54
09:30:57,09:30:57,16.51,-0.02,106,175006,卖盘,2017-08-03,2017-08-03 09:30:57
09:31:00,09:31:00,16.52,0.01,31,51212,卖盘,2017-08-03,2017-08-03 09:31:00
09:31:03,09:31:03,16.53,0.01,19,32233,买盘,2017-08-03,2017-08-03 09:31:03
09:31:06,09:31:06,16.52,-0.01,105,174286,卖盘,2017-08-03,2017-08-03 09:31:06
09:31:09,09:31:09,16.51,-0.01,11,18161,卖盘,2017-08-03,2017-08-03 09:31:09
09:31:12,09:31:12,16.52,0.01,15,24780,卖盘,2017-08-03,2017-08-03 09:31:12
09:31:15,09:31:15,16.53,0.01,22,36366,买盘,2017-08-03,2017-08-03 09:31:15
09:31:18,09:31:18,16.53,--,33,54549,卖盘,2017-08-03,2017-08-03 09:31:18
09:31:21,09:31:21,16.52,-0.01,107,176764,卖盘,2017-08-03,2017-08-03 09:31:21
09:31:24,09:31:24,16.52,--,20,33040,卖盘,2017-08-03,2017-08-03 09:31:24
09:31:27,09:31:27,16.52,--,78,128856,买盘,2017-08-03,2017-08-03 09:31:27
09:31:30,09:31:30,16.52,--,40,66080,买盘,2017-08-03,2017-08-03 09:31:30
09:31:33,09:31:33,16.52,--,94,155288,买盘,2017-08-03,2017-08-03 09:31:33
09:31:36,09:31:36,16.53,0.01,70,116536,买盘,2017-08-03,2017-08-03 09:31:36
09:31:39,09:31:39,16.52,-0.01,28,46256,卖盘,2017-08-03,2017-08-03 09:31:39
09:31:42,09:31:42,16.51,-0.01,119,196469,卖盘,2017-08-03,2017-08-03 09:31:42
09:31:45,09:31:45,16.53,0.02,29,48763,买盘,2017-08-03,2017-08-03 09:31:45
09:31:48,09:31:48,16.53,--,21,34713,卖盘,2017-08-03,2017-08-03 09:31:48
09:31:51,09:31:51,16.54,0.01,2,3308,卖盘,2017-08-03,2017-08-03 09:31:51
09:31:54,09:31:54,16.53,-0.01,37,61161,卖盘,2017-08-03,2017-08-03 09:31:54
09:31:57,09:31:57,16.58,0.05,34,56371,买盘,2017-08-03,2017-08-03 09:31:57
09:32:00,09:32:00,16.55,-0.03,10,16550,卖盘,2017-08-03,2017-08-03 09:32:00
09:32:03,09:32:03,16.61,0.06,8,13288,买盘,2017-08-03,2017-08-03 09:32:03
09:32:06,09:32:06,16.61,--,27,44847,中性盘,2017-08-03,2017-08-03 09:32:06
09:32:12,09:32:12,16.61,--,4,6644,卖盘,2017-08-03,2017-08-03 09:32:12
09:32:15,09:32:15,16.55,-0.06,84,139020,卖盘,2017-08-03,2017-08-03 09:32:15
09:32:18,09:32:18,16.55,--,22,36410,买盘,2017-08-03,2017-08-03 09:32:18
09:32:21,09:32:21,16.6,0.05,49,81340,买盘,2017-08-03,2017-08-03 09:32:21
09:32:24,09:32:24,16.6,--,1,1660,买盘,2017-08-03,2017-08-03 09:32:24
09:32:27,09:32:27,16.68,0.08,49,82566,买盘,2017-08-03,2017-08-03 09:32:27
09:32:30,09:32:30,16.58,-0.1,16,27356,卖盘,2017-08-03,2017-08-03 09:32:30
09:32:33,09:32:33,16.68,0.1,62,103416,买盘,2017-08-03,2017-08-03 09:32:33
09:32:36,09:32:36,16.6,-0.08,6,9960,卖盘,2017-08-03,2017-08-03 09:32:36
09:32:39,09:32:39,16.57,-0.03,6,9942,买盘,2017-08-03,2017-08-03 09:32:39
09:32:42,09:32:42,16.57,--,11,18227,买盘,2017-08-03,2017-08-03 09:32:42
09:32:45,09:32:45,16.56,-0.01,16,26495,卖盘,2017-08-03,2017-08-03 09:32:45
09:32:48,09:32:48,16.57,0.01,15,24855,买盘,2017-08-03,2017-08-03 09:32:48
09:32:51,09:32:51,16.57,--,65,107705,买盘,2017-08-03,2017-08-03 09:32:51
09:32:54,09:32:54,16.59,0.02,2,3318,买盘,2017-08-03,2017-08-03 09:32:54
09:32:57,09:32:57,16.6,0.01,5,8300,卖盘,2017-08-03,2017-08-03 09:32:57
09:33:00,09:33:00,16.57,-0.03,39,64623,卖盘,2017-08-03,2017-08-03 09:33:00
09:33:03,09:33:03,16.56,-0.01,367,607752,卖盘,2017-08-03,2017-08-03 09:33:03
09:33:06,09:33:06,16.68,0.12,30,50040,买盘,2017-08-03,2017-08-03 09:33:06
09:33:09,09:33:09,16.63,-0.05,25,41575,卖盘,2017-08-03,2017-08-03 09:33:09
09:33:12,09:33:12,16.6,-0.03,80,133630,买盘,2017-08-03,2017-08-03 09:33:12
09:33:15,09:33:15,16.6,--,4,6640,买盘,2017-08-03,2017-08-03 09:33:15
09:33:18,09:33:18,16.67,0.07,36,60012,卖盘,2017-08-03,2017-08-03 09:33:18
09:33:21,09:33:21,16.67,--,1,1667,买盘,2017-08-03,2017-08-03 09:33:21
09:33:24,09:33:24,16.58,-0.09,100,165799,卖盘,2017-08-03,2017-08-03 09:33:24
09:33:30,09:33:30,16.59,0.01,68,112812,卖盘,2017-08-03,2017-08-03 09:33:30
09:33:33,09:33:33,16.6,0.01,7,11620,卖盘,2017-08-03,2017-08-03 09:33:33
09:33:36,09:33:36,16.6,--,63,104580,卖盘,2017-08-03,2017-08-03 09:33:36
09:33:39,09:33:39,16.6,--,16,26560,卖盘,2017-08-03,2017-08-03 09:33:39
09:33:42,09:33:42,16.6,--,141,234060,卖盘,2017-08-03,2017-08-03 09:33:42
09:33:45,09:33:45,16.58,-0.02,48,79583,卖盘,2017-08-03,2017-08-03 09:33:45
09:33:48,09:33:48,16.6,0.02,6,9960,买盘,2017-08-03,2017-08-03 09:33:48
09:33:51,09:33:51,16.6,--,2,3320,买盘,2017-08-03,2017-08-03 09:33:51
09:33:54,09:33:54,16.58,-0.02,2,3315,卖盘,2017-08-03,2017-08-03 09:33:54
09:33:57,09:33:57,16.59,0.01,57,94563,买盘,2017-08-03,2017-08-03 09:33:57
09:34:00,09:34:00,16.57,-0.02,12,20712,卖盘,2017-08-03,2017-08-03 09:34:00
09:34:03,09:34:03,16.57,--,10,16570,买盘,2017-08-03,2017-08-03 09:34:03
09:34:06,09:34:06,16.57,--,3,4971,买盘,2017-08-03,2017-08-03 09:34:06
09:34:09,09:34:09,16.57,--,5,8285,买盘,2017-08-03,2017-08-03 09:34:09
09:34:12,09:34:12,16.56,-0.01,19,31463,卖盘,2017-08-03,2017-08-03 09:34:12
09:34:15,09:34:15,16.56,--,33,54647,卖盘,2017-08-03,2017-08-03 09:34:15
09:34:18,09:34:18,16.56,--,74,122543,卖盘,2017-08-03,2017-08-03 09:34:18
09:34:21,09:34:21,16.56,--,8,13247,买盘,2017-08-03,2017-08-03 09:34:21
09:34:24,09:34:24,16.58,0.02,77,127665,买盘,2017-08-03,2017-08-03 09:34:24
09:34:27,09:34:27,16.55,-0.03,35,57925,卖盘,2017-08-03,2017-08-03 09:34:27
09:34:30,09:34:30,16.56,0.01,19,31463,中性盘,2017-08-03,2017-08-03 09:34:30
09:34:33,09:34:33,16.56,--,16,26495,卖盘,2017-08-03,2017-08-03 09:34:33
09:34:36,09:34:36,16.56,--,128,211967,卖盘,2017-08-03,2017-08-03 09:34:36
09:34:39,09:34:39,16.56,--,31,51335,卖盘,2017-08-03,2017-08-03 09:34:39
09:34:42,09:34:42,16.56,--,10,16560,卖盘,2017-08-03,2017-08-03 09:34:42
09:34:45,09:34:45,16.57,0.01,8,13256,买盘,2017-08-03,2017-08-03 09:34:45
09:34:48,09:34:48,16.56,-0.01,72,119231,卖盘,2017-08-03,2017-08-03 09:34:48
09:34:51,09:34:51,16.57,0.01,19,31483,买盘,2017-08-03,2017-08-03 09:34:51
09:34:54,09:34:54,16.56,-0.01,13,22356,卖盘,2017-08-03,2017-08-03 09:34:54
09:34:57,09:34:57,16.56,--,29,48851,卖盘,2017-08-03,2017-08-03 09:34:57
09:35:00,09:35:00,16.55,-0.01,15,24825,卖盘,2017-08-03,2017-08-03 09:35:00
09:35:03,09:35:03,16.55,--,33,54615,卖盘,2017-08-03,2017-08-03 09:35:03
09:35:06,09:35:06,16.56,0.01,21,34776,买盘,2017-08-03,2017-08-03 09:35:06
09:35:09,09:35:09,16.56,--,9,14903,买盘,2017-08-03,2017-08-03 09:35:09
09:35:12,09:35:12,16.55,-0.01,19,31445,卖盘,2017-08-03,2017-08-03 09:35:12
09:35:15,09:35:15,16.55,--,51,84405,卖盘,2017-08-03,2017-08-03 09:35:15
09:35:18,09:35:18,16.55,--,15,24825,卖盘,2017-08-03,2017-08-03 09:35:18
09:35:21,09:35:21,16.55,--,22,36410,卖盘,2017-08-03,2017-08-03 09:35:21
09:35:24,09:35:24,16.56,0.01,79,130823,买盘,2017-08-03,2017-08-03 09:35:24
09:35:27,09:35:27,16.55,-0.01,51,84405,卖盘,2017-08-03,2017-08-03 09:35:27
09:35:30,09:35:30,16.55,--,2,3310,买盘,2017-08-03,2017-08-03 09:35:30
09:35:33,09:35:33,16.55,--,20,33100,买盘,2017-08-03,2017-08-03 09:35:33
09:35:36,09:35:36,16.55,--,37,61235,买盘,2017-08-03,2017-08-03 09:35:36
09:35:39,09:35:39,16.54,-0.01,23,38042,卖盘,2017-08-03,2017-08-03 09:35:39
09:35:42,09:35:42,16.54,--,28,46312,卖盘,2017-08-03,2017-08-03 09:35:42
09:35:45,09:35:45,16.54,--,3,4962,买盘,2017-08-03,2017-08-03 09:35:45
09:35:48,09:35:48,16.53,-0.01,121,200839,卖盘,2017-08-03,2017-08-03 09:35:48
09:35:51,09:35:51,16.52,-0.01,16,26432,卖盘,2017-08-03,2017-08-03 09:35:51
09:35:57,09:35:57,16.52,--,13,21476,卖盘,2017-08-03,2017-08-03 09:35:57
09:36:00,09:36:00,16.53,0.01,39,64467,买盘,2017-08-03,2017-08-03 09:36:00
09:36:03,09:36:03,16.52,-0.01,79,130508,卖盘,2017-08-03,2017-08-03 09:36:03
09:36:06,09:36:06,16.53,0.01,40,66946,买盘,2017-08-03,2017-08-03 09:36:06
09:36:09,09:36:09,16.52,-0.01,78,129682,卖盘,2017-08-03,2017-08-03 09:36:09
09:36:12,09:36:12,16.51,-0.01,6,9906,卖盘,2017-08-03,2017-08-03 09:36:12
09:36:15,09:36:15,16.52,0.01,46,75992,买盘,2017-08-03,2017-08-03 09:36:15
09:36:18,09:36:18,16.52,--,20,33040,买盘,2017-08-03,2017-08-03 09:36:18
09:36:21,09:36:21,16.51,-0.01,79,130429,卖盘,2017-08-03,2017-08-03 09:36:21
09:36:24,09:36:24,16.51,--,47,77597,卖盘,2017-08-03,2017-08-03 09:36:24
09:36:27,09:36:27,16.5,-0.01,90,148500,卖盘,2017-08-03,2017-08-03 09:36:27
09:36:30,09:36:30,16.51,0.01,56,92456,买盘,2017-08-03,2017-08-03 09:36:30
09:36:33,09:36:33,16.51,--,113,186563,买盘,2017-08-03,2017-08-03 09:36:33
09:36:36,09:36:36,16.5,-0.01,145,239250,卖盘,2017-08-03,2017-08-03 09:36:36
09:36:39,09:36:39,16.44,-0.06,65,106860,卖盘,2017-08-03,2017-08-03 09:36:39
09:36:42,09:36:42,16.5,0.06,93,153450,买盘,2017-08-03,2017-08-03 09:36:42
09:36:45,09:36:45,16.5,--,7,11550,买盘,2017-08-03,2017-08-03 09:36:45
09:36:51,09:36:51,16.43,-0.07,32,52576,卖盘,2017-08-03,2017-08-03 09:36:51
09:36:57,09:36:57,16.45,0.02,5,8225,中性盘,2017-08-03,2017-08-03 09:36:57
09:37:00,09:37:00,16.45,--,50,82250,中性盘,2017-08-03,2017-08-03 09:37:00
09:37:03,09:37:03,16.45,--,5,8225,卖盘,2017-08-03,2017-08-03 09:37:03
09:37:06,09:37:06,16.45,--,31,50995,卖盘,2017-08-03,2017-08-03 09:37:06
09:37:09,09:37:09,16.43,-0.02,79,129797,卖盘,2017-08-03,2017-08-03 09:37:09
09:37:12,09:37:12,16.45,0.02,183,301857,买盘,2017-08-03,2017-08-03 09:37:12
09:37:15,09:37:15,16.43,-0.02,165,271916,卖盘,2017-08-03,2017-08-03 09:37:15
09:37:18,09:37:18,16.4,-0.03,28,45919,卖盘,2017-08-03,2017-08-03 09:37:18
09:37:21,09:37:21,16.43,0.03,1,1643,买盘,2017-08-03,2017-08-03 09:37:21
09:37:24,09:37:24,16.4,-0.03,8,13939,卖盘,2017-08-03,2017-08-03 09:37:24
09:37:27,09:37:27,16.41,0.01,18,29538,中性盘,2017-08-03,2017-08-03 09:37:27
09:37:30,09:37:30,16.41,--,3,4923,卖盘,2017-08-03,2017-08-03 09:37:30
09:37:33,09:37:33,16.41,--,35,57435,卖盘,2017-08-03,2017-08-03 09:37:33
09:37:36,09:37:36,16.42,0.01,69,113298,中性盘,2017-08-03,2017-08-03 09:37:36
09:37:39,09:37:39,16.4,-0.02,32,53299,卖盘,2017-08-03,2017-08-03 09:37:39
09:37:42,09:37:42,16.4,--,1,1639,买盘,2017-08-03,2017-08-03 09:37:42
09:37:45,09:37:45,16.4,--,12,19680,买盘,2017-08-03,2017-08-03 09:37:45
09:37:48,09:37:48,16.4,--,48,78720,买盘,2017-08-03,2017-08-03 09:37:48
09:37:51,09:37:51,16.4,--,37,60679,买盘,2017-08-03,2017-08-03 09:37:51
09:37:54,09:37:54,16.4,--,17,27879,买盘,2017-08-03,2017-08-03 09:37:54
09:37:57,09:37:57,16.39,-0.01,27,44253,中性盘,2017-08-03,2017-08-03 09:37:57
09:38:00,09:38:00,16.38,-0.01,34,55692,卖盘,2017-08-03,2017-08-03 09:38:00
09:38:03,09:38:03,16.38,--,18,29484,卖盘,2017-08-03,2017-08-03 09:38:03
09:38:06,09:38:06,16.36,-0.02,2,3272,卖盘,2017-08-03,2017-08-03 09:38:06
09:38:09,09:38:09,16.38,0.02,13,21294,买盘,2017-08-03,2017-08-03 09:38:09
09:38:12,09:38:12,16.38,--,1,1638,买盘,2017-08-03,2017-08-03 09:38:12
09:38:15,09:38:15,16.36,-0.02,35,57260,卖盘,2017-08-03,2017-08-03 09:38:15
09:38:18,09:38:18,16.36,--,60,98160,卖盘,2017-08-03,2017-08-03 09:38:18
09:38:21,09:38:21,16.36,--,41,67076,买盘,2017-08-03,2017-08-03 09:38:21
09:38:24,09:38:24,16.36,--,61,101023,买盘,2017-08-03,2017-08-03 09:38:24
09:38:27,09:38:27,16.35,-0.01,14,23298,卖盘,2017-08-03,2017-08-03 09:38:27
09:38:30,09:38:30,16.35,--,35,57225,卖盘,2017-08-03,2017-08-03 09:38:30
09:38:33,09:38:33,16.35,--,12,19620,买盘,2017-08-03,2017-08-03 09:38:33
09:38:36,09:38:36,16.35,--,22,35970,买盘,2017-08-03,2017-08-03 09:38:36
09:38:39,09:38:39,16.34,-0.01,5,8170,卖盘,2017-08-03,2017-08-03 09:38:39
09:38:42,09:38:42,16.33,-0.01,29,47356,卖盘,2017-08-03,2017-08-03 09:38:42
09:38:45,09:38:45,16.34,0.01,36,58824,买盘,2017-08-03,2017-08-03 09:38:45
09:38:48,09:38:48,16.34,--,9,15523,卖盘,2017-08-03,2017-08-03 09:38:48
09:38:51,09:38:51,16.32,-0.02,119,194208,卖盘,2017-08-03,2017-08-03 09:38:51
09:38:54,09:38:54,16.33,0.01,15,24494,中性盘,2017-08-03,2017-08-03 09:38:54
09:38:57,09:38:57,16.33,--,86,140437,买盘,2017-08-03,2017-08-03 09:38:57
09:39:00,09:39:00,16.33,--,53,87365,买盘,2017-08-03,2017-08-03 09:39:00
09:39:03,09:39:03,16.31,-0.02,17,28542,卖盘,2017-08-03,2017-08-03 09:39:03
09:39:06,09:39:06,16.31,--,24,39144,卖盘,2017-08-03,2017-08-03 09:39:06
09:39:09,09:39:09,16.31,--,52,84812,卖盘,2017-08-03,2017-08-03 09:39:09
09:39:12,09:39:12,16.31,--,76,123955,卖盘,2017-08-03,2017-08-03 09:39:12
09:39:15,09:39:15,16.3,-0.01,198,322740,卖盘,2017-08-03,2017-08-03 09:39:15
09:39:18,09:39:18,16.31,0.01,78,127217,中性盘,2017-08-03,2017-08-03 09:39:18
09:39:21,09:39:21,16.3,-0.01,129,210270,卖盘,2017-08-03,2017-08-03 09:39:21
09:39:24,09:39:24,16.31,0.01,8,13047,买盘,2017-08-03,2017-08-03 09:39:24
09:39:27,09:39:27,16.3,-0.01,69,112877,卖盘,2017-08-03,2017-08-03 09:39:27
09:39:30,09:39:30,16.3,--,75,122657,卖盘,2017-08-03,2017-08-03 09:39:30
09:39:33,09:39:33,16.3,--,32,52160,买盘,2017-08-03,2017-08-03 09:39:33
09:39:36,09:39:36,16.3,--,1,1630,买盘,2017-08-03,2017-08-03 09:39:36
09:39:39,09:39:39,16.3,--,24,39120,买盘,2017-08-03,2017-08-03 09:39:39
09:39:42,09:39:42,16.3,--,7,11410,买盘,2017-08-03,2017-08-03 09:39:42
09:39:45,09:39:45,16.3,--,20,32600,买盘,2017-08-03,2017-08-03 09:39:45
09:39:48,09:39:48,16.3,--,58,94540,买盘,2017-08-03,2017-08-03 09:39:48
09:39:51,09:39:51,16.28,-0.02,42,68376,卖盘,2017-08-03,2017-08-03 09:39:51
09:39:54,09:39:54,16.28,--,29,47212,卖盘,2017-08-03,2017-08-03 09:39:54
09:39:57,09:39:57,16.28,--,6,9768,买盘,2017-08-03,2017-08-03 09:39:57
09:40:00,09:40:00,16.28,--,14,22792,买盘,2017-08-03,2017-08-03 09:40:00
09:40:03,09:40:03,16.26,-0.02,7,11382,卖盘,2017-08-03,2017-08-03 09:40:03
09:40:09,09:40:09,16.26,--,70,113820,买盘,2017-08-03,2017-08-03 09:40:09
09:40:12,09:40:12,16.26,--,78,126828,买盘,2017-08-03,2017-08-03 09:40:12
09:40:15,09:40:15,16.25,-0.01,56,91000,卖盘,2017-08-03,2017-08-03 09:40:15
09:40:18,09:40:18,16.26,0.01,77,125202,买盘,2017-08-03,2017-08-03 09:40:18
09:40:21,09:40:21,16.25,-0.01,137,222625,买盘,2017-08-03,2017-08-03 09:40:21
09:40:24,09:40:24,16.24,-0.01,4,6495,卖盘,2017-08-03,2017-08-03 09:40:24
09:40:27,09:40:27,16.24,--,11,17864,卖盘,2017-08-03,2017-08-03 09:40:27
09:40:30,09:40:30,16.23,-0.01,41,67354,卖盘,2017-08-03,2017-08-03 09:40:30
09:40:33,09:40:33,16.24,0.01,16,25983,买盘,2017-08-03,2017-08-03 09:40:33
09:40:36,09:40:36,16.2,-0.04,425,689310,卖盘,2017-08-03,2017-08-03 09:40:36
09:40:39,09:40:39,16.2,--,17,27540,买盘,2017-08-03,2017-08-03 09:40:39
09:40:42,09:40:42,16.2,--,30,48600,买盘,2017-08-03,2017-08-03 09:40:42
09:40:45,09:40:45,16.2,--,2,3240,买盘,2017-08-03,2017-08-03 09:40:45
09:40:48,09:40:48,16.19,-0.01,18,29142,卖盘,2017-08-03,2017-08-03 09:40:48
09:40:51,09:40:51,16.18,-0.01,72,116496,卖盘,2017-08-03,2017-08-03 09:40:51
09:40:54,09:40:54,16.19,0.01,99,160281,买盘,2017-08-03,2017-08-03 09:40:54
09:40:57,09:40:57,16.19,--,51,82569,买盘,2017-08-03,2017-08-03 09:40:57
09:41:00,09:41:00,16.19,--,28,46141,买盘,2017-08-03,2017-08-03 09:41:00
09:41:03,09:41:03,16.17,-0.02,20,33148,卖盘,2017-08-03,2017-08-03 09:41:03
09:41:06,09:41:06,16.15,-0.02,85,137275,卖盘,2017-08-03,2017-08-03 09:41:06
09:41:09,09:41:09,16.15,--,72,116279,卖盘,2017-08-03,2017-08-03 09:41:09
09:41:12,09:41:12,16.15,--,4,6459,买盘,2017-08-03,2017-08-03 09:41:12
09:41:15,09:41:15,16.15,--,8,12919,买盘,2017-08-03,2017-08-03 09:41:15
09:41:18,09:41:18,16.14,-0.01,12,19368,卖盘,2017-08-03,2017-08-03 09:41:18
09:41:21,09:41:21,16.14,--,24,38736,买盘,2017-08-03,2017-08-03 09:41:21
09:41:24,09:41:24,16.14,--,18,29052,买盘,2017-08-03,2017-08-03 09:41:24
09:41:27,09:41:27,16.13,-0.01,204,329052,卖盘,2017-08-03,2017-08-03 09:41:27
09:41:30,09:41:30,16.13,--,7,11291,买盘,2017-08-03,2017-08-03 09:41:30
09:41:33,09:41:33,16.13,--,118,190334,买盘,2017-08-03,2017-08-03 09:41:33
09:41:36,09:41:36,16.13,--,17,27421,买盘,2017-08-03,2017-08-03 09:41:36
09:41:39,09:41:39,16.11,-0.02,342,550962,卖盘,2017-08-03,2017-08-03 09:41:39
09:41:42,09:41:42,16.11,--,67,107937,买盘,2017-08-03,2017-08-03 09:41:42
09:41:45,09:41:45,16.11,--,81,130491,买盘,2017-08-03,2017-08-03 09:41:45
09:41:48,09:41:48,16.1,-0.01,48,77280,卖盘,2017-08-03,2017-08-03 09:41:48
09:41:51,09:41:51,16.1,--,109,175490,买盘,2017-08-03,2017-08-03 09:41:51
09:41:54,09:41:54,16.1,--,38,61180,卖盘,2017-08-03,2017-08-03 09:41:54
09:41:57,09:41:57,16.1,--,13,20930,买盘,2017-08-03,2017-08-03 09:41:57
09:42:00,09:42:00,16.09,-0.01,44,70796,卖盘,2017-08-03,2017-08-03 09:42:00
09:42:03,09:42:03,16.1,0.01,75,120750,买盘,2017-08-03,2017-08-03 09:42:03
09:42:06,09:42:06,16.08,-0.02,62,99695,卖盘,2017-08-03,2017-08-03 09:42:06
09:42:09,09:42:09,16.08,--,56,90047,卖盘,2017-08-03,2017-08-03 09:42:09
09:42:12,09:42:12,16.09,0.01,37,59533,买盘,2017-08-03,2017-08-03 09:42:12
09:42:15,09:42:15,16.08,-0.01,104,168035,卖盘,2017-08-03,2017-08-03 09:42:15
09:42:18,09:42:18,16.08,--,107,172859,买盘,2017-08-03,2017-08-03 09:42:18
09:42:21,09:42:21,16.09,0.01,188,302797,买盘,2017-08-03,2017-08-03 09:42:21
09:42:24,09:42:24,16.09,--,39,63555,买盘,2017-08-03,2017-08-03 09:42:24
09:42:27,09:42:27,16.09,--,210,338694,买盘,2017-08-03,2017-08-03 09:42:27
09:42:30,09:42:30,16.09,--,16,25744,卖盘,2017-08-03,2017-08-03 09:42:30
09:42:33,09:42:33,16.09,--,20,32180,卖盘,2017-08-03,2017-08-03 09:42:33
09:42:36,09:42:36,16.09,--,288,464196,卖盘,2017-08-03,2017-08-03 09:42:36
09:42:39,09:42:39,16.09,--,478,769102,买盘,2017-08-03,2017-08-03 09:42:39
09:42:42,09:42:42,16.09,--,69,111021,买盘,2017-08-03,2017-08-03 09:42:42
09:42:45,09:42:45,16.09,--,198,318582,买盘,2017-08-03,2017-08-03 09:42:45
09:42:48,09:42:48,16.1,0.01,138,222985,买盘,2017-08-03,2017-08-03 09:42:48
09:42:51,09:42:51,16.11,0.01,2,3222,买盘,2017-08-03,2017-08-03 09:42:51
09:42:54,09:42:54,16.12,0.01,73,117676,买盘,2017-08-03,2017-08-03 09:42:54
09:42:57,09:42:57,16.1,-0.02,7,12075,卖盘,2017-08-03,2017-08-03 09:42:57
09:43:00,09:43:00,16.15,0.05,72,117087,买盘,2017-08-03,2017-08-03 09:43:00
09:43:03,09:43:03,16.15,--,74,119509,买盘,2017-08-03,2017-08-03 09:43:03
09:43:06,09:43:06,16.15,--,7,12112,卖盘,2017-08-03,2017-08-03 09:43:06
09:43:12,09:43:12,16.18,0.03,27,43686,买盘,2017-08-03,2017-08-03 09:43:12
09:43:15,09:43:15,16.18,--,23,37214,买盘,2017-08-03,2017-08-03 09:43:15
09:43:18,09:43:18,16.19,0.01,22,35618,买盘,2017-08-03,2017-08-03 09:43:18
09:43:21,09:43:21,16.19,--,5,8095,买盘,2017-08-03,2017-08-03 09:43:21
09:43:24,09:43:24,16.18,-0.01,27,43686,卖盘,2017-08-03,2017-08-03 09:43:24
09:43:27,09:43:27,16.2,0.02,42,68040,买盘,2017-08-03,2017-08-03 09:43:27
09:43:30,09:43:30,16.2,--,8,13770,买盘,2017-08-03,2017-08-03 09:43:30
09:43:33,09:43:33,16.2,--,8,12960,卖盘,2017-08-03,2017-08-03 09:43:33
09:43:39,09:43:39,16.2,--,15,24300,卖盘,2017-08-03,2017-08-03 09:43:39
09:43:42,09:43:42,16.25,0.05,48,78812,买盘,2017-08-03,2017-08-03 09:43:42
09:43:45,09:43:45,16.26,0.01,237,385362,买盘,2017-08-03,2017-08-03 09:43:45
09:43:48,09:43:48,16.26,--,14,22764,卖盘,2017-08-03,2017-08-03 09:43:48
09:43:51,09:43:51,16.27,0.01,12,19524,买盘,2017-08-03,2017-08-03 09:43:51
09:43:54,09:43:54,16.27,--,4,6508,买盘,2017-08-03,2017-08-03 09:43:54
09:43:57,09:43:57,16.27,--,9,14643,买盘,2017-08-03,2017-08-03 09:43:57
09:44:00,09:44:00,16.28,0.01,3,4884,买盘,2017-08-03,2017-08-03 09:44:00
09:44:06,09:44:06,16.28,--,8,13838,买盘,2017-08-03,2017-08-03 09:44:06
09:44:09,09:44:09,16.3,0.02,13,21190,买盘,2017-08-03,2017-08-03 09:44:09
09:44:12,09:44:12,16.3,--,3,4890,买盘,2017-08-03,2017-08-03 09:44:12
09:44:15,09:44:15,16.29,-0.01,14,22806,中性盘,2017-08-03,2017-08-03 09:44:15
09:44:18,09:44:18,16.29,--,5,8145,买盘,2017-08-03,2017-08-03 09:44:18
09:44:21,09:44:21,16.31,0.02,23,37513,买盘,2017-08-03,2017-08-03 09:44:21
09:44:24,09:44:24,16.28,-0.03,102,166056,卖盘,2017-08-03,2017-08-03 09:44:24
09:44:27,09:44:27,16.28,--,81,131868,买盘,2017-08-03,2017-08-03 09:44:27
09:44:30,09:44:30,16.28,--,8,13024,买盘,2017-08-03,2017-08-03 09:44:30
09:44:33,09:44:33,16.28,--,29,47212,买盘,2017-08-03,2017-08-03 09:44:33
09:44:36,09:44:36,16.28,--,33,53724,买盘,2017-08-03,2017-08-03 09:44:36
09:44:39,09:44:39,16.27,-0.01,3,4881,卖盘,2017-08-03,2017-08-03 09:44:39
09:44:42,09:44:42,16.27,--,149,242423,卖盘,2017-08-03,2017-08-03 09:44:42
09:44:45,09:44:45,16.27,--,70,113890,卖盘,2017-08-03,2017-08-03 09:44:45
09:44:48,09:44:48,16.27,--,19,30913,买盘,2017-08-03,2017-08-03 09:44:48
09:44:51,09:44:51,16.27,--,33,53691,买盘,2017-08-03,2017-08-03 09:44:51
09:44:54,09:44:54,16.27,--,6,9762,买盘,2017-08-03,2017-08-03 09:44:54
09:44:57,09:44:57,16.26,-0.01,9,14634,卖盘,2017-08-03,2017-08-03 09:44:57
09:45:00,09:45:00,16.25,-0.01,7,12187,卖盘,2017-08-03,2017-08-03 09:45:00
09:45:06,09:45:06,16.25,--,16,26812,卖盘,2017-08-03,2017-08-03 09:45:06
09:45:09,09:45:09,16.24,-0.01,15,24359,卖盘,2017-08-03,2017-08-03 09:45:09
09:45:15,09:45:15,16.24,--,1,1623,买盘,2017-08-03,2017-08-03 09:45:15
09:45:18,09:45:18,16.22,-0.02,54,87588,卖盘,2017-08-03,2017-08-03 09:45:18
09:45:21,09:45:21,16.23,0.01,3,4869,买盘,2017-08-03,2017-08-03 09:45:21
09:45:27,09:45:27,16.21,-0.02,8,13778,卖盘,2017-08-03,2017-08-03 09:45:27
09:45:30,09:45:30,16.21,--,4,7294,卖盘,2017-08-03,2017-08-03 09:45:30
09:45:33,09:45:33,16.2,-0.01,107,173340,卖盘,2017-08-03,2017-08-03 09:45:33
09:45:36,09:45:36,16.21,0.01,54,87534,中性盘,2017-08-03,2017-08-03 09:45:36
09:45:39,09:45:39,16.21,--,4,6484,买盘,2017-08-03,2017-08-03 09:45:39
09:45:45,09:45:45,16.21,--,22,35662,买盘,2017-08-03,2017-08-03 09:45:45
09:45:48,09:45:48,16.2,-0.01,3,4860,卖盘,2017-08-03,2017-08-03 09:45:48
09:45:51,09:45:51,16.2,--,5,8100,卖盘,2017-08-03,2017-08-03 09:45:51
09:45:54,09:45:54,16.21,0.01,41,66461,买盘,2017-08-03,2017-08-03 09:45:54
09:45:57,09:45:57,16.2,-0.01,9,14580,卖盘,2017-08-03,2017-08-03 09:45:57
09:46:00,09:46:00,16.2,--,13,21060,卖盘,2017-08-03,2017-08-03 09:46:00
09:46:03,09:46:03,16.2,--,4,6480,买盘,2017-08-03,2017-08-03 09:46:03
09:46:06,09:46:06,16.21,0.01,113,183173,买盘,2017-08-03,2017-08-03 09:46:06
09:46:12,09:46:12,16.2,-0.01,4,6480,买盘,2017-08-03,2017-08-03 09:46:12
09:46:15,09:46:15,16.2,--,7,12150,买盘,2017-08-03,2017-08-03 09:46:15
09:46:24,09:46:24,16.21,0.01,31,50251,买盘,2017-08-03,2017-08-03 09:46:24
09:46:27,09:46:27,16.21,--,1,1621,买盘,2017-08-03,2017-08-03 09:46:27
09:46:33,09:46:33,16.15,-0.06,258,417477,卖盘,2017-08-03,2017-08-03 09:46:33
09:46:36,09:46:36,16.21,0.06,16,25936,买盘,2017-08-03,2017-08-03 09:46:36
09:46:45,09:46:45,16.23,0.02,29,47067,买盘,2017-08-03,2017-08-03 09:46:45
09:46:48,09:46:48,16.23,--,15,24345,卖盘,2017-08-03,2017-08-03 09:46:48
09:46:51,09:46:51,16.23,--,7,11361,卖盘,2017-08-03,2017-08-03 09:46:51
09:46:54,09:46:54,16.21,-0.02,34,55924,卖盘,2017-08-03,2017-08-03 09:46:54
09:46:57,09:46:57,16.21,--,12,20262,卖盘,2017-08-03,2017-08-03 09:46:57
09:47:00,09:47:00,16.24,0.03,26,42223,买盘,2017-08-03,2017-08-03 09:47:00
09:47:09,09:47:09,16.24,--,13,21111,买盘,2017-08-03,2017-08-03 09:47:09
09:47:12,09:47:12,16.24,--,38,61711,买盘,2017-08-03,2017-08-03 09:47:12
09:47:18,09:47:18,16.27,0.03,20,32540,买盘,2017-08-03,2017-08-03 09:47:18
09:47:27,09:47:27,16.24,-0.03,3,4871,卖盘,2017-08-03,2017-08-03 09:47:27
09:47:30,09:47:30,16.27,0.03,2,3254,买盘,2017-08-03,2017-08-03 09:47:30
09:47:33,09:47:33,16.27,--,2,4067,买盘,2017-08-03,2017-08-03 09:47:33
09:47:36,09:47:36,16.27,--,5,8135,卖盘,2017-08-03,2017-08-03 09:47:36
09:47:39,09:47:39,16.27,--,72,117144,卖盘,2017-08-03,2017-08-03 09:47:39
09:47:42,09:47:42,16.31,0.04,42,69317,买盘,2017-08-03,2017-08-03 09:47:42
09:47:54,09:47:54,16.31,--,5,8154,买盘,2017-08-03,2017-08-03 09:47:54
09:47:57,09:47:57,16.31,--,19,30988,买盘,2017-08-03,2017-08-03 09:47:57
09:48:00,09:48:00,16.29,-0.02,9,14661,卖盘,2017-08-03,2017-08-03 09:48:00
09:48:03,09:48:03,16.31,0.02,6,11009,买盘,2017-08-03,2017-08-03 09:48:03
09:48:06,09:48:06,16.3,-0.01,23,37897,卖盘,2017-08-03,2017-08-03 09:48:06
09:48:12,09:48:12,16.29,-0.01,43,70047,买盘,2017-08-03,2017-08-03 09:48:12
09:48:15,09:48:15,16.29,--,17,27693,买盘,2017-08-03,2017-08-03 09:48:15
09:48:18,09:48:18,16.28,-0.01,101,164428,卖盘,2017-08-03,2017-08-03 09:48:18
09:48:21,09:48:21,16.28,--,9,15466,卖盘,2017-08-03,2017-08-03 09:48:21
09:48:30,09:48:30,16.28,--,30,48840,买盘,2017-08-03,2017-08-03 09:48:30
09:48:33,09:48:33,16.28,--,3,4884,买盘,2017-08-03,2017-08-03 09:48:33
09:48:39,09:48:39,16.28,--,4,6512,买盘,2017-08-03,2017-08-03 09:48:39
09:48:42,09:48:42,16.28,--,35,56980,买盘,2017-08-03,2017-08-03 09:48:42
09:48:45,09:48:45,16.28,--,1,1628,买盘,2017-08-03,2017-08-03 09:48:45
09:48:48,09:48:48,16.27,-0.01,37,60199,卖盘,2017-08-03,2017-08-03 09:48:48
09:48:51,09:48:51,16.28,0.01,17,27676,买盘,2017-08-03,2017-08-03 09:48:51
09:48:54,09:48:54,16.28,--,53,86284,买盘,2017-08-03,2017-08-03 09:48:54
09:48:57,09:48:57,16.28,--,1,2442,买盘,2017-08-03,2017-08-03 09:48:57
09:49:00,09:49:00,16.29,0.01,2,3258,中性盘,2017-08-03,2017-08-03 09:49:00
09:49:03,09:49:03,16.29,--,9,14661,卖盘,2017-08-03,2017-08-03 09:49:03
09:49:15,09:49:15,16.3,0.01,3,4890,买盘,2017-08-03,2017-08-03 09:49:15
09:49:18,09:49:18,16.29,-0.01,5,8145,卖盘,2017-08-03,2017-08-03 09:49:18
09:49:21,09:49:21,16.3,0.01,5,8965,买盘,2017-08-03,2017-08-03 09:49:21
09:49:33,09:49:33,16.32,0.02,41,66912,买盘,2017-08-03,2017-08-03 09:49:33
09:49:36,09:49:36,16.3,-0.02,34,55420,卖盘,2017-08-03,2017-08-03 09:49:36
09:49:45,09:49:45,16.32,0.02,15,24480,买盘,2017-08-03,2017-08-03 09:49:45
09:49:48,09:49:48,16.32,--,9,15096,买盘,2017-08-03,2017-08-03 09:49:48
09:49:51,09:49:51,16.32,--,18,29376,卖盘,2017-08-03,2017-08-03 09:49:51
09:49:57,09:49:57,16.32,--,41,66912,卖盘,2017-08-03,2017-08-03 09:49:57
09:50:00,09:50:00,16.32,--,67,109344,卖盘,2017-08-03,2017-08-03 09:50:00
09:50:03,09:50:03,16.32,--,16,26928,卖盘,2017-08-03,2017-08-03 09:50:03
09:50:12,09:50:12,16.34,0.02,41,66994,买盘,2017-08-03,2017-08-03 09:50:12
09:50:18,09:50:18,16.34,--,52,84968,买盘,2017-08-03,2017-08-03 09:50:18
09:50:27,09:50:27,16.36,0.02,2,3272,买盘,2017-08-03,2017-08-03 09:50:27
09:50:30,09:50:30,16.36,--,3,4908,买盘,2017-08-03,2017-08-03 09:50:30
09:50:33,09:50:33,16.34,-0.02,45,73530,卖盘,2017-08-03,2017-08-03 09:50:33
09:50:36,09:50:36,16.34,--,79,129086,卖盘,2017-08-03,2017-08-03 09:50:36
09:50:39,09:50:39,16.33,-0.01,29,47356,卖盘,2017-08-03,2017-08-03 09:50:39
09:50:45,09:50:45,16.34,0.01,0,817,买盘,2017-08-03,2017-08-03 09:50:45
09:50:48,09:50:48,16.34,--,17,27778,卖盘,2017-08-03,2017-08-03 09:50:48
09:50:51,09:50:51,16.36,0.02,9,14724,买盘,2017-08-03,2017-08-03 09:50:51
09:50:54,09:50:54,16.36,--,3,4908,买盘,2017-08-03,2017-08-03 09:50:54
09:50:57,09:50:57,16.36,--,6,9816,卖盘,2017-08-03,2017-08-03 09:50:57
09:51:00,09:51:00,16.36,--,1,2454,卖盘,2017-08-03,2017-08-03 09:51:00
09:51:03,09:51:03,16.36,--,2,3272,卖盘,2017-08-03,2017-08-03 09:51:03
09:51:06,09:51:06,16.37,0.01,53,86761,买盘,2017-08-03,2017-08-03 09:51:06
09:51:09,09:51:09,16.34,-0.03,30,49020,卖盘,2017-08-03,2017-08-03 09:51:09
09:51:12,09:51:12,16.36,0.02,4,6544,中性盘,2017-08-03,2017-08-03 09:51:12
09:51:15,09:51:15,16.36,--,14,22904,买盘,2017-08-03,2017-08-03 09:51:15
09:51:18,09:51:18,16.36,--,3,4908,买盘,2017-08-03,2017-08-03 09:51:18
09:51:24,09:51:24,16.34,-0.02,3,5719,卖盘,2017-08-03,2017-08-03 09:51:24
09:51:30,09:51:30,16.35,0.01,4,6540,中性盘,2017-08-03,2017-08-03 09:51:30
09:51:33,09:51:33,16.36,0.01,16,26176,买盘,2017-08-03,2017-08-03 09:51:33
09:51:36,09:51:36,16.34,-0.02,28,46569,卖盘,2017-08-03,2017-08-03 09:51:36
09:51:39,09:51:39,16.36,0.02,40,65440,买盘,2017-08-03,2017-08-03 09:51:39
09:51:42,09:51:42,16.34,-0.02,26,42484,卖盘,2017-08-03,2017-08-03 09:51:42
09:51:51,09:51:51,16.35,0.01,19,31065,中性盘,2017-08-03,2017-08-03 09:51:51
09:51:54,09:51:54,16.35,--,8,13080,买盘,2017-08-03,2017-08-03 09:51:54
09:51:57,09:51:57,16.34,-0.01,32,52288,卖盘,2017-08-03,2017-08-03 09:51:57
09:52:03,09:52:03,16.34,--,19,31046,买盘,2017-08-03,2017-08-03 09:52:03
09:52:06,09:52:06,16.34,--,20,32680,买盘,2017-08-03,2017-08-03 09:52:06
09:52:09,09:52:09,16.33,-0.01,16,26127,卖盘,2017-08-03,2017-08-03 09:52:09
09:52:12,09:52:12,16.34,0.01,10,16340,买盘,2017-08-03,2017-08-03 09:52:12
09:52:15,09:52:15,16.33,-0.01,13,21228,卖盘,2017-08-03,2017-08-03 09:52:15
09:52:27,09:52:27,16.3,-0.03,94,154035,卖盘,2017-08-03,2017-08-03 09:52:27
09:52:30,09:52:30,16.3,--,15,24450,买盘,2017-08-03,2017-08-03 09:52:30
09:52:33,09:52:33,16.3,--,5,8150,买盘,2017-08-03,2017-08-03 09:52:33
09:52:36,09:52:36,16.29,-0.01,11,17919,卖盘,2017-08-03,2017-08-03 09:52:36
09:52:42,09:52:42,16.29,--,7,11403,买盘,2017-08-03,2017-08-03 09:52:42
09:52:51,09:52:51,16.28,-0.01,10,16280,卖盘,2017-08-03,2017-08-03 09:52:51
09:52:54,09:52:54,16.27,-0.01,157,256252,卖盘,2017-08-03,2017-08-03 09:52:54
09:52:57,09:52:57,16.27,--,7,11389,买盘,2017-08-03,2017-08-03 09:52:57
09:53:03,09:53:03,16.27,--,2,3254,买盘,2017-08-03,2017-08-03 09:53:03
09:53:06,09:53:06,16.26,-0.01,18,29268,卖盘,2017-08-03,2017-08-03 09:53:06
09:53:09,09:53:09,16.26,--,4,6504,卖盘,2017-08-03,2017-08-03 09:53:09
09:53:15,09:53:15,16.26,--,3,4878,买盘,2017-08-03,2017-08-03 09:53:15
09:53:21,09:53:21,16.26,--,21,34146,卖盘,2017-08-03,2017-08-03 09:53:21
09:53:27,09:53:27,16.26,--,7,11382,买盘,2017-08-03,2017-08-03 09:53:27
09:53:30,09:53:30,16.26,--,10,16260,买盘,2017-08-03,2017-08-03 09:53:30
09:53:36,09:53:36,16.26,--,28,45528,买盘,2017-08-03,2017-08-03 09:53:36
09:53:39,09:53:39,16.25,-0.01,52,84500,卖盘,2017-08-03,2017-08-03 09:53:39
09:53:42,09:53:42,16.25,--,3,4875,买盘,2017-08-03,2017-08-03 09:53:42
09:53:54,09:53:54,16.25,--,1,1625,买盘,2017-08-03,2017-08-03 09:53:54
09:53:57,09:53:57,16.23,-0.02,2,3246,卖盘,2017-08-03,2017-08-03 09:53:57
09:54:12,09:54:12,16.23,--,8,12984,卖盘,2017-08-03,2017-08-03 09:54:12
09:54:15,09:54:15,16.25,0.02,6,9750,买盘,2017-08-03,2017-08-03 09:54:15
09:54:21,09:54:21,16.23,-0.02,7,12172,中性盘,2017-08-03,2017-08-03 09:54:21
09:54:24,09:54:24,16.25,0.02,3,4875,买盘,2017-08-03,2017-08-03 09:54:24
09:54:27,09:54:27,16.22,-0.03,18,29195,卖盘,2017-08-03,2017-08-03 09:54:27
09:54:33,09:54:33,16.23,0.01,8,12984,中性盘,2017-08-03,2017-08-03 09:54:33
09:54:36,09:54:36,16.25,0.02,5,8125,卖盘,2017-08-03,2017-08-03 09:54:36
09:54:42,09:54:42,16.23,-0.02,14,22722,卖盘,2017-08-03,2017-08-03 09:54:42
09:54:45,09:54:45,16.26,0.03,7,11382,买盘,2017-08-03,2017-08-03 09:54:45
09:54:48,09:54:48,16.25,-0.01,10,16250,买盘,2017-08-03,2017-08-03 09:54:48
09:55:00,09:55:00,16.25,--,9,14625,买盘,2017-08-03,2017-08-03 09:55:00
09:55:09,09:55:09,16.23,-0.02,39,63297,卖盘,2017-08-03,2017-08-03 09:55:09
09:55:21,09:55:21,16.25,0.02,53,86125,买盘,2017-08-03,2017-08-03 09:55:21
09:55:24,09:55:24,16.24,-0.01,19,30855,卖盘,2017-08-03,2017-08-03 09:55:24
09:55:27,09:55:27,16.23,-0.01,8,12984,卖盘,2017-08-03,2017-08-03 09:55:27
09:55:33,09:55:33,16.24,0.01,1,1623,买盘,2017-08-03,2017-08-03 09:55:33
09:55:39,09:55:39,16.26,0.02,18,29268,买盘,2017-08-03,2017-08-03 09:55:39
09:55:42,09:55:42,16.27,0.01,9,15456,买盘,2017-08-03,2017-08-03 09:55:42
09:55:45,09:55:45,16.25,-0.02,11,17875,卖盘,2017-08-03,2017-08-03 09:55:45
09:55:57,09:55:57,16.26,0.01,2,3252,中性盘,2017-08-03,2017-08-03 09:55:57
09:56:00,09:56:00,16.26,--,8,13008,卖盘,2017-08-03,2017-08-03 09:56:00
09:56:03,09:56:03,16.28,0.02,2,3256,买盘,2017-08-03,2017-08-03 09:56:03
09:56:06,09:56:06,16.25,-0.03,33,53625,卖盘,2017-08-03,2017-08-03 09:56:06
09:56:09,09:56:09,16.28,0.03,9,14652,买盘,2017-08-03,2017-08-03 09:56:09
09:56:12,09:56:12,16.28,--,5,8140,买盘,2017-08-03,2017-08-03 09:56:12
09:56:15,09:56:15,16.28,--,14,22792,买盘,2017-08-03,2017-08-03 09:56:15
09:56:27,09:56:27,16.29,0.01,8,13032,中性盘,2017-08-03,2017-08-03 09:56:27
09:56:33,09:56:33,16.29,--,1,1629,买盘,2017-08-03,2017-08-03 09:56:33
09:56:36,09:56:36,16.29,--,3,4887,买盘,2017-08-03,2017-08-03 09:56:36
09:56:39,09:56:39,16.3,0.01,8,13040,买盘,2017-08-03,2017-08-03 09:56:39
09:56:42,09:56:42,16.3,--,16,26895,买盘,2017-08-03,2017-08-03 09:56:42
09:56:51,09:56:51,16.3,--,47,76610,买盘,2017-08-03,2017-08-03 09:56:51
09:56:54,09:56:54,16.3,--,9,14670,买盘,2017-08-03,2017-08-03 09:56:54
09:56:57,09:56:57,16.3,--,21,35045,买盘,2017-08-03,2017-08-03 09:56:57
09:57:00,09:57:00,16.3,--,12,19560,卖盘,2017-08-03,2017-08-03 09:57:00
09:57:09,09:57:09,16.32,0.02,1,1632,买盘,2017-08-03,2017-08-03 09:57:09
09:57:12,09:57:12,16.32,--,1,1632,卖盘,2017-08-03,2017-08-03 09:57:12
09:57:15,09:57:15,16.35,0.03,5,8175,买盘,2017-08-03,2017-08-03 09:57:15
09:57:27,09:57:27,16.32,-0.03,1,1632,卖盘,2017-08-03,2017-08-03 09:57:27
09:57:33,09:57:33,16.35,0.03,9,15532,买盘,2017-08-03,2017-08-03 09:57:33
09:57:45,09:57:45,16.36,0.01,3,4908,买盘,2017-08-03,2017-08-03 09:57:45
09:57:48,09:57:48,16.36,--,104,170144,买盘,2017-08-03,2017-08-03 09:57:48
09:58:03,09:58:03,16.38,0.02,76,124487,买盘,2017-08-03,2017-08-03 09:58:03
09:58:09,09:58:09,16.37,-0.01,21,34377,中性盘,2017-08-03,2017-08-03 09:58:09
09:58:12,09:58:12,16.37,--,1,1637,中性盘,2017-08-03,2017-08-03 09:58:12
09:58:15,09:58:15,16.38,0.01,8,13923,买盘,2017-08-03,2017-08-03 09:58:15
09:58:18,09:58:18,16.37,-0.01,7,11459,中性盘,2017-08-03,2017-08-03 09:58:18
09:58:21,09:58:21,16.37,--,2,3274,买盘,2017-08-03,2017-08-03 09:58:21
09:58:27,09:58:27,16.36,-0.01,8,13906,卖盘,2017-08-03,2017-08-03 09:58:27
09:58:30,09:58:30,16.37,0.01,39,63843,买盘,2017-08-03,2017-08-03 09:58:30
09:58:33,09:58:33,16.38,0.01,21,34398,买盘,2017-08-03,2017-08-03 09:58:33
09:58:36,09:58:36,16.38,--,28,46683,买盘,2017-08-03,2017-08-03 09:58:36
09:58:48,09:58:48,16.38,--,7,11466,卖盘,2017-08-03,2017-08-03 09:58:48
09:58:51,09:58:51,16.4,0.02,21,34440,买盘,2017-08-03,2017-08-03 09:58:51
09:58:54,09:58:54,16.39,-0.01,10,16390,卖盘,2017-08-03,2017-08-03 09:58:54
09:59:03,09:59:03,16.39,--,1,1639,中性盘,2017-08-03,2017-08-03 09:59:03
09:59:06,09:59:06,16.4,0.01,44,72160,买盘,2017-08-03,2017-08-03 09:59:06
09:59:09,09:59:09,16.41,0.01,58,95178,买盘,2017-08-03,2017-08-03 09:59:09
09:59:12,09:59:12,16.41,--,2,3282,卖盘,2017-08-03,2017-08-03 09:59:12
09:59:24,09:59:24,16.42,0.01,11,18062,买盘,2017-08-03,2017-08-03 09:59:24
09:59:27,09:59:27,16.45,0.03,9,14805,买盘,2017-08-03,2017-08-03 09:59:27
09:59:33,09:59:33,16.45,--,4,6580,卖盘,2017-08-03,2017-08-03 09:59:33
09:59:36,09:59:36,16.48,0.03,78,128544,买盘,2017-08-03,2017-08-03 09:59:36
09:59:39,09:59:39,16.45,-0.03,5,8225,卖盘,2017-08-03,2017-08-03 09:59:39
09:59:42,09:59:42,16.5,0.05,14,23100,买盘,2017-08-03,2017-08-03 09:59:42
09:59:45,09:59:45,16.44,-0.06,1,1644,卖盘,2017-08-03,2017-08-03 09:59:45
09:59:48,09:59:48,16.57,0.13,5,8285,买盘,2017-08-03,2017-08-03 09:59:48
09:59:54,09:59:54,16.5,-0.07,20,33000,中性盘,2017-08-03,2017-08-03 09:59:54
10:00:00,10:00:00,16.54,0.04,21,34734,中性盘,2017-08-03,2017-08-03 10:00:00
10:00:03,10:00:03,16.55,0.01,13,21515,买盘,2017-08-03,2017-08-03 10:00:03
10:00:06,10:00:06,16.55,--,6,9930,买盘,2017-08-03,2017-08-03 10:00:06
10:00:09,10:00:09,16.55,--,96,158880,买盘,2017-08-03,2017-08-03 10:00:09
10:00:12,10:00:12,16.54,-0.01,8,13232,卖盘,2017-08-03,2017-08-03 10:00:12
10:00:15,10:00:15,16.54,--,3,4962,买盘,2017-08-03,2017-08-03 10:00:15
10:00:18,10:00:18,16.54,--,37,61198,买盘,2017-08-03,2017-08-03 10:00:18
10:00:21,10:00:21,16.54,--,18,29772,买盘,2017-08-03,2017-08-03 10:00:21
10:00:24,10:00:24,16.51,-0.03,19,31369,卖盘,2017-08-03,2017-08-03 10:00:24
10:00:27,10:00:27,16.5,-0.01,7,11550,卖盘,2017-08-03,2017-08-03 10:00:27
10:00:33,10:00:33,16.48,-0.02,25,41200,卖盘,2017-08-03,2017-08-03 10:00:33
10:00:36,10:00:36,16.45,-0.03,1,1645,卖盘,2017-08-03,2017-08-03 10:00:36
10:00:39,10:00:39,16.48,0.03,16,26368,买盘,2017-08-03,2017-08-03 10:00:39
10:00:42,10:00:42,16.48,--,9,14832,买盘,2017-08-03,2017-08-03 10:00:42
10:00:45,10:00:45,16.48,--,2,3296,买盘,2017-08-03,2017-08-03 10:00:45
10:00:48,10:00:48,16.45,-0.03,12,19740,卖盘,2017-08-03,2017-08-03 10:00:48
10:00:51,10:00:51,16.48,0.03,10,16480,买盘,2017-08-03,2017-08-03 10:00:51
10:00:54,10:00:54,16.45,-0.03,16,26320,卖盘,2017-08-03,2017-08-03 10:00:54
10:01:00,10:01:00,16.44,-0.01,10,16440,卖盘,2017-08-03,2017-08-03 10:01:00
10:01:12,10:01:12,16.44,--,8,13152,卖盘,2017-08-03,2017-08-03 10:01:12
10:01:15,10:01:15,16.45,0.01,6,9870,买盘,2017-08-03,2017-08-03 10:01:15
10:01:24,10:01:24,16.42,-0.03,1,2463,卖盘,2017-08-03,2017-08-03 10:01:24
10:01:27,10:01:27,16.44,0.02,3,4932,买盘,2017-08-03,2017-08-03 10:01:27
10:01:30,10:01:30,16.47,0.03,21,34587,买盘,2017-08-03,2017-08-03 10:01:30
10:01:45,10:01:45,16.44,-0.03,14,23016,卖盘,2017-08-03,2017-08-03 10:01:45
10:01:48,10:01:48,16.45,0.01,2,3290,买盘,2017-08-03,2017-08-03 10:01:48
10:01:51,10:01:51,16.47,0.02,22,36234,买盘,2017-08-03,2017-08-03 10:01:51
10:02:00,10:02:00,16.47,--,5,8235,买盘,2017-08-03,2017-08-03 10:02:00
10:02:03,10:02:03,16.47,--,39,64232,买盘,2017-08-03,2017-08-03 10:02:03
10:02:15,10:02:15,16.46,-0.01,15,24690,卖盘,2017-08-03,2017-08-03 10:02:15
10:02:18,10:02:18,16.46,--,5,8230,买盘,2017-08-03,2017-08-03 10:02:18
10:02:24,10:02:24,16.45,-0.01,10,16450,卖盘,2017-08-03,2017-08-03 10:02:24
10:02:27,10:02:27,16.47,0.02,5,8235,买盘,2017-08-03,2017-08-03 10:02:27
10:02:33,10:02:33,16.47,--,10,16470,买盘,2017-08-03,2017-08-03 10:02:33
10:02:39,10:02:39,16.47,--,27,44469,买盘,2017-08-03,2017-08-03 10:02:39
10:02:45,10:02:45,16.45,-0.02,25,41125,卖盘,2017-08-03,2017-08-03 10:02:45
10:02:48,10:02:48,16.47,0.02,35,58468,买盘,2017-08-03,2017-08-03 10:02:48
10:02:51,10:02:51,16.45,-0.02,30,49350,卖盘,2017-08-03,2017-08-03 10:02:51
10:02:57,10:02:57,16.48,0.03,18,29664,买盘,2017-08-03,2017-08-03 10:02:57
10:03:06,10:03:06,16.45,-0.03,10,16450,卖盘,2017-08-03,2017-08-03 10:03:06
10:03:12,10:03:12,16.48,0.03,15,24720,买盘,2017-08-03,2017-08-03 10:03:12
10:03:15,10:03:15,16.45,-0.03,66,108570,卖盘,2017-08-03,2017-08-03 10:03:15
10:03:27,10:03:27,16.44,-0.01,20,32880,卖盘,2017-08-03,2017-08-03 10:03:27
10:03:36,10:03:36,16.48,0.04,8,13184,买盘,2017-08-03,2017-08-03 10:03:36
10:03:42,10:03:42,16.48,--,7,11536,买盘,2017-08-03,2017-08-03 10:03:42
10:03:45,10:03:45,16.48,--,5,8240,卖盘,2017-08-03,2017-08-03 10:03:45
10:03:48,10:03:48,16.45,-0.03,1,2467,卖盘,2017-08-03,2017-08-03 10:03:48
10:03:54,10:03:54,16.47,0.02,1,1647,买盘,2017-08-03,2017-08-03 10:03:54
10:03:57,10:03:57,16.47,--,5,9058,买盘,2017-08-03,2017-08-03 10:03:57
10:04:09,10:04:09,16.48,0.01,9,15656,卖盘,2017-08-03,2017-08-03 10:04:09
10:04:12,10:04:12,16.46,-0.02,1,1646,卖盘,2017-08-03,2017-08-03 10:04:12
10:04:30,10:04:30,16.47,0.01,8,13176,中性盘,2017-08-03,2017-08-03 10:04:30
10:04:36,10:04:36,16.48,0.01,28,46968,买盘,2017-08-03,2017-08-03 10:04:36
10:04:48,10:04:48,16.48,--,7,11536,卖盘,2017-08-03,2017-08-03 10:04:48
10:04:51,10:04:51,16.48,--,30,49440,卖盘,2017-08-03,2017-08-03 10:04:51
10:04:54,10:04:54,16.48,--,10,16480,卖盘,2017-08-03,2017-08-03 10:04:54
10:04:57,10:04:57,16.5,0.02,6,9900,买盘,2017-08-03,2017-08-03 10:04:57
10:05:00,10:05:00,16.48,-0.02,10,16480,卖盘,2017-08-03,2017-08-03 10:05:00
10:05:09,10:05:09,16.49,0.01,2,3297,买盘,2017-08-03,2017-08-03 10:05:09
10:05:12,10:05:12,16.48,-0.01,1,1648,卖盘,2017-08-03,2017-08-03 10:05:12
10:05:18,10:05:18,16.47,-0.01,57,94702,卖盘,2017-08-03,2017-08-03 10:05:18
10:05:21,10:05:21,16.47,--,9,14822,买盘,2017-08-03,2017-08-03 10:05:21
10:05:24,10:05:24,16.47,--,5,8235,买盘,2017-08-03,2017-08-03 10:05:24
10:05:33,10:05:33,16.46,-0.01,6,9876,卖盘,2017-08-03,2017-08-03 10:05:33
10:05:36,10:05:36,16.46,--,60,98760,卖盘,2017-08-03,2017-08-03 10:05:36
10:05:45,10:05:45,16.47,0.01,3,4941,买盘,2017-08-03,2017-08-03 10:05:45
10:05:48,10:05:48,16.46,-0.01,1,1646,卖盘,2017-08-03,2017-08-03 10:05:48
10:05:51,10:05:51,16.47,0.01,37,60938,买盘,2017-08-03,2017-08-03 10:05:51
10:06:03,10:06:03,16.45,-0.02,65,106925,卖盘,2017-08-03,2017-08-03 10:06:03
10:06:09,10:06:09,16.44,-0.01,2,3288,卖盘,2017-08-03,2017-08-03 10:06:09
10:06:12,10:06:12,16.44,--,37,60828,卖盘,2017-08-03,2017-08-03 10:06:12
10:06:15,10:06:15,16.44,--,32,52608,卖盘,2017-08-03,2017-08-03 10:06:15
10:06:18,10:06:18,16.44,--,49,81378,卖盘,2017-08-03,2017-08-03 10:06:18
10:06:39,10:06:39,16.42,-0.02,4,6568,卖盘,2017-08-03,2017-08-03 10:06:39
10:06:45,10:06:45,16.44,0.02,2,3288,买盘,2017-08-03,2017-08-03 10:06:45
10:06:48,10:06:48,16.42,-0.02,2,4105,卖盘,2017-08-03,2017-08-03 10:06:48
10:06:57,10:06:57,16.44,0.02,10,17262,买盘,2017-08-03,2017-08-03 10:06:57
10:07:00,10:07:00,16.42,-0.02,14,22988,卖盘,2017-08-03,2017-08-03 10:07:00
10:07:03,10:07:03,16.4,-0.02,38,63139,卖盘,2017-08-03,2017-08-03 10:07:03
10:07:12,10:07:12,16.44,0.04,5,8220,买盘,2017-08-03,2017-08-03 10:07:12
10:07:18,10:07:18,16.42,-0.02,4,6568,卖盘,2017-08-03,2017-08-03 10:07:18
10:07:21,10:07:21,16.44,0.02,3,4932,买盘,2017-08-03,2017-08-03 10:07:21
10:07:27,10:07:27,16.44,--,1,1644,买盘,2017-08-03,2017-08-03 10:07:27
10:07:36,10:07:36,16.43,-0.01,16,26288,中性盘,2017-08-03,2017-08-03 10:07:36
10:07:39,10:07:39,16.42,-0.01,2,3284,卖盘,2017-08-03,2017-08-03 10:07:39
10:07:42,10:07:42,16.42,--,12,20525,卖盘,2017-08-03,2017-08-03 10:07:42
10:07:51,10:07:51,16.43,0.01,2,3286,中性盘,2017-08-03,2017-08-03 10:07:51
10:07:57,10:07:57,16.42,-0.01,1,1642,卖盘,2017-08-03,2017-08-03 10:07:57
10:08:03,10:08:03,16.43,0.01,15,24645,买盘,2017-08-03,2017-08-03 10:08:03
10:08:21,10:08:21,16.43,--,15,24645,中性盘,2017-08-03,2017-08-03 10:08:21
10:08:30,10:08:30,16.43,--,29,47647,买盘,2017-08-03,2017-08-03 10:08:30
10:08:33,10:08:33,16.43,--,15,24645,买盘,2017-08-03,2017-08-03 10:08:33
10:08:48,10:08:48,16.44,0.01,13,21372,买盘,2017-08-03,2017-08-03 10:08:48
10:08:51,10:08:51,16.44,--,22,36168,买盘,2017-08-03,2017-08-03 10:08:51
10:08:57,10:08:57,16.44,--,53,87132,买盘,2017-08-03,2017-08-03 10:08:57
10:09:00,10:09:00,16.44,--,10,16440,买盘,2017-08-03,2017-08-03 10:09:00
10:09:06,10:09:06,16.44,--,3,4932,卖盘,2017-08-03,2017-08-03 10:09:06
10:09:15,10:09:15,16.45,0.01,1,1645,买盘,2017-08-03,2017-08-03 10:09:15
10:09:18,10:09:18,16.45,--,45,74847,买盘,2017-08-03,2017-08-03 10:09:18
10:09:30,10:09:30,16.44,-0.01,3,5754,卖盘,2017-08-03,2017-08-03 10:09:30
10:09:42,10:09:42,16.44,--,12,19728,卖盘,2017-08-03,2017-08-03 10:09:42
10:09:54,10:09:54,16.46,0.02,9,14814,买盘,2017-08-03,2017-08-03 10:09:54
10:10:00,10:10:00,16.43,-0.03,41,67363,卖盘,2017-08-03,2017-08-03 10:10:00
10:10:12,10:10:12,16.44,0.01,10,16440,中性盘,2017-08-03,2017-08-03 10:10:12
10:10:15,10:10:15,16.43,-0.01,1,1725,卖盘,2017-08-03,2017-08-03 10:10:15
10:10:18,10:10:18,16.44,0.01,4,7398,买盘,2017-08-03,2017-08-03 10:10:18
10:10:27,10:10:27,16.44,--,2,3288,买盘,2017-08-03,2017-08-03 10:10:27
10:10:36,10:10:36,16.43,-0.01,66,108438,卖盘,2017-08-03,2017-08-03 10:10:36
10:10:42,10:10:42,16.44,0.01,5,8220,买盘,2017-08-03,2017-08-03 10:10:42
10:10:51,10:10:51,16.44,--,5,8220,中性盘,2017-08-03,2017-08-03 10:10:51
10:10:54,10:10:54,16.44,--,3,4932,买盘,2017-08-03,2017-08-03 10:10:54
10:11:00,10:11:00,16.43,-0.01,22,36967,卖盘,2017-08-03,2017-08-03 10:11:00
10:11:03,10:11:03,16.43,--,3,4929,卖盘,2017-08-03,2017-08-03 10:11:03
10:11:12,10:11:12,16.44,0.01,19,31236,卖盘,2017-08-03,2017-08-03 10:11:12
10:11:15,10:11:15,16.43,-0.01,34,56601,卖盘,2017-08-03,2017-08-03 10:11:15
10:11:27,10:11:27,16.42,-0.01,5,8210,卖盘,2017-08-03,2017-08-03 10:11:27
10:11:33,10:11:33,16.43,0.01,11,18073,买盘,2017-08-03,2017-08-03 10:11:33
10:11:36,10:11:36,16.42,-0.01,24,40229,卖盘,2017-08-03,2017-08-03 10:11:36
10:11:39,10:11:39,16.42,--,1,1642,买盘,2017-08-03,2017-08-03 10:11:39
10:11:48,10:11:48,16.41,-0.01,19,31179,卖盘,2017-08-03,2017-08-03 10:11:48
10:11:51,10:11:51,16.4,-0.01,1,1639,卖盘,2017-08-03,2017-08-03 10:11:51
10:11:54,10:11:54,16.41,0.01,5,8205,买盘,2017-08-03,2017-08-03 10:11:54
10:11:57,10:11:57,16.4,-0.01,10,16400,卖盘,2017-08-03,2017-08-03 10:11:57
10:12:00,10:12:00,16.4,--,2,3279,买盘,2017-08-03,2017-08-03 10:12:00
10:12:03,10:12:03,16.42,0.02,76,125613,买盘,2017-08-03,2017-08-03 10:12:03
10:12:06,10:12:06,16.42,--,10,16420,卖盘,2017-08-03,2017-08-03 10:12:06
10:12:15,10:12:15,16.43,0.01,4,6572,买盘,2017-08-03,2017-08-03 10:12:15
10:12:18,10:12:18,16.43,--,2,3286,买盘,2017-08-03,2017-08-03 10:12:18
10:12:21,10:12:21,16.42,-0.01,28,45976,卖盘,2017-08-03,2017-08-03 10:12:21
10:12:30,10:12:30,16.42,--,18,30377,卖盘,2017-08-03,2017-08-03 10:12:30
10:12:33,10:12:33,16.42,--,12,19704,买盘,2017-08-03,2017-08-03 10:12:33
10:12:39,10:12:39,16.46,0.04,105,172830,买盘,2017-08-03,2017-08-03 10:12:39
10:12:54,10:12:54,16.4,-0.06,1,1639,中性盘,2017-08-03,2017-08-03 10:12:54
10:12:57,10:12:57,16.42,0.02,7,11494,买盘,2017-08-03,2017-08-03 10:12:57
10:13:06,10:13:06,16.43,0.01,2,3286,买盘,2017-08-03,2017-08-03 10:13:06
10:13:09,10:13:09,16.43,--,20,33681,买盘,2017-08-03,2017-08-03 10:13:09
10:13:15,10:13:15,16.42,-0.01,50,82100,卖盘,2017-08-03,2017-08-03 10:13:15
10:13:21,10:13:21,16.45,0.03,8,13160,买盘,2017-08-03,2017-08-03 10:13:21
10:13:33,10:13:33,16.45,--,5,8225,买盘,2017-08-03,2017-08-03 10:13:33
10:13:45,10:13:45,16.45,--,4,6580,卖盘,2017-08-03,2017-08-03 10:13:45
10:13:57,10:13:57,16.46,0.01,40,65840,买盘,2017-08-03,2017-08-03 10:13:57
10:14:00,10:14:00,16.45,-0.01,9,14805,卖盘,2017-08-03,2017-08-03 10:14:00
10:14:03,10:14:03,16.46,0.01,19,31274,买盘,2017-08-03,2017-08-03 10:14:03
10:14:09,10:14:09,16.45,-0.01,3,4935,卖盘,2017-08-03,2017-08-03 10:14:09
10:14:12,10:14:12,16.46,0.01,49,80736,买盘,2017-08-03,2017-08-03 10:14:12
10:14:15,10:14:15,16.46,--,20,32920,卖盘,2017-08-03,2017-08-03 10:14:15
10:14:27,10:14:27,16.46,--,0,823,卖盘,2017-08-03,2017-08-03 10:14:27
10:14:30,10:14:30,16.47,0.01,115,189405,买盘,2017-08-03,2017-08-03 10:14:30
10:14:33,10:14:33,16.47,--,12,19764,买盘,2017-08-03,2017-08-03 10:14:33
10:14:36,10:14:36,16.47,--,43,70821,买盘,2017-08-03,2017-08-03 10:14:36
10:14:39,10:14:39,16.47,--,10,16470,卖盘,2017-08-03,2017-08-03 10:14:39
10:14:48,10:14:48,16.5,0.03,54,89100,买盘,2017-08-03,2017-08-03 10:14:48
10:14:51,10:14:51,16.5,--,86,141900,买盘,2017-08-03,2017-08-03 10:14:51
10:15:06,10:15:06,16.55,0.05,69,114195,买盘,2017-08-03,2017-08-03 10:15:06
10:15:18,10:15:18,16.57,0.02,18,30654,买盘,2017-08-03,2017-08-03 10:15:18
10:15:30,10:15:30,16.6,0.03,8,13280,买盘,2017-08-03,2017-08-03 10:15:30
10:15:33,10:15:33,16.6,--,5,8300,卖盘,2017-08-03,2017-08-03 10:15:33
10:15:39,10:15:39,16.61,0.01,12,19932,买盘,2017-08-03,2017-08-03 10:15:39
10:15:42,10:15:42,16.62,0.01,10,16620,买盘,2017-08-03,2017-08-03 10:15:42
10:15:45,10:15:45,16.63,0.01,5,8315,买盘,2017-08-03,2017-08-03 10:15:45
10:15:57,10:15:57,16.63,--,34,56542,买盘,2017-08-03,2017-08-03 10:15:57
10:16:00,10:16:00,16.63,--,29,48227,买盘,2017-08-03,2017-08-03 10:16:00
10:16:03,10:16:03,16.62,-0.01,55,91410,卖盘,2017-08-03,2017-08-03 10:16:03
10:16:06,10:16:06,16.63,0.01,4,6652,中性盘,2017-08-03,2017-08-03 10:16:06
10:16:09,10:16:09,16.63,--,2,3326,卖盘,2017-08-03,2017-08-03 10:16:09
10:16:12,10:16:12,16.63,--,0,831,卖盘,2017-08-03,2017-08-03 10:16:12
10:16:15,10:16:15,16.65,0.02,32,54112,买盘,2017-08-03,2017-08-03 10:16:15
10:16:18,10:16:18,16.63,-0.02,38,63193,卖盘,2017-08-03,2017-08-03 10:16:18
10:16:21,10:16:21,16.63,--,23,38249,买盘,2017-08-03,2017-08-03 10:16:21
10:16:27,10:16:27,16.63,--,90,149670,买盘,2017-08-03,2017-08-03 10:16:27
10:16:33,10:16:33,16.63,--,42,69846,买盘,2017-08-03,2017-08-03 10:16:33
10:16:39,10:16:39,16.62,-0.01,2,3324,中性盘,2017-08-03,2017-08-03 10:16:39
10:16:48,10:16:48,16.62,--,2,3324,卖盘,2017-08-03,2017-08-03 10:16:48
10:16:51,10:16:51,16.62,--,9,14958,卖盘,2017-08-03,2017-08-03 10:16:51
10:17:00,10:17:00,16.62,--,6,9972,买盘,2017-08-03,2017-08-03 10:17:00
10:17:09,10:17:09,16.6,-0.02,3,4980,卖盘,2017-08-03,2017-08-03 10:17:09
10:17:24,10:17:24,16.58,-0.02,112,185695,卖盘,2017-08-03,2017-08-03 10:17:24
10:17:27,10:17:27,16.58,--,2,3315,买盘,2017-08-03,2017-08-03 10:17:27
10:17:30,10:17:30,16.6,0.02,10,16600,买盘,2017-08-03,2017-08-03 10:17:30
10:17:36,10:17:36,16.56,-0.04,12,19872,卖盘,2017-08-03,2017-08-03 10:17:36
10:17:42,10:17:42,16.56,--,5,8280,卖盘,2017-08-03,2017-08-03 10:17:42
10:17:48,10:17:48,16.55,-0.01,13,21515,卖盘,2017-08-03,2017-08-03 10:17:48
10:17:57,10:17:57,16.55,--,105,173775,卖盘,2017-08-03,2017-08-03 10:17:57
10:18:18,10:18:18,16.56,0.01,5,8280,中性盘,2017-08-03,2017-08-03 10:18:18
10:18:30,10:18:30,16.56,--,2,3311,卖盘,2017-08-03,2017-08-03 10:18:30
10:18:39,10:18:39,16.59,0.03,7,11613,买盘,2017-08-03,2017-08-03 10:18:39
10:18:51,10:18:51,16.57,-0.02,18,29826,卖盘,2017-08-03,2017-08-03 10:18:51
10:19:00,10:19:00,16.58,0.01,3,4973,买盘,2017-08-03,2017-08-03 10:19:00
10:19:03,10:19:03,16.57,-0.01,4,6628,中性盘,2017-08-03,2017-08-03 10:19:03
10:19:09,10:19:09,16.57,--,2,3314,买盘,2017-08-03,2017-08-03 10:19:09
10:19:21,10:19:21,16.58,0.01,15,24869,买盘,2017-08-03,2017-08-03 10:19:21
10:19:27,10:19:27,16.57,-0.01,0,828,卖盘,2017-08-03,2017-08-03 10:19:27
10:19:33,10:19:33,16.58,0.01,5,8290,买盘,2017-08-03,2017-08-03 10:19:33
10:19:36,10:19:36,16.58,--,10,16580,买盘,2017-08-03,2017-08-03 10:19:36
10:19:48,10:19:48,16.58,--,1,1657,卖盘,2017-08-03,2017-08-03 10:19:48
10:19:54,10:19:54,16.58,--,1,1657,卖盘,2017-08-03,2017-08-03 10:19:54
10:20:00,10:20:00,16.59,0.01,4,6636,买盘,2017-08-03,2017-08-03 10:20:00
10:20:12,10:20:12,16.58,-0.01,14,23211,卖盘,2017-08-03,2017-08-03 10:20:12
10:20:15,10:20:15,16.59,0.01,4,6636,买盘,2017-08-03,2017-08-03 10:20:15
10:20:18,10:20:18,16.58,-0.01,2,3315,卖盘,2017-08-03,2017-08-03 10:20:18
10:20:21,10:20:21,16.6,0.02,4,6640,买盘,2017-08-03,2017-08-03 10:20:21
10:20:27,10:20:27,16.59,-0.01,11,18249,买盘,2017-08-03,2017-08-03 10:20:27
10:20:33,10:20:33,16.6,0.01,90,149400,买盘,2017-08-03,2017-08-03 10:20:33
10:20:36,10:20:36,16.58,-0.02,9,14921,中性盘,2017-08-03,2017-08-03 10:20:36
10:20:39,10:20:39,16.57,-0.01,27,44739,卖盘,2017-08-03,2017-08-03 10:20:39
10:20:48,10:20:48,16.58,0.01,4,6631,中性盘,2017-08-03,2017-08-03 10:20:48
10:21:06,10:21:06,16.56,-0.02,62,103499,卖盘,2017-08-03,2017-08-03 10:21:06
10:21:24,10:21:24,16.56,--,5,8280,买盘,2017-08-03,2017-08-03 10:21:24
10:21:27,10:21:27,16.56,--,3,4968,买盘,2017-08-03,2017-08-03 10:21:27
10:21:30,10:21:30,16.55,-0.01,100,165500,卖盘,2017-08-03,2017-08-03 10:21:30
10:21:42,10:21:42,16.55,--,10,16550,中性盘,2017-08-03,2017-08-03 10:21:42
10:21:45,10:21:45,16.53,-0.02,5,8265,卖盘,2017-08-03,2017-08-03 10:21:45
10:21:57,10:21:57,16.53,--,1,1653,卖盘,2017-08-03,2017-08-03 10:21:57
10:22:00,10:22:00,16.53,--,1,1653,卖盘,2017-08-03,2017-08-03 10:22:00
10:22:03,10:22:03,16.53,--,1,1653,卖盘,2017-08-03,2017-08-03 10:22:03
10:22:09,10:22:09,16.53,--,4,6612,买盘,2017-08-03,2017-08-03 10:22:09
10:22:24,10:22:24,16.53,--,1,1653,买盘,2017-08-03,2017-08-03 10:22:24
10:22:27,10:22:27,16.5,-0.03,5,8250,卖盘,2017-08-03,2017-08-03 10:22:27
10:22:33,10:22:33,16.49,-0.01,13,21436,卖盘,2017-08-03,2017-08-03 10:22:33
10:22:36,10:22:36,16.49,--,63,103886,买盘,2017-08-03,2017-08-03 10:22:36
10:22:39,10:22:39,16.53,0.04,10,16530,买盘,2017-08-03,2017-08-03 10:22:39
10:22:45,10:22:45,16.48,-0.05,1,1648,卖盘,2017-08-03,2017-08-03 10:22:45
10:22:51,10:22:51,16.49,0.01,4,7420,买盘,2017-08-03,2017-08-03 10:22:51
10:23:15,10:23:15,16.5,0.01,15,24750,中性盘,2017-08-03,2017-08-03 10:23:15
10:23:30,10:23:30,16.53,0.03,2,3306,买盘,2017-08-03,2017-08-03 10:23:30
10:23:42,10:23:42,16.53,--,6,10744,买盘,2017-08-03,2017-08-03 10:23:42
10:23:54,10:23:54,16.53,--,1,1653,卖盘,2017-08-03,2017-08-03 10:23:54
10:23:57,10:23:57,16.53,--,1,1653,卖盘,2017-08-03,2017-08-03 10:23:57
10:24:00,10:24:00,16.58,0.05,63,104453,买盘,2017-08-03,2017-08-03 10:24:00
10:24:27,10:24:27,16.6,0.02,76,126990,买盘,2017-08-03,2017-08-03 10:24:27
10:24:42,10:24:42,16.6,--,5,8300,卖盘,2017-08-03,2017-08-03 10:24:42
10:24:45,10:24:45,16.6,--,24,40670,卖盘,2017-08-03,2017-08-03 10:24:45
10:24:48,10:24:48,16.61,0.01,5,8305,买盘,2017-08-03,2017-08-03 10:24:48
10:25:00,10:25:00,16.6,-0.01,5,8300,中性盘,2017-08-03,2017-08-03 10:25:00
10:25:03,10:25:03,16.53,-0.07,1,1653,卖盘,2017-08-03,2017-08-03 10:25:03
10:25:06,10:25:06,16.61,0.08,11,18271,买盘,2017-08-03,2017-08-03 10:25:06
10:25:21,10:25:21,16.57,-0.04,3,4971,中性盘,2017-08-03,2017-08-03 10:25:21
10:25:24,10:25:24,16.53,-0.04,22,36366,卖盘,2017-08-03,2017-08-03 10:25:24
10:25:30,10:25:30,16.61,0.08,38,63118,买盘,2017-08-03,2017-08-03 10:25:30
10:25:42,10:25:42,16.6,-0.01,8,13280,中性盘,2017-08-03,2017-08-03 10:25:42
10:25:48,10:25:48,16.6,--,5,8300,买盘,2017-08-03,2017-08-03 10:25:48
10:26:00,10:26:00,16.59,-0.01,2,3318,中性盘,2017-08-03,2017-08-03 10:26:00
10:26:15,10:26:15,16.58,-0.01,1,1657,卖盘,2017-08-03,2017-08-03 10:26:15
10:26:18,10:26:18,16.57,-0.01,1,1657,卖盘,2017-08-03,2017-08-03 10:26:18
10:26:33,10:26:33,16.57,--,11,18227,卖盘,2017-08-03,2017-08-03 10:26:33
10:26:48,10:26:48,16.53,-0.04,18,29754,卖盘,2017-08-03,2017-08-03 10:26:48
10:27:06,10:27:06,16.53,--,43,71079,卖盘,2017-08-03,2017-08-03 10:27:06
10:27:09,10:27:09,16.54,0.01,4,6616,中性盘,2017-08-03,2017-08-03 10:27:09
10:27:21,10:27:21,16.54,--,1,1654,买盘,2017-08-03,2017-08-03 10:27:21
10:27:24,10:27:24,16.52,-0.02,57,94990,卖盘,2017-08-03,2017-08-03 10:27:24
10:27:27,10:27:27,16.54,0.02,8,13232,买盘,2017-08-03,2017-08-03 10:27:27
10:27:36,10:27:36,16.54,--,3,4962,卖盘,2017-08-03,2017-08-03 10:27:36
10:27:45,10:27:45,16.56,0.02,8,13247,买盘,2017-08-03,2017-08-03 10:27:45
10:27:48,10:27:48,16.54,-0.02,10,16540,卖盘,2017-08-03,2017-08-03 10:27:48
10:28:03,10:28:03,16.56,0.02,20,33120,买盘,2017-08-03,2017-08-03 10:28:03
10:28:06,10:28:06,16.56,--,1,1655,卖盘,2017-08-03,2017-08-03 10:28:06
10:28:09,10:28:09,16.56,--,12,20700,卖盘,2017-08-03,2017-08-03 10:28:09
10:28:12,10:28:12,16.56,--,2,3311,卖盘,2017-08-03,2017-08-03 10:28:12
10:28:18,10:28:18,16.59,0.03,3,4977,买盘,2017-08-03,2017-08-03 10:28:18
10:28:21,10:28:21,16.56,-0.03,7,12419,卖盘,2017-08-03,2017-08-03 10:28:21
10:28:36,10:28:36,16.59,0.03,2,3318,买盘,2017-08-03,2017-08-03 10:28:36
10:28:39,10:28:39,16.59,--,1,1659,卖盘,2017-08-03,2017-08-03 10:28:39
10:28:48,10:28:48,16.59,--,9,14931,卖盘,2017-08-03,2017-08-03 10:28:48
10:28:51,10:28:51,16.59,--,1,1659,买盘,2017-08-03,2017-08-03 10:28:51
10:29:00,10:29:00,16.59,--,50,82950,买盘,2017-08-03,2017-08-03 10:29:00
10:29:15,10:29:15,16.59,--,20,33180,买盘,2017-08-03,2017-08-03 10:29:15
10:29:18,10:29:18,16.58,-0.01,1,1657,卖盘,2017-08-03,2017-08-03 10:29:18
10:29:21,10:29:21,16.57,-0.01,1,2485,卖盘,2017-08-03,2017-08-03 10:29:21
10:29:33,10:29:33,16.59,0.02,2,3318,买盘,2017-08-03,2017-08-03 10:29:33
10:29:48,10:29:48,16.59,--,17,28203,买盘,2017-08-03,2017-08-03 10:29:48
10:29:51,10:29:51,16.58,-0.01,10,16580,卖盘,2017-08-03,2017-08-03 10:29:51
10:30:00,10:30:00,16.58,--,3,4973,卖盘,2017-08-03,2017-08-03 10:30:00
10:30:12,10:30:12,16.57,-0.01,11,19055,卖盘,2017-08-03,2017-08-03 10:30:12
10:30:18,10:30:18,16.6,0.03,52,86320,买盘,2017-08-03,2017-08-03 10:30:18
10:30:30,10:30:30,16.6,--,4,6640,买盘,2017-08-03,2017-08-03 10:30:30
10:30:39,10:30:39,16.58,-0.02,0,828,中性盘,2017-08-03,2017-08-03 10:30:39
10:30:48,10:30:48,16.58,--,8,14092,卖盘,2017-08-03,2017-08-03 10:30:48
10:31:03,10:31:03,16.6,0.02,31,51460,买盘,2017-08-03,2017-08-03 10:31:03
10:31:06,10:31:06,16.6,--,68,112880,买盘,2017-08-03,2017-08-03 10:31:06
10:31:09,10:31:09,16.58,-0.02,1,1657,卖盘,2017-08-03,2017-08-03 10:31:09
10:31:15,10:31:15,16.6,0.02,44,73040,买盘,2017-08-03,2017-08-03 10:31:15
10:31:21,10:31:21,16.6,--,14,23240,买盘,2017-08-03,2017-08-03 10:31:21
10:31:33,10:31:33,16.65,0.05,75,124874,买盘,2017-08-03,2017-08-03 10:31:33
10:31:51,10:31:51,16.65,--,6,9990,买盘,2017-08-03,2017-08-03 10:31:51
10:31:57,10:31:57,16.65,--,3,4995,买盘,2017-08-03,2017-08-03 10:31:57
10:32:03,10:32:03,16.66,0.01,27,44982,买盘,2017-08-03,2017-08-03 10:32:03
10:32:09,10:32:09,16.66,--,8,13328,买盘,2017-08-03,2017-08-03 10:32:09
10:32:12,10:32:12,16.65,-0.01,7,11654,中性盘,2017-08-03,2017-08-03 10:32:12
10:32:15,10:32:15,16.65,--,1,1664,买盘,2017-08-03,2017-08-03 10:32:15
10:32:18,10:32:18,16.65,--,6,9990,买盘,2017-08-03,2017-08-03 10:32:18
10:32:24,10:32:24,16.61,-0.04,2,3322,卖盘,2017-08-03,2017-08-03 10:32:24
10:32:30,10:32:30,16.65,0.04,9,14984,买盘,2017-08-03,2017-08-03 10:32:30
10:32:42,10:32:42,16.65,--,2,3329,买盘,2017-08-03,2017-08-03 10:32:42
10:32:45,10:32:45,16.65,--,1,1664,买盘,2017-08-03,2017-08-03 10:32:45
10:32:48,10:32:48,16.62,-0.03,1,1662,卖盘,2017-08-03,2017-08-03 10:32:48
10:32:57,10:32:57,16.65,0.03,7,11654,买盘,2017-08-03,2017-08-03 10:32:57
10:33:00,10:33:00,16.65,--,4,6659,买盘,2017-08-03,2017-08-03 10:33:00
10:33:03,10:33:03,16.65,--,3,4995,买盘,2017-08-03,2017-08-03 10:33:03
10:33:06,10:33:06,16.65,--,2,3329,买盘,2017-08-03,2017-08-03 10:33:06
10:33:12,10:33:12,16.62,-0.03,10,17451,卖盘,2017-08-03,2017-08-03 10:33:12
10:33:30,10:33:30,16.62,--,40,66480,卖盘,2017-08-03,2017-08-03 10:33:30
10:33:39,10:33:39,16.6,-0.02,44,73040,卖盘,2017-08-03,2017-08-03 10:33:39
10:33:51,10:33:51,16.57,-0.03,1,1657,卖盘,2017-08-03,2017-08-03 10:33:51
10:34:18,10:34:18,16.58,0.01,2,3315,中性盘,2017-08-03,2017-08-03 10:34:18
10:34:36,10:34:36,16.61,0.03,1,1661,中性盘,2017-08-03,2017-08-03 10:34:36
10:35:06,10:35:06,16.61,--,5,8305,买盘,2017-08-03,2017-08-03 10:35:06
10:35:15,10:35:15,16.6,-0.01,1,1660,卖盘,2017-08-03,2017-08-03 10:35:15
10:35:21,10:35:21,16.6,--,5,8300,卖盘,2017-08-03,2017-08-03 10:35:21
10:35:30,10:35:30,16.61,0.01,2,3322,买盘,2017-08-03,2017-08-03 10:35:30
10:35:36,10:35:36,16.61,--,9,14949,买盘,2017-08-03,2017-08-03 10:35:36
10:35:39,10:35:39,16.6,-0.01,3,4980,卖盘,2017-08-03,2017-08-03 10:35:39
10:35:42,10:35:42,16.61,0.01,20,33220,买盘,2017-08-03,2017-08-03 10:35:42
10:35:48,10:35:48,16.6,-0.01,5,8300,卖盘,2017-08-03,2017-08-03 10:35:48
10:35:54,10:35:54,16.6,--,14,23240,买盘,2017-08-03,2017-08-03 10:35:54
10:35:57,10:35:57,16.6,--,17,28220,买盘,2017-08-03,2017-08-03 10:35:57
10:36:03,10:36:03,16.57,-0.03,56,92792,卖盘,2017-08-03,2017-08-03 10:36:03
10:36:06,10:36:06,16.57,--,2,3314,买盘,2017-08-03,2017-08-03 10:36:06
10:36:09,10:36:09,16.57,--,3,4971,买盘,2017-08-03,2017-08-03 10:36:09
10:36:15,10:36:15,16.57,--,14,23198,买盘,2017-08-03,2017-08-03 10:36:15
10:36:18,10:36:18,16.57,--,5,8285,买盘,2017-08-03,2017-08-03 10:36:18
10:36:24,10:36:24,16.57,--,53,87821,买盘,2017-08-03,2017-08-03 10:36:24
10:36:30,10:36:30,16.56,-0.01,18,29807,卖盘,2017-08-03,2017-08-03 10:36:30
10:36:42,10:36:42,16.56,--,11,18216,卖盘,2017-08-03,2017-08-03 10:36:42
10:36:51,10:36:51,16.56,--,77,127511,卖盘,2017-08-03,2017-08-03 10:36:51
10:37:00,10:37:00,16.56,--,32,52991,卖盘,2017-08-03,2017-08-03 10:37:00
10:37:06,10:37:06,16.56,--,10,16560,买盘,2017-08-03,2017-08-03 10:37:06
10:37:09,10:37:09,16.57,0.01,10,16570,买盘,2017-08-03,2017-08-03 10:37:09
10:37:39,10:37:39,16.57,--,40,66280,买盘,2017-08-03,2017-08-03 10:37:39
10:37:48,10:37:48,16.56,-0.01,5,8280,卖盘,2017-08-03,2017-08-03 10:37:48
10:37:51,10:37:51,16.57,0.01,2,3314,买盘,2017-08-03,2017-08-03 10:37:51
10:37:54,10:37:54,16.57,--,20,33140,买盘,2017-08-03,2017-08-03 10:37:54
10:38:15,10:38:15,16.62,0.05,24,39888,买盘,2017-08-03,2017-08-03 10:38:15
10:38:27,10:38:27,16.63,0.01,6,9978,买盘,2017-08-03,2017-08-03 10:38:27
10:38:33,10:38:33,16.62,-0.01,5,8310,卖盘,2017-08-03,2017-08-03 10:38:33
10:38:39,10:38:39,16.62,--,1,2493,卖盘,2017-08-03,2017-08-03 10:38:39
10:38:48,10:38:48,16.68,0.06,110,183480,买盘,2017-08-03,2017-08-03 10:38:48
10:39:12,10:39:12,16.62,-0.06,71,118833,卖盘,2017-08-03,2017-08-03 10:39:12
10:39:18,10:39:18,16.63,0.01,37,62362,买盘,2017-08-03,2017-08-03 10:39:18
10:39:36,10:39:36,16.65,0.02,3,4995,买盘,2017-08-03,2017-08-03 10:39:36
10:39:54,10:39:54,16.63,-0.02,36,60699,卖盘,2017-08-03,2017-08-03 10:39:54
10:40:00,10:40:00,16.63,--,6,9978,买盘,2017-08-03,2017-08-03 10:40:00
10:40:06,10:40:06,16.63,--,12,19956,买盘,2017-08-03,2017-08-03 10:40:06
10:40:09,10:40:09,16.63,--,5,9146,买盘,2017-08-03,2017-08-03 10:40:09
10:40:12,10:40:12,16.68,0.05,5,8340,买盘,2017-08-03,2017-08-03 10:40:12
10:40:18,10:40:18,16.63,-0.05,4,6652,卖盘,2017-08-03,2017-08-03 10:40:18
10:40:33,10:40:33,16.67,0.04,1,1667,中性盘,2017-08-03,2017-08-03 10:40:33
10:40:39,10:40:39,16.64,-0.03,7,11648,卖盘,2017-08-03,2017-08-03 10:40:39
10:40:42,10:40:42,16.64,--,21,34944,卖盘,2017-08-03,2017-08-03 10:40:42
10:40:51,10:40:51,16.64,--,5,8320,买盘,2017-08-03,2017-08-03 10:40:51
10:41:00,10:41:00,16.64,--,1,1664,买盘,2017-08-03,2017-08-03 10:41:00
10:41:03,10:41:03,16.63,-0.01,6,9978,卖盘,2017-08-03,2017-08-03 10:41:03
10:41:06,10:41:06,16.64,0.01,30,49920,买盘,2017-08-03,2017-08-03 10:41:06
10:41:09,10:41:09,16.64,--,1,1664,买盘,2017-08-03,2017-08-03 10:41:09
10:41:15,10:41:15,16.64,--,2,3328,买盘,2017-08-03,2017-08-03 10:41:15
10:41:21,10:41:21,16.64,--,40,66560,买盘,2017-08-03,2017-08-03 10:41:21
10:41:33,10:41:33,16.63,-0.01,10,16630,卖盘,2017-08-03,2017-08-03 10:41:33
10:41:36,10:41:36,16.64,0.01,6,9984,买盘,2017-08-03,2017-08-03 10:41:36
10:41:39,10:41:39,16.64,--,2,3328,卖盘,2017-08-03,2017-08-03 10:41:39
10:41:45,10:41:45,16.62,-0.02,110,182820,卖盘,2017-08-03,2017-08-03 10:41:45
10:41:51,10:41:51,16.64,0.02,2,3328,卖盘,2017-08-03,2017-08-03 10:41:51
10:41:57,10:41:57,16.65,0.01,5,8325,买盘,2017-08-03,2017-08-03 10:41:57
10:42:03,10:42:03,16.64,-0.01,20,33280,卖盘,2017-08-03,2017-08-03 10:42:03
10:42:09,10:42:09,16.62,-0.02,1,1662,卖盘,2017-08-03,2017-08-03 10:42:09
10:42:27,10:42:27,16.62,--,5,8310,卖盘,2017-08-03,2017-08-03 10:42:27
10:42:30,10:42:30,16.64,0.02,3,4992,买盘,2017-08-03,2017-08-03 10:42:30
10:42:36,10:42:36,16.62,-0.02,49,81438,卖盘,2017-08-03,2017-08-03 10:42:36
10:42:39,10:42:39,16.62,--,33,55677,卖盘,2017-08-03,2017-08-03 10:42:39
10:42:51,10:42:51,16.6,-0.02,18,29880,卖盘,2017-08-03,2017-08-03 10:42:51
10:42:54,10:42:54,16.6,--,5,8300,买盘,2017-08-03,2017-08-03 10:42:54
10:43:06,10:43:06,16.58,-0.02,6,9947,卖盘,2017-08-03,2017-08-03 10:43:06
10:43:12,10:43:12,16.58,--,9,14921,买盘,2017-08-03,2017-08-03 10:43:12
10:43:21,10:43:21,16.6,0.02,52,86320,买盘,2017-08-03,2017-08-03 10:43:21
10:43:27,10:43:27,16.58,-0.02,3,4973,中性盘,2017-08-03,2017-08-03 10:43:27
10:43:30,10:43:30,16.58,--,3,4973,买盘,2017-08-03,2017-08-03 10:43:30
10:43:33,10:43:33,16.57,-0.01,9,14913,卖盘,2017-08-03,2017-08-03 10:43:33
10:43:36,10:43:36,16.57,--,7,12427,买盘,2017-08-03,2017-08-03 10:43:36
10:43:39,10:43:39,16.58,0.01,4,6631,买盘,2017-08-03,2017-08-03 10:43:39
10:43:42,10:43:42,16.57,-0.01,12,19884,卖盘,2017-08-03,2017-08-03 10:43:42
10:43:45,10:43:45,16.57,--,8,13256,卖盘,2017-08-03,2017-08-03 10:43:45
10:43:48,10:43:48,16.58,0.01,4,6631,买盘,2017-08-03,2017-08-03 10:43:48
10:43:51,10:43:51,16.58,--,11,18237,买盘,2017-08-03,2017-08-03 10:43:51
10:43:54,10:43:54,16.58,--,2,3315,买盘,2017-08-03,2017-08-03 10:43:54
10:44:06,10:44:06,16.58,--,6,9947,卖盘,2017-08-03,2017-08-03 10:44:06
10:44:09,10:44:09,16.58,--,420,696359,卖盘,2017-08-03,2017-08-03 10:44:09
10:44:15,10:44:15,16.58,--,4,7460,卖盘,2017-08-03,2017-08-03 10:44:15
10:44:18,10:44:18,16.58,--,7,12434,卖盘,2017-08-03,2017-08-03 10:44:18
10:44:21,10:44:21,16.58,--,2,3315,买盘,2017-08-03,2017-08-03 10:44:21
10:44:24,10:44:24,16.58,--,5,8290,买盘,2017-08-03,2017-08-03 10:44:24
10:44:27,10:44:27,16.58,--,6,9947,买盘,2017-08-03,2017-08-03 10:44:27
10:44:33,10:44:33,16.58,--,76,126007,买盘,2017-08-03,2017-08-03 10:44:33
10:44:45,10:44:45,16.58,--,24,39791,卖盘,2017-08-03,2017-08-03 10:44:45
10:44:54,10:44:54,16.58,--,22,36475,买盘,2017-08-03,2017-08-03 10:44:54
10:44:57,10:44:57,16.58,--,5,8290,买盘,2017-08-03,2017-08-03 10:44:57
10:45:00,10:45:00,16.58,--,3,4973,买盘,2017-08-03,2017-08-03 10:45:00
10:45:09,10:45:09,16.57,-0.01,11,18227,卖盘,2017-08-03,2017-08-03 10:45:09
10:45:12,10:45:12,16.58,0.01,16,26527,买盘,2017-08-03,2017-08-03 10:45:12
10:45:15,10:45:15,16.58,--,32,53055,买盘,2017-08-03,2017-08-03 10:45:15
10:45:21,10:45:21,16.57,-0.01,45,74565,卖盘,2017-08-03,2017-08-03 10:45:21
10:45:24,10:45:24,16.58,0.01,23,38133,买盘,2017-08-03,2017-08-03 10:45:24
10:45:30,10:45:30,16.58,--,36,59687,买盘,2017-08-03,2017-08-03 10:45:30
10:45:33,10:45:33,16.58,--,11,18237,买盘,2017-08-03,2017-08-03 10:45:33
10:45:42,10:45:42,16.7,0.12,138,230460,买盘,2017-08-03,2017-08-03 10:45:42
10:45:51,10:45:51,16.58,-0.12,5,8290,卖盘,2017-08-03,2017-08-03 10:45:51
10:46:18,10:46:18,16.69,0.11,5,8345,中性盘,2017-08-03,2017-08-03 10:46:18
10:46:27,10:46:27,16.7,0.01,14,23380,买盘,2017-08-03,2017-08-03 10:46:27
10:46:33,10:46:33,16.69,-0.01,2,3338,买盘,2017-08-03,2017-08-03 10:46:33
10:46:39,10:46:39,16.68,-0.01,2,3336,中性盘,2017-08-03,2017-08-03 10:46:39
10:46:45,10:46:45,16.7,0.02,17,28390,买盘,2017-08-03,2017-08-03 10:46:45
10:46:57,10:46:57,16.7,--,5,8350,买盘,2017-08-03,2017-08-03 10:46:57
10:47:00,10:47:00,16.7,--,1,1670,买盘,2017-08-03,2017-08-03 10:47:00
10:47:03,10:47:03,16.71,0.01,20,33420,买盘,2017-08-03,2017-08-03 10:47:03
10:47:09,10:47:09,16.7,-0.01,15,25050,买盘,2017-08-03,2017-08-03 10:47:09
10:47:12,10:47:12,16.7,--,10,16700,买盘,2017-08-03,2017-08-03 10:47:12
10:47:15,10:47:15,16.7,--,7,11690,买盘,2017-08-03,2017-08-03 10:47:15
10:47:21,10:47:21,16.7,--,6,10020,买盘,2017-08-03,2017-08-03 10:47:21
10:47:33,10:47:33,16.7,--,10,16700,买盘,2017-08-03,2017-08-03 10:47:33
10:47:42,10:47:42,16.64,-0.06,4,6656,卖盘,2017-08-03,2017-08-03 10:47:42
10:47:51,10:47:51,16.69,0.05,4,6676,买盘,2017-08-03,2017-08-03 10:47:51
10:48:03,10:48:03,16.7,0.01,43,72645,买盘,2017-08-03,2017-08-03 10:48:03
10:48:06,10:48:06,16.7,--,4,6680,卖盘,2017-08-03,2017-08-03 10:48:06
10:48:15,10:48:15,16.7,--,15,25050,卖盘,2017-08-03,2017-08-03 10:48:15
10:48:18,10:48:18,16.71,0.01,9,15874,买盘,2017-08-03,2017-08-03 10:48:18
10:48:27,10:48:27,16.7,-0.01,33,55110,卖盘,2017-08-03,2017-08-03 10:48:27
10:48:30,10:48:30,16.7,--,4,6680,买盘,2017-08-03,2017-08-03 10:48:30
10:48:33,10:48:33,16.72,0.02,16,26752,买盘,2017-08-03,2017-08-03 10:48:33
10:48:36,10:48:36,16.72,--,3,5016,卖盘,2017-08-03,2017-08-03 10:48:36
10:48:42,10:48:42,16.75,0.03,9,15075,买盘,2017-08-03,2017-08-03 10:48:42
10:48:54,10:48:54,16.75,--,2,3350,卖盘,2017-08-03,2017-08-03 10:48:54
10:48:57,10:48:57,16.76,0.01,11,18436,买盘,2017-08-03,2017-08-03 10:48:57
10:49:00,10:49:00,16.77,0.01,18,30186,卖盘,2017-08-03,2017-08-03 10:49:00
10:49:03,10:49:03,16.76,-0.01,20,33520,卖盘,2017-08-03,2017-08-03 10:49:03
10:49:09,10:49:09,16.77,0.01,4,6708,中性盘,2017-08-03,2017-08-03 10:49:09
10:49:18,10:49:18,16.76,-0.01,37,62012,卖盘,2017-08-03,2017-08-03 10:49:18
10:49:27,10:49:27,16.76,--,21,35196,买盘,2017-08-03,2017-08-03 10:49:27
10:49:30,10:49:30,16.72,-0.04,4,6688,卖盘,2017-08-03,2017-08-03 10:49:30
10:49:36,10:49:36,16.75,0.03,3,5025,中性盘,2017-08-03,2017-08-03 10:49:36
10:49:45,10:49:45,16.72,-0.03,31,51832,卖盘,2017-08-03,2017-08-03 10:49:45
10:49:51,10:49:51,16.72,--,3,5016,买盘,2017-08-03,2017-08-03 10:49:51
10:49:57,10:49:57,16.72,--,7,12540,卖盘,2017-08-03,2017-08-03 10:49:57
10:50:03,10:50:03,16.72,--,34,56847,卖盘,2017-08-03,2017-08-03 10:50:03
10:50:15,10:50:15,16.72,--,6,10032,卖盘,2017-08-03,2017-08-03 10:50:15
10:50:18,10:50:18,16.71,-0.01,2,4177,卖盘,2017-08-03,2017-08-03 10:50:18
10:50:24,10:50:24,16.73,0.02,10,17566,买盘,2017-08-03,2017-08-03 10:50:24
10:50:27,10:50:27,16.73,--,15,25095,卖盘,2017-08-03,2017-08-03 10:50:27
10:50:36,10:50:36,16.73,--,8,14220,卖盘,2017-08-03,2017-08-03 10:50:36
10:50:39,10:50:39,16.73,--,3,5019,买盘,2017-08-03,2017-08-03 10:50:39
10:50:42,10:50:42,16.71,-0.02,3,5013,卖盘,2017-08-03,2017-08-03 10:50:42
10:50:48,10:50:48,16.71,--,3,5013,卖盘,2017-08-03,2017-08-03 10:50:48
10:50:54,10:50:54,16.73,0.02,3,5019,买盘,2017-08-03,2017-08-03 10:50:54
10:51:00,10:51:00,16.71,-0.02,3,5013,卖盘,2017-08-03,2017-08-03 10:51:00
10:51:03,10:51:03,16.72,0.01,12,20064,买盘,2017-08-03,2017-08-03 10:51:03
10:51:06,10:51:06,16.72,--,2,3344,卖盘,2017-08-03,2017-08-03 10:51:06
10:51:27,10:51:27,16.72,--,10,16720,卖盘,2017-08-03,2017-08-03 10:51:27
10:51:42,10:51:42,16.72,--,2,3344,卖盘,2017-08-03,2017-08-03 10:51:42
10:51:45,10:51:45,16.72,--,13,21736,卖盘,2017-08-03,2017-08-03 10:51:45
10:51:48,10:51:48,16.72,--,5,8360,卖盘,2017-08-03,2017-08-03 10:51:48
10:51:51,10:51:51,16.72,--,15,25080,卖盘,2017-08-03,2017-08-03 10:51:51
10:51:54,10:51:54,16.72,--,1,1672,买盘,2017-08-03,2017-08-03 10:51:54
10:52:12,10:52:12,16.72,--,3,5016,买盘,2017-08-03,2017-08-03 10:52:12
10:52:15,10:52:15,16.71,-0.01,11,18381,卖盘,2017-08-03,2017-08-03 10:52:15
10:52:18,10:52:18,16.71,--,21,35091,买盘,2017-08-03,2017-08-03 10:52:18
10:52:27,10:52:27,16.7,-0.01,5,8350,卖盘,2017-08-03,2017-08-03 10:52:27
10:52:30,10:52:30,16.71,0.01,5,8355,买盘,2017-08-03,2017-08-03 10:52:30
10:52:33,10:52:33,16.7,-0.01,7,11690,卖盘,2017-08-03,2017-08-03 10:52:33
10:52:36,10:52:36,16.7,--,1,1670,卖盘,2017-08-03,2017-08-03 10:52:36
10:52:39,10:52:39,16.7,--,12,20040,卖盘,2017-08-03,2017-08-03 10:52:39
10:52:48,10:52:48,16.69,-0.01,10,16690,卖盘,2017-08-03,2017-08-03 10:52:48
10:53:00,10:53:00,16.68,-0.01,2,3336,卖盘,2017-08-03,2017-08-03 10:53:00
10:53:09,10:53:09,16.68,--,42,70056,买盘,2017-08-03,2017-08-03 10:53:09
10:53:24,10:53:24,16.67,-0.01,2,3334,卖盘,2017-08-03,2017-08-03 10:53:24
10:53:36,10:53:36,16.66,-0.01,2,3332,卖盘,2017-08-03,2017-08-03 10:53:36
10:53:54,10:53:54,16.65,-0.01,4,6659,卖盘,2017-08-03,2017-08-03 10:53:54
10:53:57,10:53:57,16.6,-0.05,34,57270,卖盘,2017-08-03,2017-08-03 10:53:57
10:54:00,10:54:00,16.65,0.05,10,16650,买盘,2017-08-03,2017-08-03 10:54:00
10:54:03,10:54:03,16.65,--,8,13319,卖盘,2017-08-03,2017-08-03 10:54:03
10:54:15,10:54:15,16.66,0.01,6,9996,买盘,2017-08-03,2017-08-03 10:54:15
10:54:18,10:54:18,16.65,-0.01,12,19980,卖盘,2017-08-03,2017-08-03 10:54:18
10:54:24,10:54:24,16.65,--,2,3329,买盘,2017-08-03,2017-08-03 10:54:24
10:54:48,10:54:48,16.61,-0.04,3,4983,卖盘,2017-08-03,2017-08-03 10:54:48
10:55:12,10:55:12,16.61,--,6,9966,卖盘,2017-08-03,2017-08-03 10:55:12
10:55:24,10:55:24,16.61,--,1,2491,卖盘,2017-08-03,2017-08-03 10:55:24
10:55:27,10:55:27,16.65,0.04,2,3329,买盘,2017-08-03,2017-08-03 10:55:27
10:55:36,10:55:36,16.65,--,29,48284,买盘,2017-08-03,2017-08-03 10:55:36
10:55:42,10:55:42,16.65,--,1,1664,卖盘,2017-08-03,2017-08-03 10:55:42
10:55:57,10:55:57,16.66,0.01,1,1666,买盘,2017-08-03,2017-08-03 10:55:57
10:56:09,10:56:09,16.66,--,5,8330,卖盘,2017-08-03,2017-08-03 10:56:09
10:56:12,10:56:12,16.66,--,11,18326,买盘,2017-08-03,2017-08-03 10:56:12
10:56:30,10:56:30,16.66,--,14,23324,买盘,2017-08-03,2017-08-03 10:56:30
10:56:51,10:56:51,16.66,--,107,178262,卖盘,2017-08-03,2017-08-03 10:56:51
10:56:54,10:56:54,16.66,--,12,19992,卖盘,2017-08-03,2017-08-03 10:56:54
10:57:15,10:57:15,16.65,-0.01,1,1664,卖盘,2017-08-03,2017-08-03 10:57:15
10:57:18,10:57:18,16.66,0.01,3,4998,买盘,2017-08-03,2017-08-03 10:57:18
10:57:27,10:57:27,16.65,-0.01,38,63269,卖盘,2017-08-03,2017-08-03 10:57:27
10:57:33,10:57:33,16.65,--,1,1664,卖盘,2017-08-03,2017-08-03 10:57:33
10:57:36,10:57:36,16.66,0.01,107,178262,买盘,2017-08-03,2017-08-03 10:57:36
10:57:42,10:57:42,16.66,--,6,9996,买盘,2017-08-03,2017-08-03 10:57:42
10:57:45,10:57:45,16.65,-0.01,15,24974,卖盘,2017-08-03,2017-08-03 10:57:45
10:58:42,10:58:42,16.62,-0.03,1,1662,卖盘,2017-08-03,2017-08-03 10:58:42
10:58:54,10:58:54,16.65,0.03,2,3329,买盘,2017-08-03,2017-08-03 10:58:54
10:59:12,10:59:12,16.62,-0.03,1,1662,卖盘,2017-08-03,2017-08-03 10:59:12
10:59:21,10:59:21,16.65,0.03,11,18315,买盘,2017-08-03,2017-08-03 10:59:21
10:59:30,10:59:30,16.65,--,3,4995,买盘,2017-08-03,2017-08-03 10:59:30
11:00:09,11:00:09,16.62,-0.03,10,16620,卖盘,2017-08-03,2017-08-03 11:00:09
11:00:24,11:00:24,16.62,--,1,1662,卖盘,2017-08-03,2017-08-03 11:00:24
11:01:09,11:01:09,16.65,0.03,15,24974,买盘,2017-08-03,2017-08-03 11:01:09
11:01:36,11:01:36,16.63,-0.02,10,16630,卖盘,2017-08-03,2017-08-03 11:01:36
11:01:48,11:01:48,16.65,0.02,3,4995,买盘,2017-08-03,2017-08-03 11:01:48
11:01:54,11:01:54,16.64,-0.01,1,1664,卖盘,2017-08-03,2017-08-03 11:01:54
11:02:09,11:02:09,16.64,--,9,14976,卖盘,2017-08-03,2017-08-03 11:02:09
11:02:21,11:02:21,16.63,-0.01,10,16630,卖盘,2017-08-03,2017-08-03 11:02:21
11:02:33,11:02:33,16.64,0.01,1,1664,买盘,2017-08-03,2017-08-03 11:02:33
11:02:54,11:02:54,16.64,--,6,9984,买盘,2017-08-03,2017-08-03 11:02:54
11:03:06,11:03:06,16.63,-0.01,8,13304,卖盘,2017-08-03,2017-08-03 11:03:06
11:03:15,11:03:15,16.64,0.01,15,24960,买盘,2017-08-03,2017-08-03 11:03:15
11:03:24,11:03:24,16.64,--,7,12480,买盘,2017-08-03,2017-08-03 11:03:24
11:04:00,11:04:00,16.62,-0.02,41,68973,卖盘,2017-08-03,2017-08-03 11:04:00
11:04:03,11:04:03,16.62,--,7,11634,买盘,2017-08-03,2017-08-03 11:04:03
11:04:06,11:04:06,16.62,--,5,8310,买盘,2017-08-03,2017-08-03 11:04:06
11:04:09,11:04:09,16.61,-0.01,10,16610,卖盘,2017-08-03,2017-08-03 11:04:09
11:04:27,11:04:27,16.6,-0.01,87,144420,卖盘,2017-08-03,2017-08-03 11:04:27
11:04:45,11:04:45,16.6,--,12,19920,买盘,2017-08-03,2017-08-03 11:04:45
11:04:48,11:04:48,16.62,0.02,40,66480,买盘,2017-08-03,2017-08-03 11:04:48
11:04:57,11:04:57,16.59,-0.03,2,3318,卖盘,2017-08-03,2017-08-03 11:04:57
11:05:15,11:05:15,16.6,0.01,1,2490,中性盘,2017-08-03,2017-08-03 11:05:15
11:05:18,11:05:18,16.6,--,10,16600,卖盘,2017-08-03,2017-08-03 11:05:18
11:05:24,11:05:24,16.6,--,10,16600,卖盘,2017-08-03,2017-08-03 11:05:24
11:05:30,11:05:30,16.6,--,3,5810,卖盘,2017-08-03,2017-08-03 11:05:30
11:05:33,11:05:33,16.62,0.02,36,59832,买盘,2017-08-03,2017-08-03 11:05:33
11:05:39,11:05:39,16.6,-0.02,1,1660,中性盘,2017-08-03,2017-08-03 11:05:39
11:05:57,11:05:57,16.6,--,5,8300,卖盘,2017-08-03,2017-08-03 11:05:57
11:06:03,11:06:03,16.6,--,3,4980,卖盘,2017-08-03,2017-08-03 11:06:03
11:06:06,11:06:06,16.6,--,4,6640,卖盘,2017-08-03,2017-08-03 11:06:06
11:06:09,11:06:09,16.6,--,5,8300,买盘,2017-08-03,2017-08-03 11:06:09
11:06:12,11:06:12,16.6,--,3,4980,买盘,2017-08-03,2017-08-03 11:06:12
11:06:15,11:06:15,16.6,--,9,14940,买盘,2017-08-03,2017-08-03 11:06:15
11:06:27,11:06:27,16.59,-0.01,5,8295,卖盘,2017-08-03,2017-08-03 11:06:27
11:06:48,11:06:48,16.62,0.03,11,18282,买盘,2017-08-03,2017-08-03 11:06:48
11:07:24,11:07:24,16.62,--,38,63156,卖盘,2017-08-03,2017-08-03 11:07:24
11:07:45,11:07:45,16.62,--,14,23268,卖盘,2017-08-03,2017-08-03 11:07:45
11:07:51,11:07:51,16.61,-0.01,24,39864,卖盘,2017-08-03,2017-08-03 11:07:51
11:07:57,11:07:57,16.62,0.01,116,192792,买盘,2017-08-03,2017-08-03 11:07:57
11:08:03,11:08:03,16.6,-0.02,259,429940,卖盘,2017-08-03,2017-08-03 11:08:03
11:08:18,11:08:18,16.59,-0.01,2,3318,卖盘,2017-08-03,2017-08-03 11:08:18
11:08:39,11:08:39,16.59,--,21,34839,卖盘,2017-08-03,2017-08-03 11:08:39
11:08:42,11:08:42,16.59,--,3,4977,卖盘,2017-08-03,2017-08-03 11:08:42
11:08:45,11:08:45,16.59,--,1,1659,卖盘,2017-08-03,2017-08-03 11:08:45
11:08:54,11:08:54,16.59,--,20,33180,卖盘,2017-08-03,2017-08-03 11:08:54
11:08:57,11:08:57,16.6,0.01,21,34860,买盘,2017-08-03,2017-08-03 11:08:57
11:09:00,11:09:00,16.59,-0.01,4,6636,卖盘,2017-08-03,2017-08-03 11:09:00
11:09:03,11:09:03,16.59,--,49,81291,卖盘,2017-08-03,2017-08-03 11:09:03
11:09:18,11:09:18,16.58,-0.01,6,9947,卖盘,2017-08-03,2017-08-03 11:09:18
11:09:24,11:09:24,16.59,0.01,3,4977,买盘,2017-08-03,2017-08-03 11:09:24
11:09:27,11:09:27,16.58,-0.01,122,202275,卖盘,2017-08-03,2017-08-03 11:09:27
11:09:30,11:09:30,16.58,--,6,9947,买盘,2017-08-03,2017-08-03 11:09:30
11:09:36,11:09:36,16.58,--,5,8290,买盘,2017-08-03,2017-08-03 11:09:36
11:09:39,11:09:39,16.56,-0.02,56,92736,卖盘,2017-08-03,2017-08-03 11:09:39
11:09:54,11:09:54,16.56,--,10,16560,卖盘,2017-08-03,2017-08-03 11:09:54
11:09:57,11:09:57,16.56,--,67,111779,卖盘,2017-08-03,2017-08-03 11:09:57
11:10:00,11:10:00,16.56,--,2,3311,买盘,2017-08-03,2017-08-03 11:10:00
11:10:09,11:10:09,16.55,-0.01,6,9930,卖盘,2017-08-03,2017-08-03 11:10:09
11:10:12,11:10:12,16.55,--,23,38065,卖盘,2017-08-03,2017-08-03 11:10:12
11:10:15,11:10:15,16.55,--,7,11585,卖盘,2017-08-03,2017-08-03 11:10:15
11:10:30,11:10:30,16.53,-0.02,34,56202,卖盘,2017-08-03,2017-08-03 11:10:30
11:10:33,11:10:33,16.53,--,49,80997,卖盘,2017-08-03,2017-08-03 11:10:33
11:10:36,11:10:36,16.52,-0.01,25,41300,卖盘,2017-08-03,2017-08-03 11:10:36
11:10:39,11:10:39,16.53,0.01,15,24795,买盘,2017-08-03,2017-08-03 11:10:39
11:10:48,11:10:48,16.52,-0.01,32,52864,卖盘,2017-08-03,2017-08-03 11:10:48
11:11:00,11:11:00,16.52,--,9,14868,卖盘,2017-08-03,2017-08-03 11:11:00
11:11:09,11:11:09,16.5,-0.02,154,254100,卖盘,2017-08-03,2017-08-03 11:11:09
11:11:18,11:11:18,16.5,--,13,21450,卖盘,2017-08-03,2017-08-03 11:11:18
11:11:30,11:11:30,16.51,0.01,5,8255,中性盘,2017-08-03,2017-08-03 11:11:30
11:11:33,11:11:33,16.5,-0.01,51,84150,卖盘,2017-08-03,2017-08-03 11:11:33
11:11:36,11:11:36,16.5,--,2,4125,买盘,2017-08-03,2017-08-03 11:11:36
11:11:51,11:11:51,16.51,0.01,3,4953,卖盘,2017-08-03,2017-08-03 11:11:51
11:12:12,11:12:12,16.52,0.01,33,54516,中性盘,2017-08-03,2017-08-03 11:12:12
11:12:15,11:12:15,16.52,--,5,8260,卖盘,2017-08-03,2017-08-03 11:12:15
11:12:30,11:12:30,16.55,0.03,3,4965,买盘,2017-08-03,2017-08-03 11:12:30
11:12:39,11:12:39,16.52,-0.03,100,165200,卖盘,2017-08-03,2017-08-03 11:12:39
11:12:42,11:12:42,16.54,0.02,6,9924,买盘,2017-08-03,2017-08-03 11:12:42
11:12:45,11:12:45,16.55,0.01,2,3310,买盘,2017-08-03,2017-08-03 11:12:45
11:12:54,11:12:54,16.59,0.04,3,4977,买盘,2017-08-03,2017-08-03 11:12:54
11:13:06,11:13:06,16.59,--,7,11613,买盘,2017-08-03,2017-08-03 11:13:06
11:13:09,11:13:09,16.59,--,5,8295,买盘,2017-08-03,2017-08-03 11:13:09
11:13:27,11:13:27,16.59,--,6,9954,买盘,2017-08-03,2017-08-03 11:13:27
11:14:06,11:14:06,16.56,-0.03,25,41400,卖盘,2017-08-03,2017-08-03 11:14:06
11:14:21,11:14:21,16.56,--,2,3311,中性盘,2017-08-03,2017-08-03 11:14:21
11:14:48,11:14:48,16.56,--,2,3311,中性盘,2017-08-03,2017-08-03 11:14:48
11:15:12,11:15:12,16.55,-0.01,2,3310,卖盘,2017-08-03,2017-08-03 11:15:12
11:15:24,11:15:24,16.55,--,25,41375,卖盘,2017-08-03,2017-08-03 11:15:24
11:15:48,11:15:48,16.55,--,1,1655,中性盘,2017-08-03,2017-08-03 11:15:48
11:15:51,11:15:51,16.55,--,9,14895,买盘,2017-08-03,2017-08-03 11:15:51
11:16:03,11:16:03,16.56,0.01,1,1655,买盘,2017-08-03,2017-08-03 11:16:03
11:16:36,11:16:36,16.55,-0.01,18,29790,卖盘,2017-08-03,2017-08-03 11:16:36
11:16:51,11:16:51,16.54,-0.01,6,9924,卖盘,2017-08-03,2017-08-03 11:16:51
11:16:54,11:16:54,16.55,0.01,3,4965,买盘,2017-08-03,2017-08-03 11:16:54
11:16:57,11:16:57,16.54,-0.01,14,23156,卖盘,2017-08-03,2017-08-03 11:16:57
11:17:12,11:17:12,16.54,--,2,3308,买盘,2017-08-03,2017-08-03 11:17:12
11:17:18,11:17:18,16.54,--,3,4962,卖盘,2017-08-03,2017-08-03 11:17:18
11:17:24,11:17:24,16.54,--,1,1654,卖盘,2017-08-03,2017-08-03 11:17:24
11:17:33,11:17:33,16.54,--,20,33080,卖盘,2017-08-03,2017-08-03 11:17:33
11:17:51,11:17:51,16.54,--,10,16540,买盘,2017-08-03,2017-08-03 11:17:51
11:17:54,11:17:54,16.54,--,8,14059,买盘,2017-08-03,2017-08-03 11:17:54
11:18:09,11:18:09,16.54,--,2,4135,卖盘,2017-08-03,2017-08-03 11:18:09
11:18:30,11:18:30,16.54,--,3,4962,买盘,2017-08-03,2017-08-03 11:18:30
11:18:36,11:18:36,16.53,-0.01,1,1653,卖盘,2017-08-03,2017-08-03 11:18:36
11:18:42,11:18:42,16.54,0.01,3,4962,买盘,2017-08-03,2017-08-03 11:18:42
11:18:45,11:18:45,16.54,--,15,25637,买盘,2017-08-03,2017-08-03 11:18:45
11:18:48,11:18:48,16.54,--,1,1654,卖盘,2017-08-03,2017-08-03 11:18:48
11:18:54,11:18:54,16.54,--,1,2481,卖盘,2017-08-03,2017-08-03 11:18:54
11:18:57,11:18:57,16.54,--,7,12405,卖盘,2017-08-03,2017-08-03 11:18:57
11:19:09,11:19:09,16.53,-0.01,17,28101,卖盘,2017-08-03,2017-08-03 11:19:09
11:19:12,11:19:12,16.55,0.02,1,1655,买盘,2017-08-03,2017-08-03 11:19:12
11:19:21,11:19:21,16.53,-0.02,5,8265,卖盘,2017-08-03,2017-08-03 11:19:21
11:19:24,11:19:24,16.54,0.01,1,1654,买盘,2017-08-03,2017-08-03 11:19:24
11:19:42,11:19:42,16.53,-0.01,12,20662,卖盘,2017-08-03,2017-08-03 11:19:42
11:20:30,11:20:30,16.52,-0.01,8,13216,卖盘,2017-08-03,2017-08-03 11:20:30
11:20:33,11:20:33,16.53,0.01,56,93394,买盘,2017-08-03,2017-08-03 11:20:33
11:20:36,11:20:36,16.53,--,7,12397,卖盘,2017-08-03,2017-08-03 11:20:36
11:20:57,11:20:57,16.51,-0.02,9,14859,卖盘,2017-08-03,2017-08-03 11:20:57
11:21:06,11:21:06,16.52,0.01,1,1652,中性盘,2017-08-03,2017-08-03 11:21:06
11:21:09,11:21:09,16.53,0.01,12,20662,买盘,2017-08-03,2017-08-03 11:21:09
11:21:27,11:21:27,16.52,-0.01,4,7434,卖盘,2017-08-03,2017-08-03 11:21:27
11:21:39,11:21:39,16.52,--,1,1652,买盘,2017-08-03,2017-08-03 11:21:39
11:21:48,11:21:48,16.52,--,2,3304,买盘,2017-08-03,2017-08-03 11:21:48
11:22:24,11:22:24,16.52,--,1,1652,卖盘,2017-08-03,2017-08-03 11:22:24
11:23:33,11:23:33,16.52,--,8,13216,中性盘,2017-08-03,2017-08-03 11:23:33
11:23:57,11:23:57,16.52,--,1,1652,卖盘,2017-08-03,2017-08-03 11:23:57
11:24:24,11:24:24,16.55,0.03,7,11585,买盘,2017-08-03,2017-08-03 11:24:24
11:24:30,11:24:30,16.53,-0.02,8,13224,中性盘,2017-08-03,2017-08-03 11:24:30
11:24:42,11:24:42,16.53,--,10,16530,卖盘,2017-08-03,2017-08-03 11:24:42
11:25:39,11:25:39,16.53,--,1,1653,卖盘,2017-08-03,2017-08-03 11:25:39
11:26:15,11:26:15,16.55,0.02,7,11585,买盘,2017-08-03,2017-08-03 11:26:15
11:26:30,11:26:30,16.56,0.01,6,10764,买盘,2017-08-03,2017-08-03 11:26:30
11:26:57,11:26:57,16.55,-0.01,7,12412,卖盘,2017-08-03,2017-08-03 11:26:57
11:27:24,11:27:24,16.55,--,1,1655,卖盘,2017-08-03,2017-08-03 11:27:24
11:27:27,11:27:27,16.55,--,18,29790,卖盘,2017-08-03,2017-08-03 11:27:27
11:27:33,11:27:33,16.55,--,1,1655,卖盘,2017-08-03,2017-08-03 11:27:33
11:27:48,11:27:48,16.56,0.01,1,1655,买盘,2017-08-03,2017-08-03 11:27:48
11:28:03,11:28:03,16.55,-0.01,24,39720,卖盘,2017-08-03,2017-08-03 11:28:03
11:28:36,11:28:36,16.55,--,7,11585,买盘,2017-08-03,2017-08-03 11:28:36
11:28:39,11:28:39,16.55,--,10,16550,买盘,2017-08-03,2017-08-03 11:28:39
11:28:42,11:28:42,16.53,-0.02,4,7438,卖盘,2017-08-03,2017-08-03 11:28:42
11:29:12,11:29:12,16.53,--,1,1653,卖盘,2017-08-03,2017-08-03 11:29:12
11:29:18,11:29:18,16.54,0.01,8,14059,买盘,2017-08-03,2017-08-03 11:29:18
11:29:30,11:29:30,16.54,--,3,5789,卖盘,2017-08-03,2017-08-03 11:29:30
11:29:36,11:29:36,16.54,--,2,4135,买盘,2017-08-03,2017-08-03 11:29:36
11:29:42,11:29:42,16.55,0.01,12,19860,买盘,2017-08-03,2017-08-03 11:29:42
11:29:54,11:29:54,16.55,--,8,13240,买盘,2017-08-03,2017-08-03 11:29:54
11:30:03,11:30:03,16.54,-0.01,6,9924,卖盘,2017-08-03,2017-08-03 11:30:03
13:00:03,13:00:03,16.54,--,0,0,卖盘,2017-08-03,2017-08-03 13:00:03
13:00:06,13:00:06,16.55,0.01,10,16550,买盘,2017-08-03,2017-08-03 13:00:06
13:00:09,13:00:09,16.55,--,5,8357,买盘,2017-08-03,2017-08-03 13:00:09
13:01:03,13:01:03,16.55,--,1,1655,买盘,2017-08-03,2017-08-03 13:01:03
13:01:24,13:01:24,16.53,-0.02,263,434739,卖盘,2017-08-03,2017-08-03 13:01:24
13:02:21,13:02:21,16.55,0.02,6,9930,买盘,2017-08-03,2017-08-03 13:02:21
13:02:42,13:02:42,16.54,-0.01,2,3308,卖盘,2017-08-03,2017-08-03 13:02:42
13:02:51,13:02:51,16.54,--,10,16540,买盘,2017-08-03,2017-08-03 13:02:51
13:03:03,13:03:03,16.52,-0.02,96,159335,卖盘,2017-08-03,2017-08-03 13:03:03
13:03:24,13:03:24,16.52,--,5,9086,买盘,2017-08-03,2017-08-03 13:03:24
13:03:27,13:03:27,16.51,-0.01,10,17335,卖盘,2017-08-03,2017-08-03 13:03:27
13:03:30,13:03:30,16.52,0.01,1,2560,买盘,2017-08-03,2017-08-03 13:03:30
13:03:45,13:03:45,16.54,0.02,14,23983,买盘,2017-08-03,2017-08-03 13:03:45
13:04:03,13:04:03,16.54,--,2,3308,买盘,2017-08-03,2017-08-03 13:04:03
13:04:33,13:04:33,16.55,0.01,37,61235,买盘,2017-08-03,2017-08-03 13:04:33
13:05:09,13:05:09,16.58,0.03,1,1657,买盘,2017-08-03,2017-08-03 13:05:09
13:05:24,13:05:24,16.58,--,1,1657,卖盘,2017-08-03,2017-08-03 13:05:24
13:05:54,13:05:54,16.55,-0.03,21,34755,卖盘,2017-08-03,2017-08-03 13:05:54
13:06:06,13:06:06,16.55,--,10,16550,买盘,2017-08-03,2017-08-03 13:06:06
13:06:21,13:06:21,16.55,--,2,3310,卖盘,2017-08-03,2017-08-03 13:06:21
13:06:24,13:06:24,16.58,0.03,30,49739,买盘,2017-08-03,2017-08-03 13:06:24
13:06:45,13:06:45,16.58,--,7,11605,卖盘,2017-08-03,2017-08-03 13:06:45
13:06:48,13:06:48,16.6,0.02,5,8300,买盘,2017-08-03,2017-08-03 13:06:48
13:07:00,13:07:00,16.6,--,22,37350,买盘,2017-08-03,2017-08-03 13:07:00
13:07:27,13:07:27,16.6,--,5,8300,卖盘,2017-08-03,2017-08-03 13:07:27
13:08:00,13:08:00,16.6,--,32,53950,卖盘,2017-08-03,2017-08-03 13:08:00
13:08:03,13:08:03,16.6,--,100,166000,买盘,2017-08-03,2017-08-03 13:08:03
13:08:12,13:08:12,16.6,--,10,16600,买盘,2017-08-03,2017-08-03 13:08:12
13:08:24,13:08:24,16.58,-0.02,7,12434,卖盘,2017-08-03,2017-08-03 13:08:24
13:08:57,13:08:57,16.58,--,32,53055,卖盘,2017-08-03,2017-08-03 13:08:57
13:09:27,13:09:27,16.6,0.02,1,1660,买盘,2017-08-03,2017-08-03 13:09:27
13:09:45,13:09:45,16.58,-0.02,6,10776,卖盘,2017-08-03,2017-08-03 13:09:45
13:09:57,13:09:57,16.55,-0.03,7,12412,卖盘,2017-08-03,2017-08-03 13:09:57
13:10:09,13:10:09,16.6,0.05,6,9960,买盘,2017-08-03,2017-08-03 13:10:09
13:10:24,13:10:24,16.6,--,5,8300,买盘,2017-08-03,2017-08-03 13:10:24
13:11:15,13:11:15,16.6,--,7,11620,买盘,2017-08-03,2017-08-03 13:11:15
13:11:24,13:11:24,16.55,-0.05,27,45512,卖盘,2017-08-03,2017-08-03 13:11:24
13:11:33,13:11:33,16.55,--,1,1655,买盘,2017-08-03,2017-08-03 13:11:33
13:11:45,13:11:45,16.55,--,1,1655,买盘,2017-08-03,2017-08-03 13:11:45
13:12:12,13:12:12,16.53,-0.02,3,4959,卖盘,2017-08-03,2017-08-03 13:12:12
13:12:42,13:12:42,16.53,--,2,3306,买盘,2017-08-03,2017-08-03 13:12:42
13:13:06,13:13:06,16.53,--,2,4132,买盘,2017-08-03,2017-08-03 13:13:06
13:13:12,13:13:12,16.52,-0.01,10,17346,卖盘,2017-08-03,2017-08-03 13:13:12
13:13:48,13:13:48,16.52,--,1,2478,买盘,2017-08-03,2017-08-03 13:13:48
13:14:06,13:14:06,16.51,-0.01,7,11557,卖盘,2017-08-03,2017-08-03 13:14:06
13:14:42,13:14:42,16.53,0.02,3,4959,中性盘,2017-08-03,2017-08-03 13:14:42
13:14:48,13:14:48,16.53,--,5,8265,买盘,2017-08-03,2017-08-03 13:14:48
13:15:03,13:15:03,16.52,-0.01,20,33040,卖盘,2017-08-03,2017-08-03 13:15:03
13:15:12,13:15:12,16.53,0.01,13,22315,买盘,2017-08-03,2017-08-03 13:15:12
13:16:39,13:16:39,16.53,--,10,16530,卖盘,2017-08-03,2017-08-03 13:16:39
13:16:42,13:16:42,16.53,--,13,22315,卖盘,2017-08-03,2017-08-03 13:16:42
13:16:54,13:16:54,16.52,-0.01,22,36344,卖盘,2017-08-03,2017-08-03 13:16:54
13:17:09,13:17:09,16.51,-0.01,120,198120,卖盘,2017-08-03,2017-08-03 13:17:09
13:17:21,13:17:21,16.52,0.01,4,6608,中性盘,2017-08-03,2017-08-03 13:17:21
13:17:24,13:17:24,16.52,--,13,21476,买盘,2017-08-03,2017-08-03 13:17:24
13:17:42,13:17:42,16.51,-0.01,3,4953,卖盘,2017-08-03,2017-08-03 13:17:42
13:17:48,13:17:48,16.5,-0.01,5,8250,卖盘,2017-08-03,2017-08-03 13:17:48
13:17:51,13:17:51,16.52,0.02,10,16520,买盘,2017-08-03,2017-08-03 13:17:51
13:17:57,13:17:57,16.5,-0.02,39,64350,卖盘,2017-08-03,2017-08-03 13:17:57
13:18:24,13:18:24,16.49,-0.01,9,14840,卖盘,2017-08-03,2017-08-03 13:18:24
13:18:42,13:18:42,16.49,--,2,3297,买盘,2017-08-03,2017-08-03 13:18:42
13:18:45,13:18:45,16.49,--,75,124202,买盘,2017-08-03,2017-08-03 13:18:45
13:19:03,13:19:03,16.45,-0.04,29,48823,卖盘,2017-08-03,2017-08-03 13:19:03
13:19:15,13:19:15,16.4,-0.05,270,442799,卖盘,2017-08-03,2017-08-03 13:19:15
13:19:21,13:19:21,16.42,0.02,15,24630,中性盘,2017-08-03,2017-08-03 13:19:21
13:19:27,13:19:27,16.4,-0.02,12,19680,卖盘,2017-08-03,2017-08-03 13:19:27
13:19:36,13:19:36,16.42,0.02,28,45976,中性盘,2017-08-03,2017-08-03 13:19:36
13:19:42,13:19:42,16.42,--,20,33661,卖盘,2017-08-03,2017-08-03 13:19:42
13:19:48,13:19:48,16.42,--,15,24630,卖盘,2017-08-03,2017-08-03 13:19:48
13:20:06,13:20:06,16.45,0.03,138,227832,买盘,2017-08-03,2017-08-03 13:20:06
13:20:27,13:20:27,16.42,-0.03,25,41050,卖盘,2017-08-03,2017-08-03 13:20:27
13:20:36,13:20:36,16.42,--,5,8210,买盘,2017-08-03,2017-08-03 13:20:36
13:20:39,13:20:39,16.38,-0.04,80,131039,卖盘,2017-08-03,2017-08-03 13:20:39
13:20:48,13:20:48,16.42,0.04,2,3284,卖盘,2017-08-03,2017-08-03 13:20:48
13:20:54,13:20:54,16.41,-0.01,1,1641,买盘,2017-08-03,2017-08-03 13:20:54
13:20:57,13:20:57,16.41,--,3,4923,买盘,2017-08-03,2017-08-03 13:20:57
13:21:00,13:21:00,16.41,--,1,1641,买盘,2017-08-03,2017-08-03 13:21:00
13:21:03,13:21:03,16.26,-0.15,320,520320,卖盘,2017-08-03,2017-08-03 13:21:03
13:21:06,13:21:06,16.39,0.13,5,8195,中性盘,2017-08-03,2017-08-03 13:21:06
13:21:09,13:21:09,16.39,--,1,1639,卖盘,2017-08-03,2017-08-03 13:21:09
13:21:12,13:21:12,16.4,0.01,2,3279,买盘,2017-08-03,2017-08-03 13:21:12
13:21:15,13:21:15,16.39,-0.01,4,6556,卖盘,2017-08-03,2017-08-03 13:21:15
13:21:27,13:21:27,16.31,-0.08,1,1630,卖盘,2017-08-03,2017-08-03 13:21:27
13:21:51,13:21:51,16.39,0.08,4,6556,买盘,2017-08-03,2017-08-03 13:21:51
13:21:57,13:21:57,16.39,--,3,4917,卖盘,2017-08-03,2017-08-03 13:21:57
13:22:09,13:22:09,16.33,-0.06,9,14696,卖盘,2017-08-03,2017-08-03 13:22:09
13:22:12,13:22:12,16.33,--,9,15219,卖盘,2017-08-03,2017-08-03 13:22:12
13:22:54,13:22:54,16.26,-0.07,140,227640,卖盘,2017-08-03,2017-08-03 13:22:54
13:23:00,13:23:00,16.35,0.09,4,6540,中性盘,2017-08-03,2017-08-03 13:23:00
13:23:06,13:23:06,16.33,-0.02,7,12247,卖盘,2017-08-03,2017-08-03 13:23:06
13:23:09,13:23:09,16.34,0.01,3,4902,中性盘,2017-08-03,2017-08-03 13:23:09
13:23:18,13:23:18,16.34,--,5,8170,买盘,2017-08-03,2017-08-03 13:23:18
13:23:24,13:23:24,16.34,--,15,24510,买盘,2017-08-03,2017-08-03 13:23:24
13:23:27,13:23:27,16.33,-0.01,8,13880,卖盘,2017-08-03,2017-08-03 13:23:27
13:23:30,13:23:30,16.32,-0.01,7,11424,卖盘,2017-08-03,2017-08-03 13:23:30
13:23:33,13:23:33,16.32,--,53,86496,买盘,2017-08-03,2017-08-03 13:23:33
13:23:36,13:23:36,16.33,0.01,14,22861,买盘,2017-08-03,2017-08-03 13:23:36
13:23:45,13:23:45,16.34,0.01,5,8170,买盘,2017-08-03,2017-08-03 13:23:45
13:23:51,13:23:51,16.34,--,83,136439,买盘,2017-08-03,2017-08-03 13:23:51
13:23:54,13:23:54,16.32,-0.02,21,34272,卖盘,2017-08-03,2017-08-03 13:23:54
13:24:12,13:24:12,16.35,0.03,5,8175,买盘,2017-08-03,2017-08-03 13:24:12
13:24:30,13:24:30,16.35,--,2,3270,买盘,2017-08-03,2017-08-03 13:24:30
13:24:33,13:24:33,16.35,--,11,17985,买盘,2017-08-03,2017-08-03 13:24:33
13:24:36,13:24:36,16.33,-0.02,5,8164,卖盘,2017-08-03,2017-08-03 13:24:36
13:24:45,13:24:45,16.35,0.02,15,24525,买盘,2017-08-03,2017-08-03 13:24:45
13:24:48,13:24:48,16.35,--,8,13080,买盘,2017-08-03,2017-08-03 13:24:48
13:24:51,13:24:51,16.34,-0.01,1,2451,卖盘,2017-08-03,2017-08-03 13:24:51
13:24:54,13:24:54,16.35,0.01,5,8175,买盘,2017-08-03,2017-08-03 13:24:54
13:24:57,13:24:57,16.35,--,9,14715,买盘,2017-08-03,2017-08-03 13:24:57
13:25:00,13:25:00,16.35,--,3,4905,买盘,2017-08-03,2017-08-03 13:25:00
13:25:06,13:25:06,16.35,--,44,72757,买盘,2017-08-03,2017-08-03 13:25:06
13:25:30,13:25:30,16.36,0.01,1,1636,中性盘,2017-08-03,2017-08-03 13:25:30
13:26:00,13:26:00,16.4,0.04,5,8200,买盘,2017-08-03,2017-08-03 13:26:00
13:26:12,13:26:12,16.4,--,2,3279,买盘,2017-08-03,2017-08-03 13:26:12
13:27:12,13:27:12,16.38,-0.02,4,6552,中性盘,2017-08-03,2017-08-03 13:27:12
13:27:18,13:27:18,16.36,-0.02,26,42536,卖盘,2017-08-03,2017-08-03 13:27:18
13:27:27,13:27:27,16.36,--,3,4908,买盘,2017-08-03,2017-08-03 13:27:27
13:27:30,13:27:30,16.34,-0.02,55,90687,卖盘,2017-08-03,2017-08-03 13:27:30
13:27:33,13:27:33,16.36,0.02,8,13088,买盘,2017-08-03,2017-08-03 13:27:33
13:27:36,13:27:36,16.36,--,7,11452,买盘,2017-08-03,2017-08-03 13:27:36
13:27:42,13:27:42,16.35,-0.01,5,8175,卖盘,2017-08-03,2017-08-03 13:27:42
13:28:15,13:28:15,16.35,--,5,8175,中性盘,2017-08-03,2017-08-03 13:28:15
13:28:21,13:28:21,16.36,0.01,52,85072,买盘,2017-08-03,2017-08-03 13:28:21
13:28:30,13:28:30,16.34,-0.02,2,3268,卖盘,2017-08-03,2017-08-03 13:28:30
13:28:33,13:28:33,16.36,0.02,10,17178,买盘,2017-08-03,2017-08-03 13:28:33
13:28:36,13:28:36,16.36,--,6,9816,买盘,2017-08-03,2017-08-03 13:28:36
13:28:39,13:28:39,16.34,-0.02,51,83334,卖盘,2017-08-03,2017-08-03 13:28:39
13:28:42,13:28:42,16.34,--,4,6536,买盘,2017-08-03,2017-08-03 13:28:42
13:28:51,13:28:51,16.36,0.02,49,80164,买盘,2017-08-03,2017-08-03 13:28:51
13:29:03,13:29:03,16.36,--,18,29448,卖盘,2017-08-03,2017-08-03 13:29:03
13:29:09,13:29:09,16.37,0.01,50,81850,买盘,2017-08-03,2017-08-03 13:29:09
13:29:15,13:29:15,16.37,--,4,6548,买盘,2017-08-03,2017-08-03 13:29:15
13:29:33,13:29:33,16.38,0.01,3,4914,买盘,2017-08-03,2017-08-03 13:29:33
13:29:36,13:29:36,16.38,--,10,16379,买盘,2017-08-03,2017-08-03 13:29:36
13:29:48,13:29:48,16.38,--,7,11466,买盘,2017-08-03,2017-08-03 13:29:48
13:30:24,13:30:24,16.38,--,5,8189,卖盘,2017-08-03,2017-08-03 13:30:24
13:30:30,13:30:30,16.4,0.02,6,9840,买盘,2017-08-03,2017-08-03 13:30:30
13:30:39,13:30:39,16.4,--,4,6559,买盘,2017-08-03,2017-08-03 13:30:39
13:31:09,13:31:09,16.45,0.05,33,54285,买盘,2017-08-03,2017-08-03 13:31:09
13:31:15,13:31:15,16.4,-0.05,7,12299,卖盘,2017-08-03,2017-08-03 13:31:15
13:31:33,13:31:33,16.4,--,5,8200,卖盘,2017-08-03,2017-08-03 13:31:33
13:31:57,13:31:57,16.4,--,10,16400,卖盘,2017-08-03,2017-08-03 13:31:57
13:32:00,13:32:00,16.44,0.04,10,16440,买盘,2017-08-03,2017-08-03 13:32:00
13:32:09,13:32:09,16.4,-0.04,11,18860,卖盘,2017-08-03,2017-08-03 13:32:09
13:32:12,13:32:12,16.4,--,3,5739,买盘,2017-08-03,2017-08-03 13:32:12
13:32:24,13:32:24,16.43,0.03,3,4929,买盘,2017-08-03,2017-08-03 13:32:24
13:32:30,13:32:30,16.4,-0.03,1,2460,卖盘,2017-08-03,2017-08-03 13:32:30
13:32:48,13:32:48,16.4,--,16,26239,卖盘,2017-08-03,2017-08-03 13:32:48
13:33:03,13:33:03,16.39,-0.01,2,3278,卖盘,2017-08-03,2017-08-03 13:33:03
13:33:24,13:33:24,16.38,-0.01,20,32759,卖盘,2017-08-03,2017-08-03 13:33:24
13:33:27,13:33:27,16.37,-0.01,67,109679,卖盘,2017-08-03,2017-08-03 13:33:27
13:33:39,13:33:39,16.37,--,16,26192,买盘,2017-08-03,2017-08-03 13:33:39
13:33:45,13:33:45,16.36,-0.01,41,67076,卖盘,2017-08-03,2017-08-03 13:33:45
13:34:06,13:34:06,16.35,-0.01,6,9810,卖盘,2017-08-03,2017-08-03 13:34:06
13:34:15,13:34:15,16.35,--,4,6540,买盘,2017-08-03,2017-08-03 13:34:15
13:34:18,13:34:18,16.33,-0.02,6,9797,卖盘,2017-08-03,2017-08-03 13:34:18
13:34:24,13:34:24,16.33,--,4,6531,买盘,2017-08-03,2017-08-03 13:34:24
13:34:33,13:34:33,16.31,-0.02,15,24464,卖盘,2017-08-03,2017-08-03 13:34:33
13:34:36,13:34:36,16.32,0.01,2,3264,中性盘,2017-08-03,2017-08-03 13:34:36
13:34:39,13:34:39,16.32,--,1,1632,卖盘,2017-08-03,2017-08-03 13:34:39
13:34:48,13:34:48,16.3,-0.02,15,25965,卖盘,2017-08-03,2017-08-03 13:34:48
13:34:51,13:34:51,16.3,--,5,8264,卖盘,2017-08-03,2017-08-03 13:34:51
13:35:03,13:35:03,16.3,--,20,32600,买盘,2017-08-03,2017-08-03 13:35:03
13:35:09,13:35:09,16.3,--,5,8150,买盘,2017-08-03,2017-08-03 13:35:09
13:35:30,13:35:30,16.3,--,0,815,买盘,2017-08-03,2017-08-03 13:35:30
13:35:45,13:35:45,16.31,0.01,14,23649,买盘,2017-08-03,2017-08-03 13:35:45
13:35:51,13:35:51,16.3,-0.01,3,4890,中性盘,2017-08-03,2017-08-03 13:35:51
13:35:54,13:35:54,16.29,-0.01,12,19548,卖盘,2017-08-03,2017-08-03 13:35:54
13:35:57,13:35:57,16.3,0.01,2,3260,买盘,2017-08-03,2017-08-03 13:35:57
13:36:00,13:36:00,16.3,--,18,30155,卖盘,2017-08-03,2017-08-03 13:36:00
13:36:03,13:36:03,16.3,--,1,1630,买盘,2017-08-03,2017-08-03 13:36:03
13:36:09,13:36:09,16.31,0.01,48,78288,买盘,2017-08-03,2017-08-03 13:36:09
13:36:12,13:36:12,16.3,-0.01,42,69275,卖盘,2017-08-03,2017-08-03 13:36:12
13:36:24,13:36:24,16.32,0.02,6,9792,买盘,2017-08-03,2017-08-03 13:36:24
13:36:27,13:36:27,16.3,-0.02,73,119805,卖盘,2017-08-03,2017-08-03 13:36:27
13:36:30,13:36:30,16.3,--,18,29340,买盘,2017-08-03,2017-08-03 13:36:30
13:36:33,13:36:33,16.3,--,8,13855,买盘,2017-08-03,2017-08-03 13:36:33
13:36:45,13:36:45,16.31,0.01,5,8154,卖盘,2017-08-03,2017-08-03 13:36:45
13:36:48,13:36:48,16.31,--,0,815,卖盘,2017-08-03,2017-08-03 13:36:48
13:36:57,13:36:57,16.31,--,1,1630,买盘,2017-08-03,2017-08-03 13:36:57
13:37:00,13:37:00,16.31,--,10,16309,买盘,2017-08-03,2017-08-03 13:37:00
13:37:06,13:37:06,16.31,--,25,40775,买盘,2017-08-03,2017-08-03 13:37:06
13:37:12,13:37:12,16.31,--,1,1630,买盘,2017-08-03,2017-08-03 13:37:12
13:37:15,13:37:15,16.3,-0.01,14,24335,卖盘,2017-08-03,2017-08-03 13:37:15
13:37:21,13:37:21,16.31,0.01,7,11417,买盘,2017-08-03,2017-08-03 13:37:21
13:37:24,13:37:24,16.31,--,10,16309,买盘,2017-08-03,2017-08-03 13:37:24
13:37:27,13:37:27,16.31,--,23,37513,买盘,2017-08-03,2017-08-03 13:37:27
13:37:33,13:37:33,16.31,--,85,138635,买盘,2017-08-03,2017-08-03 13:37:33
13:37:36,13:37:36,16.31,--,3,4893,买盘,2017-08-03,2017-08-03 13:37:36
13:37:54,13:37:54,16.31,--,1,1630,卖盘,2017-08-03,2017-08-03 13:37:54
13:37:57,13:37:57,16.31,--,11,17941,卖盘,2017-08-03,2017-08-03 13:37:57
13:38:03,13:38:03,16.31,--,26,42406,卖盘,2017-08-03,2017-08-03 13:38:03
13:38:06,13:38:06,16.31,--,34,56269,卖盘,2017-08-03,2017-08-03 13:38:06
13:38:09,13:38:09,16.33,0.02,4,6531,买盘,2017-08-03,2017-08-03 13:38:09
13:38:24,13:38:24,16.36,0.03,5,8180,买盘,2017-08-03,2017-08-03 13:38:24
13:39:27,13:39:27,16.35,-0.01,3,4905,中性盘,2017-08-03,2017-08-03 13:39:27
13:39:30,13:39:30,16.35,--,4,6540,卖盘,2017-08-03,2017-08-03 13:39:30
13:39:45,13:39:45,16.35,--,5,8175,卖盘,2017-08-03,2017-08-03 13:39:45
13:40:00,13:40:00,16.36,0.01,4,7362,买盘,2017-08-03,2017-08-03 13:40:00
13:40:03,13:40:03,16.36,--,6,9816,卖盘,2017-08-03,2017-08-03 13:40:03
13:40:18,13:40:18,16.39,0.03,23,37697,买盘,2017-08-03,2017-08-03 13:40:18
13:40:24,13:40:24,16.39,--,2,3278,卖盘,2017-08-03,2017-08-03 13:40:24
13:40:27,13:40:27,16.39,--,5,8195,卖盘,2017-08-03,2017-08-03 13:40:27
13:40:30,13:40:30,16.4,0.01,31,50839,买盘,2017-08-03,2017-08-03 13:40:30
13:40:42,13:40:42,16.4,--,15,24599,买盘,2017-08-03,2017-08-03 13:40:42
13:40:45,13:40:45,16.4,--,5,8200,卖盘,2017-08-03,2017-08-03 13:40:45
13:40:48,13:40:48,16.39,-0.01,38,62282,买盘,2017-08-03,2017-08-03 13:40:48
13:41:03,13:41:03,16.37,-0.02,1,1637,卖盘,2017-08-03,2017-08-03 13:41:03
13:41:06,13:41:06,16.36,-0.01,50,81800,卖盘,2017-08-03,2017-08-03 13:41:06
13:41:15,13:41:15,16.36,--,20,32720,卖盘,2017-08-03,2017-08-03 13:41:15
13:41:51,13:41:51,16.36,--,10,16360,卖盘,2017-08-03,2017-08-03 13:41:51
13:41:57,13:41:57,16.36,--,7,12270,卖盘,2017-08-03,2017-08-03 13:41:57
13:42:06,13:42:06,16.37,0.01,2,3274,买盘,2017-08-03,2017-08-03 13:42:06
13:43:00,13:43:00,16.38,0.01,13,21294,买盘,2017-08-03,2017-08-03 13:43:00
13:43:06,13:43:06,16.37,-0.01,33,54021,卖盘,2017-08-03,2017-08-03 13:43:06
13:43:12,13:43:12,16.37,--,1,1637,买盘,2017-08-03,2017-08-03 13:43:12
13:43:15,13:43:15,16.37,--,2,3274,买盘,2017-08-03,2017-08-03 13:43:15
13:43:21,13:43:21,16.36,-0.01,7,11452,卖盘,2017-08-03,2017-08-03 13:43:21
13:43:36,13:43:36,16.36,--,2,3272,卖盘,2017-08-03,2017-08-03 13:43:36
13:43:42,13:43:42,16.37,0.01,23,37651,买盘,2017-08-03,2017-08-03 13:43:42
13:43:45,13:43:45,16.36,-0.01,6,9816,卖盘,2017-08-03,2017-08-03 13:43:45
13:43:51,13:43:51,16.36,--,5,8180,卖盘,2017-08-03,2017-08-03 13:43:51
13:43:54,13:43:54,16.36,--,1,1636,卖盘,2017-08-03,2017-08-03 13:43:54
13:44:06,13:44:06,16.36,--,9,14724,卖盘,2017-08-03,2017-08-03 13:44:06
13:44:09,13:44:09,16.36,--,15,24540,卖盘,2017-08-03,2017-08-03 13:44:09
13:44:12,13:44:12,16.36,--,5,8180,卖盘,2017-08-03,2017-08-03 13:44:12
13:44:15,13:44:15,16.36,--,4,6544,买盘,2017-08-03,2017-08-03 13:44:15
13:44:18,13:44:18,16.36,--,1,1636,买盘,2017-08-03,2017-08-03 13:44:18
13:44:24,13:44:24,16.35,-0.01,4,6540,卖盘,2017-08-03,2017-08-03 13:44:24
13:44:54,13:44:54,16.34,-0.01,41,66994,卖盘,2017-08-03,2017-08-03 13:44:54
13:45:09,13:45:09,16.36,0.02,1,1636,买盘,2017-08-03,2017-08-03 13:45:09
13:45:15,13:45:15,16.36,--,5,8180,买盘,2017-08-03,2017-08-03 13:45:15
13:45:21,13:45:21,16.33,-0.03,25,40824,卖盘,2017-08-03,2017-08-03 13:45:21
13:45:24,13:45:24,16.36,0.03,2,3272,买盘,2017-08-03,2017-08-03 13:45:24
13:45:36,13:45:36,16.33,-0.03,25,41641,卖盘,2017-08-03,2017-08-03 13:45:36
13:45:39,13:45:39,16.36,0.03,13,21268,买盘,2017-08-03,2017-08-03 13:45:39
13:45:42,13:45:42,16.36,--,35,57260,买盘,2017-08-03,2017-08-03 13:45:42
13:46:00,13:46:00,16.36,--,14,22904,卖盘,2017-08-03,2017-08-03 13:46:00
13:46:06,13:46:06,16.36,--,10,16360,卖盘,2017-08-03,2017-08-03 13:46:06
13:46:18,13:46:18,16.36,--,28,45808,卖盘,2017-08-03,2017-08-03 13:46:18
13:46:21,13:46:21,16.36,--,6,9816,卖盘,2017-08-03,2017-08-03 13:46:21
13:46:24,13:46:24,16.36,--,5,8180,卖盘,2017-08-03,2017-08-03 13:46:24
13:46:42,13:46:42,16.36,--,2,3272,买盘,2017-08-03,2017-08-03 13:46:42
13:46:51,13:46:51,16.35,-0.01,0,817,卖盘,2017-08-03,2017-08-03 13:46:51
13:46:54,13:46:54,16.36,0.01,1,1636,买盘,2017-08-03,2017-08-03 13:46:54
13:46:57,13:46:57,16.36,--,1,2454,买盘,2017-08-03,2017-08-03 13:46:57
13:47:12,13:47:12,16.36,--,18,30266,卖盘,2017-08-03,2017-08-03 13:47:12
13:47:27,13:47:27,16.36,--,1,1636,买盘,2017-08-03,2017-08-03 13:47:27
13:47:42,13:47:42,16.36,--,2,3272,买盘,2017-08-03,2017-08-03 13:47:42
13:47:57,13:47:57,16.35,-0.01,3,4905,卖盘,2017-08-03,2017-08-03 13:47:57
13:48:00,13:48:00,16.35,--,10,16350,卖盘,2017-08-03,2017-08-03 13:48:00
13:48:18,13:48:18,16.35,--,6,9810,卖盘,2017-08-03,2017-08-03 13:48:18
13:48:27,13:48:27,16.32,-0.03,216,353328,卖盘,2017-08-03,2017-08-03 13:48:27
13:48:45,13:48:45,16.35,0.03,5,8175,中性盘,2017-08-03,2017-08-03 13:48:45
13:48:57,13:48:57,16.33,-0.02,11,17962,卖盘,2017-08-03,2017-08-03 13:48:57
13:49:09,13:49:09,16.34,0.01,1,1634,中性盘,2017-08-03,2017-08-03 13:49:09
13:49:12,13:49:12,16.36,0.02,50,81800,买盘,2017-08-03,2017-08-03 13:49:12
13:49:24,13:49:24,16.33,-0.03,31,50622,卖盘,2017-08-03,2017-08-03 13:49:24
13:49:45,13:49:45,16.34,0.01,11,17974,中性盘,2017-08-03,2017-08-03 13:49:45
13:49:51,13:49:51,16.35,0.01,7,11445,买盘,2017-08-03,2017-08-03 13:49:51
13:49:54,13:49:54,16.35,--,1,1635,买盘,2017-08-03,2017-08-03 13:49:54
13:49:57,13:49:57,16.34,-0.01,10,16340,卖盘,2017-08-03,2017-08-03 13:49:57
13:50:09,13:50:09,16.35,0.01,12,19620,买盘,2017-08-03,2017-08-03 13:50:09
13:50:18,13:50:18,16.35,--,4,6540,卖盘,2017-08-03,2017-08-03 13:50:18
13:50:21,13:50:21,16.36,0.01,39,63804,买盘,2017-08-03,2017-08-03 13:50:21
13:50:33,13:50:33,16.37,0.01,2,3274,买盘,2017-08-03,2017-08-03 13:50:33
13:50:42,13:50:42,16.38,0.01,1,1638,买盘,2017-08-03,2017-08-03 13:50:42
13:50:45,13:50:45,16.4,0.02,65,106599,买盘,2017-08-03,2017-08-03 13:50:45
13:50:57,13:50:57,16.4,--,13,21319,卖盘,2017-08-03,2017-08-03 13:50:57
13:51:21,13:51:21,16.41,0.01,21,34461,中性盘,2017-08-03,2017-08-03 13:51:21
13:51:27,13:51:27,16.41,--,5,8205,买盘,2017-08-03,2017-08-03 13:51:27
13:51:51,13:51:51,16.41,--,19,31179,买盘,2017-08-03,2017-08-03 13:51:51
13:52:12,13:52:12,16.41,--,15,24615,卖盘,2017-08-03,2017-08-03 13:52:12
13:52:33,13:52:33,16.43,0.02,10,16430,买盘,2017-08-03,2017-08-03 13:52:33
13:53:06,13:53:06,16.43,--,3,4929,买盘,2017-08-03,2017-08-03 13:53:06
13:53:12,13:53:12,16.43,--,18,29574,卖盘,2017-08-03,2017-08-03 13:53:12
13:53:36,13:53:36,16.45,0.02,7,11515,买盘,2017-08-03,2017-08-03 13:53:36
13:53:45,13:53:45,16.45,--,1,1645,买盘,2017-08-03,2017-08-03 13:53:45
13:53:48,13:53:48,16.43,-0.02,22,36146,卖盘,2017-08-03,2017-08-03 13:53:48
13:54:21,13:54:21,16.41,-0.02,17,27897,卖盘,2017-08-03,2017-08-03 13:54:21
13:55:00,13:55:00,16.42,0.01,26,42692,中性盘,2017-08-03,2017-08-03 13:55:00
13:55:39,13:55:39,16.43,0.01,3,4929,买盘,2017-08-03,2017-08-03 13:55:39
13:55:45,13:55:45,16.43,--,1,1643,买盘,2017-08-03,2017-08-03 13:55:45
13:55:48,13:55:48,16.43,--,2,3286,买盘,2017-08-03,2017-08-03 13:55:48
13:56:09,13:56:09,16.45,0.02,13,22207,买盘,2017-08-03,2017-08-03 13:56:09
13:56:18,13:56:18,16.46,0.01,9,15637,买盘,2017-08-03,2017-08-03 13:56:18
