idx_time,time,price,change,volume,amount,type,date,date_time
09:25:03,09:25:03,18.81,18.81,7837,14741396,买盘,2017-08-17,2017-08-17 09:25:03
09:30:03,09:30:03,18.84,0.03,4005,7545420,买盘,2017-08-17,2017-08-17 09:30:03
09:30:06,09:30:06,18.82,-0.02,5053,9509746,卖盘,2017-08-17,2017-08-17 09:30:06
09:30:09,09:30:09,18.85,0.03,647,1219595,买盘,2017-08-17,2017-08-17 09:30:09
09:30:12,09:30:12,18.83,-0.02,321,604443,卖盘,2017-08-17,2017-08-17 09:30:12
09:30:15,09:30:15,18.82,-0.01,131,246542,卖盘,2017-08-17,2017-08-17 09:30:15
09:30:18,09:30:18,18.84,0.02,1952,3677568,买盘,2017-08-17,2017-08-17 09:30:18
09:30:21,09:30:21,18.83,-0.01,629,1184407,卖盘,2017-08-17,2017-08-17 09:30:21
09:30:24,09:30:24,18.85,0.02,928,1749280,买盘,2017-08-17,2017-08-17 09:30:24
09:30:27,09:30:27,18.77,-0.08,369,692613,卖盘,2017-08-17,2017-08-17 09:30:27
09:30:30,09:30:30,18.8,0.03,400,752000,买盘,2017-08-17,2017-08-17 09:30:30
09:30:33,09:30:33,18.76,-0.04,323,605948,卖盘,2017-08-17,2017-08-17 09:30:33
09:30:36,09:30:36,18.74,-0.02,68,127431,卖盘,2017-08-17,2017-08-17 09:30:36
09:30:39,09:30:39,18.8,0.06,549,1032120,买盘,2017-08-17,2017-08-17 09:30:39
09:30:42,09:30:42,18.76,-0.04,494,926744,卖盘,2017-08-17,2017-08-17 09:30:42
09:30:45,09:30:45,18.77,0.01,285,534945,买盘,2017-08-17,2017-08-17 09:30:45
09:30:48,09:30:48,18.75,-0.02,343,643125,卖盘,2017-08-17,2017-08-17 09:30:48
09:30:51,09:30:51,18.76,0.01,401,752276,买盘,2017-08-17,2017-08-17 09:30:51
09:30:54,09:30:54,18.76,--,781,1465156,卖盘,2017-08-17,2017-08-17 09:30:54
09:30:57,09:30:57,18.74,-0.02,631,1182494,卖盘,2017-08-17,2017-08-17 09:30:57
09:31:00,09:31:00,18.75,0.01,270,506250,买盘,2017-08-17,2017-08-17 09:31:00
09:31:03,09:31:03,18.75,--,1450,2718750,买盘,2017-08-17,2017-08-17 09:31:03
09:31:06,09:31:06,18.74,-0.01,729,1366146,卖盘,2017-08-17,2017-08-17 09:31:06
09:31:09,09:31:09,18.73,-0.01,1490,2790770,卖盘,2017-08-17,2017-08-17 09:31:09
09:31:12,09:31:12,18.75,0.02,864,1620000,买盘,2017-08-17,2017-08-17 09:31:12
09:31:15,09:31:15,18.73,-0.02,1513,2833849,卖盘,2017-08-17,2017-08-17 09:31:15
09:31:18,09:31:18,18.72,-0.01,317,593424,中性盘,2017-08-17,2017-08-17 09:31:18
09:31:21,09:31:21,18.77,0.05,876,1644252,买盘,2017-08-17,2017-08-17 09:31:21
09:31:24,09:31:24,18.73,-0.04,306,573138,卖盘,2017-08-17,2017-08-17 09:31:24
09:31:27,09:31:27,18.73,--,467,874691,卖盘,2017-08-17,2017-08-17 09:31:27
09:31:30,09:31:30,18.77,0.04,363,681351,中性盘,2017-08-17,2017-08-17 09:31:30
09:31:33,09:31:33,18.73,-0.04,177,331521,卖盘,2017-08-17,2017-08-17 09:31:33
09:31:36,09:31:36,18.75,0.02,21,39375,卖盘,2017-08-17,2017-08-17 09:31:36
09:31:39,09:31:39,18.75,--,1359,2548500,卖盘,2017-08-17,2017-08-17 09:31:39
09:31:42,09:31:42,18.76,0.01,115,215740,买盘,2017-08-17,2017-08-17 09:31:42
09:31:45,09:31:45,18.76,--,171,320796,卖盘,2017-08-17,2017-08-17 09:31:45
09:31:48,09:31:48,18.77,0.01,235,441095,买盘,2017-08-17,2017-08-17 09:31:48
09:31:51,09:31:51,18.77,--,238,446726,买盘,2017-08-17,2017-08-17 09:31:51
09:31:54,09:31:54,18.77,--,837,1571049,买盘,2017-08-17,2017-08-17 09:31:54
09:31:57,09:31:57,18.76,-0.01,337,632212,中性盘,2017-08-17,2017-08-17 09:31:57
09:32:00,09:32:00,18.77,0.01,275,516175,卖盘,2017-08-17,2017-08-17 09:32:00
09:32:03,09:32:03,18.75,-0.02,1296,2430000,卖盘,2017-08-17,2017-08-17 09:32:03
09:32:06,09:32:06,18.75,--,100,187500,买盘,2017-08-17,2017-08-17 09:32:06
09:32:09,09:32:09,18.78,0.03,2738,5141964,买盘,2017-08-17,2017-08-17 09:32:09
09:32:12,09:32:12,18.75,-0.03,61,114375,卖盘,2017-08-17,2017-08-17 09:32:12
09:32:15,09:32:15,18.75,--,367,688125,卖盘,2017-08-17,2017-08-17 09:32:15
09:32:18,09:32:18,18.77,0.02,506,949762,买盘,2017-08-17,2017-08-17 09:32:18
09:32:21,09:32:21,18.77,--,83,155791,买盘,2017-08-17,2017-08-17 09:32:21
09:32:24,09:32:24,18.76,-0.01,497,932372,卖盘,2017-08-17,2017-08-17 09:32:24
09:32:27,09:32:27,18.77,0.01,268,503036,买盘,2017-08-17,2017-08-17 09:32:27
09:32:30,09:32:30,18.8,0.03,458,861040,买盘,2017-08-17,2017-08-17 09:32:30
09:32:33,09:32:33,18.75,-0.05,1210,2268750,卖盘,2017-08-17,2017-08-17 09:32:33
09:32:36,09:32:36,18.73,-0.02,723,1354179,卖盘,2017-08-17,2017-08-17 09:32:36
09:32:39,09:32:39,18.74,0.01,614,1150636,中性盘,2017-08-17,2017-08-17 09:32:39
09:32:42,09:32:42,18.73,-0.01,664,1243672,卖盘,2017-08-17,2017-08-17 09:32:42
09:32:45,09:32:45,18.75,0.02,88,165000,卖盘,2017-08-17,2017-08-17 09:32:45
09:32:48,09:32:48,18.73,-0.02,811,1519003,卖盘,2017-08-17,2017-08-17 09:32:48
09:32:51,09:32:51,18.74,0.01,733,1373642,中性盘,2017-08-17,2017-08-17 09:32:51
09:32:54,09:32:54,18.74,--,173,324202,卖盘,2017-08-17,2017-08-17 09:32:54
09:32:57,09:32:57,18.75,0.01,218,408750,买盘,2017-08-17,2017-08-17 09:32:57
09:33:00,09:33:00,18.74,-0.01,684,1281816,卖盘,2017-08-17,2017-08-17 09:33:00
09:33:03,09:33:03,18.74,--,439,822685,买盘,2017-08-17,2017-08-17 09:33:03
09:33:06,09:33:06,18.75,0.01,502,941250,买盘,2017-08-17,2017-08-17 09:33:06
09:33:09,09:33:09,18.77,0.02,173,324721,买盘,2017-08-17,2017-08-17 09:33:09
09:33:12,09:33:12,18.74,-0.03,1161,2175714,卖盘,2017-08-17,2017-08-17 09:33:12
09:33:15,09:33:15,18.75,0.01,157,294375,中性盘,2017-08-17,2017-08-17 09:33:15
09:33:18,09:33:18,18.73,-0.02,696,1303608,卖盘,2017-08-17,2017-08-17 09:33:18
09:33:21,09:33:21,18.75,0.02,311,583125,中性盘,2017-08-17,2017-08-17 09:33:21
09:33:24,09:33:24,18.75,--,989,1854375,买盘,2017-08-17,2017-08-17 09:33:24
09:33:27,09:33:27,18.79,0.04,737,1384823,买盘,2017-08-17,2017-08-17 09:33:27
09:33:30,09:33:30,18.75,-0.04,487,913125,卖盘,2017-08-17,2017-08-17 09:33:30
09:33:33,09:33:33,18.75,--,147,275625,卖盘,2017-08-17,2017-08-17 09:33:33
09:33:36,09:33:36,18.75,--,399,748125,卖盘,2017-08-17,2017-08-17 09:33:36
09:33:39,09:33:39,18.75,--,122,228750,卖盘,2017-08-17,2017-08-17 09:33:39
09:33:42,09:33:42,18.75,--,600,1125000,卖盘,2017-08-17,2017-08-17 09:33:42
09:33:45,09:33:45,18.75,--,109,204375,卖盘,2017-08-17,2017-08-17 09:33:45
09:33:48,09:33:48,18.79,0.04,129,242391,买盘,2017-08-17,2017-08-17 09:33:48
09:33:51,09:33:51,18.79,--,116,217964,买盘,2017-08-17,2017-08-17 09:33:51
09:33:54,09:33:54,18.77,-0.02,103,193331,卖盘,2017-08-17,2017-08-17 09:33:54
09:33:57,09:33:57,18.77,--,1063,1995251,卖盘,2017-08-17,2017-08-17 09:33:57
09:34:00,09:34:00,18.78,0.01,432,811296,买盘,2017-08-17,2017-08-17 09:34:00
09:34:03,09:34:03,18.79,0.01,242,454718,买盘,2017-08-17,2017-08-17 09:34:03
09:34:06,09:34:06,18.8,0.01,433,815468,买盘,2017-08-17,2017-08-17 09:34:06
09:34:09,09:34:09,18.79,-0.01,687,1290873,卖盘,2017-08-17,2017-08-17 09:34:09
09:34:12,09:34:12,18.79,--,119,223601,卖盘,2017-08-17,2017-08-17 09:34:12
09:34:15,09:34:15,18.79,--,136,255544,卖盘,2017-08-17,2017-08-17 09:34:15
09:34:18,09:34:18,18.8,0.01,684,1285920,买盘,2017-08-17,2017-08-17 09:34:18
09:34:21,09:34:21,18.78,-0.02,259,486402,卖盘,2017-08-17,2017-08-17 09:34:21
09:34:24,09:34:24,18.78,--,139,261492,卖盘,2017-08-17,2017-08-17 09:34:24
09:34:27,09:34:27,18.81,0.03,1755,3301155,买盘,2017-08-17,2017-08-17 09:34:27
09:34:30,09:34:30,18.8,-0.01,135,253800,中性盘,2017-08-17,2017-08-17 09:34:30
09:34:33,09:34:33,18.81,0.01,458,862927,买盘,2017-08-17,2017-08-17 09:34:33
09:34:36,09:34:36,18.81,--,99,186219,卖盘,2017-08-17,2017-08-17 09:34:36
09:34:39,09:34:39,18.81,--,52,97812,卖盘,2017-08-17,2017-08-17 09:34:39
09:34:42,09:34:42,18.81,--,245,460844,卖盘,2017-08-17,2017-08-17 09:34:42
09:34:45,09:34:45,18.81,--,168,316008,卖盘,2017-08-17,2017-08-17 09:34:45
09:34:48,09:34:48,18.82,0.01,413,777266,卖盘,2017-08-17,2017-08-17 09:34:48
09:34:51,09:34:51,18.83,0.01,392,738135,买盘,2017-08-17,2017-08-17 09:34:51
09:34:54,09:34:54,18.84,0.01,326,614184,买盘,2017-08-17,2017-08-17 09:34:54
09:34:57,09:34:57,18.84,--,65,122460,买盘,2017-08-17,2017-08-17 09:34:57
09:35:00,09:35:00,18.83,-0.01,130,244789,卖盘,2017-08-17,2017-08-17 09:35:00
09:35:03,09:35:03,18.83,--,369,694826,卖盘,2017-08-17,2017-08-17 09:35:03
09:35:06,09:35:06,18.85,0.02,452,852020,买盘,2017-08-17,2017-08-17 09:35:06
09:35:09,09:35:09,18.85,--,192,361920,卖盘,2017-08-17,2017-08-17 09:35:09
09:35:12,09:35:12,18.85,--,486,916110,卖盘,2017-08-17,2017-08-17 09:35:12
09:35:15,09:35:15,18.86,0.01,337,635582,买盘,2017-08-17,2017-08-17 09:35:15
09:35:18,09:35:18,18.86,--,1344,2534784,买盘,2017-08-17,2017-08-17 09:35:18
09:35:21,09:35:21,18.86,--,151,284786,买盘,2017-08-17,2017-08-17 09:35:21
09:35:24,09:35:24,18.86,--,458,863788,卖盘,2017-08-17,2017-08-17 09:35:24
09:35:27,09:35:27,18.86,--,1386,2613996,卖盘,2017-08-17,2017-08-17 09:35:27
09:35:30,09:35:30,18.87,0.01,124,233988,买盘,2017-08-17,2017-08-17 09:35:30
09:35:33,09:35:33,18.85,-0.02,438,825630,卖盘,2017-08-17,2017-08-17 09:35:33
09:35:36,09:35:36,18.86,0.01,766,1444676,买盘,2017-08-17,2017-08-17 09:35:36
09:35:39,09:35:39,18.84,-0.02,180,339120,卖盘,2017-08-17,2017-08-17 09:35:39
09:35:42,09:35:42,18.87,0.03,1286,2426682,买盘,2017-08-17,2017-08-17 09:35:42
09:35:45,09:35:45,18.86,-0.01,505,952430,卖盘,2017-08-17,2017-08-17 09:35:45
09:35:48,09:35:48,18.84,-0.02,657,1237788,卖盘,2017-08-17,2017-08-17 09:35:48
09:35:51,09:35:51,18.86,0.02,603,1138257,买盘,2017-08-17,2017-08-17 09:35:51
09:35:54,09:35:54,18.87,0.01,681,1285933,买盘,2017-08-17,2017-08-17 09:35:54
09:35:57,09:35:57,18.83,-0.04,208,391663,卖盘,2017-08-17,2017-08-17 09:35:57
09:36:00,09:36:00,18.86,0.03,554,1044844,买盘,2017-08-17,2017-08-17 09:36:00
09:36:03,09:36:03,18.85,-0.01,528,995280,卖盘,2017-08-17,2017-08-17 09:36:03
09:36:06,09:36:06,18.84,-0.01,93,175212,卖盘,2017-08-17,2017-08-17 09:36:06
09:36:09,09:36:09,18.85,0.01,858,1617330,买盘,2017-08-17,2017-08-17 09:36:09
09:36:12,09:36:12,18.84,-0.01,117,220428,中性盘,2017-08-17,2017-08-17 09:36:12
09:36:15,09:36:15,18.84,--,169,318396,买盘,2017-08-17,2017-08-17 09:36:15
09:36:18,09:36:18,18.83,-0.01,262,493345,卖盘,2017-08-17,2017-08-17 09:36:18
09:36:21,09:36:21,18.83,--,236,444387,买盘,2017-08-17,2017-08-17 09:36:21
09:36:24,09:36:24,18.83,--,571,1075193,买盘,2017-08-17,2017-08-17 09:36:24
09:36:27,09:36:27,18.82,-0.01,753,1417146,卖盘,2017-08-17,2017-08-17 09:36:27
09:36:30,09:36:30,18.81,-0.01,142,267102,卖盘,2017-08-17,2017-08-17 09:36:30
09:36:33,09:36:33,18.82,0.01,175,329350,买盘,2017-08-17,2017-08-17 09:36:33
09:36:36,09:36:36,18.82,--,397,747154,买盘,2017-08-17,2017-08-17 09:36:36
09:36:39,09:36:39,18.8,-0.02,1542,2899411,卖盘,2017-08-17,2017-08-17 09:36:39
09:36:42,09:36:42,18.76,-0.04,800,1500800,卖盘,2017-08-17,2017-08-17 09:36:42
09:36:45,09:36:45,18.77,0.01,30,56310,中性盘,2017-08-17,2017-08-17 09:36:45
09:36:48,09:36:48,18.76,-0.01,176,330176,卖盘,2017-08-17,2017-08-17 09:36:48
09:36:51,09:36:51,18.75,-0.01,129,241875,卖盘,2017-08-17,2017-08-17 09:36:51
09:36:54,09:36:54,18.76,0.01,493,924868,买盘,2017-08-17,2017-08-17 09:36:54
09:36:57,09:36:57,18.76,--,2258,4236008,买盘,2017-08-17,2017-08-17 09:36:57
09:37:00,09:37:00,18.74,-0.02,292,547208,中性盘,2017-08-17,2017-08-17 09:37:00
09:37:03,09:37:03,18.74,--,206,386043,买盘,2017-08-17,2017-08-17 09:37:03
09:37:06,09:37:06,18.7,-0.04,1884,3523080,卖盘,2017-08-17,2017-08-17 09:37:06
09:37:09,09:37:09,18.72,0.02,263,492335,买盘,2017-08-17,2017-08-17 09:37:09
09:37:12,09:37:12,18.72,--,354,662688,买盘,2017-08-17,2017-08-17 09:37:12
09:37:15,09:37:15,18.7,-0.02,281,525470,卖盘,2017-08-17,2017-08-17 09:37:15
09:37:18,09:37:18,18.67,-0.03,1408,2628736,卖盘,2017-08-17,2017-08-17 09:37:18
09:37:21,09:37:21,18.66,-0.01,26,48516,中性盘,2017-08-17,2017-08-17 09:37:21
09:37:24,09:37:24,18.66,--,153,285498,买盘,2017-08-17,2017-08-17 09:37:24
09:37:27,09:37:27,18.65,-0.01,275,512874,卖盘,2017-08-17,2017-08-17 09:37:27
09:37:30,09:37:30,18.65,--,1538,2868370,卖盘,2017-08-17,2017-08-17 09:37:30
09:37:33,09:37:33,18.66,0.01,509,949794,中性盘,2017-08-17,2017-08-17 09:37:33
09:37:36,09:37:36,18.66,--,1107,2065662,买盘,2017-08-17,2017-08-17 09:37:36
09:37:39,09:37:39,18.64,-0.02,1071,1996344,卖盘,2017-08-17,2017-08-17 09:37:39
09:37:42,09:37:42,18.65,0.01,113,210744,买盘,2017-08-17,2017-08-17 09:37:42
09:37:45,09:37:45,18.65,--,333,621045,卖盘,2017-08-17,2017-08-17 09:37:45
09:37:48,09:37:48,18.65,--,128,238719,卖盘,2017-08-17,2017-08-17 09:37:48
09:37:51,09:37:51,18.65,--,1046,1950789,卖盘,2017-08-17,2017-08-17 09:37:51
09:37:54,09:37:54,18.67,0.02,847,1581349,买盘,2017-08-17,2017-08-17 09:37:54
09:37:57,09:37:57,18.65,-0.02,295,550175,卖盘,2017-08-17,2017-08-17 09:37:57
09:38:00,09:38:00,18.66,0.01,1375,2565750,买盘,2017-08-17,2017-08-17 09:38:00
09:38:03,09:38:03,18.64,-0.02,467,870488,卖盘,2017-08-17,2017-08-17 09:38:03
09:38:06,09:38:06,18.65,0.01,370,690050,买盘,2017-08-17,2017-08-17 09:38:06
09:38:09,09:38:09,18.67,0.02,282,526494,买盘,2017-08-17,2017-08-17 09:38:09
09:38:12,09:38:12,18.65,-0.02,409,762785,卖盘,2017-08-17,2017-08-17 09:38:12
09:38:15,09:38:15,18.69,0.04,419,783111,买盘,2017-08-17,2017-08-17 09:38:15
09:38:18,09:38:18,18.67,-0.02,32,59744,卖盘,2017-08-17,2017-08-17 09:38:18
09:38:21,09:38:21,18.66,-0.01,510,951660,卖盘,2017-08-17,2017-08-17 09:38:21
09:38:24,09:38:24,18.66,--,539,1005774,卖盘,2017-08-17,2017-08-17 09:38:24
09:38:27,09:38:27,18.67,0.01,136,253912,买盘,2017-08-17,2017-08-17 09:38:27
09:38:30,09:38:30,18.69,0.02,707,1321383,买盘,2017-08-17,2017-08-17 09:38:30
09:38:33,09:38:33,18.67,-0.02,224,418208,卖盘,2017-08-17,2017-08-17 09:38:33
09:38:36,09:38:36,18.67,--,627,1170609,卖盘,2017-08-17,2017-08-17 09:38:36
09:38:39,09:38:39,18.7,0.03,971,1815770,买盘,2017-08-17,2017-08-17 09:38:39
09:38:42,09:38:42,18.7,--,282,527340,卖盘,2017-08-17,2017-08-17 09:38:42
09:38:45,09:38:45,18.69,-0.01,344,642936,卖盘,2017-08-17,2017-08-17 09:38:45
09:38:48,09:38:48,18.69,--,51,95319,卖盘,2017-08-17,2017-08-17 09:38:48
09:38:51,09:38:51,18.74,0.05,331,620294,买盘,2017-08-17,2017-08-17 09:38:51
09:38:54,09:38:54,18.7,-0.04,238,445060,卖盘,2017-08-17,2017-08-17 09:38:54
09:38:57,09:38:57,18.7,--,45,84150,买盘,2017-08-17,2017-08-17 09:38:57
09:39:00,09:39:00,18.7,--,379,708730,买盘,2017-08-17,2017-08-17 09:39:00
09:39:03,09:39:03,18.71,0.01,89,166519,中性盘,2017-08-17,2017-08-17 09:39:03
09:39:06,09:39:06,18.7,-0.01,195,364650,卖盘,2017-08-17,2017-08-17 09:39:06
09:39:09,09:39:09,18.7,--,349,652630,买盘,2017-08-17,2017-08-17 09:39:09
09:39:12,09:39:12,18.7,--,189,353430,买盘,2017-08-17,2017-08-17 09:39:12
09:39:15,09:39:15,18.7,--,176,329120,买盘,2017-08-17,2017-08-17 09:39:15
09:39:18,09:39:18,18.7,--,247,461890,卖盘,2017-08-17,2017-08-17 09:39:18
09:39:21,09:39:21,18.7,--,61,114070,卖盘,2017-08-17,2017-08-17 09:39:21
09:39:24,09:39:24,18.7,--,865,1617550,卖盘,2017-08-17,2017-08-17 09:39:24
09:39:27,09:39:27,18.72,0.02,814,1523808,买盘,2017-08-17,2017-08-17 09:39:27
09:39:30,09:39:30,18.69,-0.03,544,1016736,卖盘,2017-08-17,2017-08-17 09:39:30
09:39:33,09:39:33,18.7,0.01,45,84150,中性盘,2017-08-17,2017-08-17 09:39:33
09:39:36,09:39:36,18.72,0.02,469,877968,买盘,2017-08-17,2017-08-17 09:39:36
09:39:39,09:39:39,18.72,--,204,381888,买盘,2017-08-17,2017-08-17 09:39:39
09:39:42,09:39:42,18.72,--,95,177840,卖盘,2017-08-17,2017-08-17 09:39:42
09:39:45,09:39:45,18.7,-0.02,305,570350,卖盘,2017-08-17,2017-08-17 09:39:45
09:39:48,09:39:48,18.72,0.02,63,117936,买盘,2017-08-17,2017-08-17 09:39:48
09:39:51,09:39:51,18.72,--,123,230256,买盘,2017-08-17,2017-08-17 09:39:51
09:39:54,09:39:54,18.72,--,37,69264,买盘,2017-08-17,2017-08-17 09:39:54
09:39:57,09:39:57,18.71,-0.01,412,770852,卖盘,2017-08-17,2017-08-17 09:39:57
09:40:00,09:40:00,18.7,-0.01,511,955570,卖盘,2017-08-17,2017-08-17 09:40:00
09:40:03,09:40:03,18.79,0.09,1150,2160850,买盘,2017-08-17,2017-08-17 09:40:03
09:40:06,09:40:06,18.73,-0.06,164,307172,中性盘,2017-08-17,2017-08-17 09:40:06
09:40:09,09:40:09,18.73,--,77,144221,卖盘,2017-08-17,2017-08-17 09:40:09
09:40:12,09:40:12,18.72,-0.01,150,280800,卖盘,2017-08-17,2017-08-17 09:40:12
09:40:15,09:40:15,18.73,0.01,94,176062,中性盘,2017-08-17,2017-08-17 09:40:15
09:40:18,09:40:18,18.74,0.01,3,5621,卖盘,2017-08-17,2017-08-17 09:40:18
09:40:21,09:40:21,18.74,--,134,251115,卖盘,2017-08-17,2017-08-17 09:40:21
09:40:24,09:40:24,18.73,-0.01,17,31841,卖盘,2017-08-17,2017-08-17 09:40:24
09:40:27,09:40:27,18.73,--,174,325902,卖盘,2017-08-17,2017-08-17 09:40:27
09:40:30,09:40:30,18.74,0.01,230,431019,买盘,2017-08-17,2017-08-17 09:40:30
09:40:33,09:40:33,18.76,0.02,1035,1941660,中性盘,2017-08-17,2017-08-17 09:40:33
09:40:36,09:40:36,18.73,-0.03,9,16857,卖盘,2017-08-17,2017-08-17 09:40:36
09:40:39,09:40:39,18.73,--,35,65555,卖盘,2017-08-17,2017-08-17 09:40:39
09:40:42,09:40:42,18.74,0.01,62,116187,买盘,2017-08-17,2017-08-17 09:40:42
09:40:45,09:40:45,18.74,--,158,296092,买盘,2017-08-17,2017-08-17 09:40:45
09:40:48,09:40:48,18.74,--,76,142424,买盘,2017-08-17,2017-08-17 09:40:48
09:40:51,09:40:51,18.74,--,244,457255,买盘,2017-08-17,2017-08-17 09:40:51
09:40:54,09:40:54,18.74,--,232,434767,买盘,2017-08-17,2017-08-17 09:40:54
09:40:57,09:40:57,18.74,--,219,410405,买盘,2017-08-17,2017-08-17 09:40:57
09:41:00,09:41:00,18.72,-0.02,150,280800,卖盘,2017-08-17,2017-08-17 09:41:00
09:41:03,09:41:03,18.74,0.02,151,284435,买盘,2017-08-17,2017-08-17 09:41:03
09:41:06,09:41:06,18.72,-0.02,340,636480,卖盘,2017-08-17,2017-08-17 09:41:06
09:41:09,09:41:09,18.74,0.02,77,144298,买盘,2017-08-17,2017-08-17 09:41:09
09:41:12,09:41:12,18.74,--,116,217383,卖盘,2017-08-17,2017-08-17 09:41:12
09:41:15,09:41:15,18.73,-0.01,265,496345,卖盘,2017-08-17,2017-08-17 09:41:15
09:41:18,09:41:18,18.72,-0.01,209,391248,卖盘,2017-08-17,2017-08-17 09:41:18
09:41:21,09:41:21,18.73,0.01,60,112380,买盘,2017-08-17,2017-08-17 09:41:21
09:41:24,09:41:24,18.73,--,120,224760,中性盘,2017-08-17,2017-08-17 09:41:24
09:41:27,09:41:27,18.73,--,70,131110,卖盘,2017-08-17,2017-08-17 09:41:27
09:41:30,09:41:30,18.72,-0.01,242,453024,卖盘,2017-08-17,2017-08-17 09:41:30
09:41:33,09:41:33,18.71,-0.01,14,26194,卖盘,2017-08-17,2017-08-17 09:41:33
09:41:36,09:41:36,18.71,--,816,1526736,卖盘,2017-08-17,2017-08-17 09:41:36
09:41:39,09:41:39,18.71,--,1119,2093649,卖盘,2017-08-17,2017-08-17 09:41:39
09:41:42,09:41:42,18.71,--,75,140325,卖盘,2017-08-17,2017-08-17 09:41:42
09:41:45,09:41:45,18.71,--,262,490613,卖盘,2017-08-17,2017-08-17 09:41:45
09:41:48,09:41:48,18.71,--,180,336780,买盘,2017-08-17,2017-08-17 09:41:48
09:41:51,09:41:51,18.7,-0.01,419,783530,卖盘,2017-08-17,2017-08-17 09:41:51
09:41:54,09:41:54,18.7,--,130,243100,卖盘,2017-08-17,2017-08-17 09:41:54
09:41:57,09:41:57,18.7,--,1105,2066350,卖盘,2017-08-17,2017-08-17 09:41:57
09:42:00,09:42:00,18.69,-0.01,276,515844,卖盘,2017-08-17,2017-08-17 09:42:00
09:42:03,09:42:03,18.7,0.01,129,241230,买盘,2017-08-17,2017-08-17 09:42:03
09:42:06,09:42:06,18.69,-0.01,138,257922,中性盘,2017-08-17,2017-08-17 09:42:06
09:42:09,09:42:09,18.68,-0.01,367,685556,卖盘,2017-08-17,2017-08-17 09:42:09
09:42:12,09:42:12,18.69,0.01,120,224280,中性盘,2017-08-17,2017-08-17 09:42:12
09:42:15,09:42:15,18.7,0.01,193,360910,买盘,2017-08-17,2017-08-17 09:42:15
09:42:18,09:42:18,18.68,-0.02,246,459528,卖盘,2017-08-17,2017-08-17 09:42:18
09:42:21,09:42:21,18.69,0.01,370,691530,中性盘,2017-08-17,2017-08-17 09:42:21
09:42:24,09:42:24,18.69,--,211,394359,卖盘,2017-08-17,2017-08-17 09:42:24
09:42:27,09:42:27,18.7,0.01,173,323510,买盘,2017-08-17,2017-08-17 09:42:27
09:42:30,09:42:30,18.68,-0.02,111,207348,卖盘,2017-08-17,2017-08-17 09:42:30
09:42:33,09:42:33,18.68,--,127,237236,卖盘,2017-08-17,2017-08-17 09:42:33
09:42:36,09:42:36,18.68,--,389,726652,卖盘,2017-08-17,2017-08-17 09:42:36
09:42:39,09:42:39,18.68,--,94,175592,卖盘,2017-08-17,2017-08-17 09:42:39
09:42:42,09:42:42,18.67,-0.01,976,1822192,卖盘,2017-08-17,2017-08-17 09:42:42
09:42:45,09:42:45,18.69,0.02,1539,2876391,买盘,2017-08-17,2017-08-17 09:42:45
09:42:48,09:42:48,18.66,-0.03,186,347076,卖盘,2017-08-17,2017-08-17 09:42:48
09:42:51,09:42:51,18.68,0.02,183,341844,买盘,2017-08-17,2017-08-17 09:42:51
09:42:54,09:42:54,18.67,-0.01,64,119488,卖盘,2017-08-17,2017-08-17 09:42:54
09:42:57,09:42:57,18.68,0.01,234,437112,买盘,2017-08-17,2017-08-17 09:42:57
09:43:00,09:43:00,18.69,0.01,1522,2844618,买盘,2017-08-17,2017-08-17 09:43:00
09:43:03,09:43:03,18.66,-0.03,51,95166,卖盘,2017-08-17,2017-08-17 09:43:03
09:43:06,09:43:06,18.67,0.01,62,115754,买盘,2017-08-17,2017-08-17 09:43:06
09:43:09,09:43:09,18.68,0.01,1526,2850568,买盘,2017-08-17,2017-08-17 09:43:09
09:43:12,09:43:12,18.66,-0.02,106,197796,中性盘,2017-08-17,2017-08-17 09:43:12
09:43:15,09:43:15,18.66,--,394,735204,卖盘,2017-08-17,2017-08-17 09:43:15
09:43:18,09:43:18,18.67,0.01,430,802810,买盘,2017-08-17,2017-08-17 09:43:18
09:43:21,09:43:21,18.67,--,186,347262,卖盘,2017-08-17,2017-08-17 09:43:21
09:43:24,09:43:24,18.67,--,642,1198614,卖盘,2017-08-17,2017-08-17 09:43:24
09:43:27,09:43:27,18.67,--,239,446213,卖盘,2017-08-17,2017-08-17 09:43:27
09:43:30,09:43:30,18.67,--,368,688512,买盘,2017-08-17,2017-08-17 09:43:30
09:43:33,09:43:33,18.67,--,186,347262,卖盘,2017-08-17,2017-08-17 09:43:33
09:43:36,09:43:36,18.69,0.02,1062,1984878,买盘,2017-08-17,2017-08-17 09:43:36
09:43:39,09:43:39,18.68,-0.01,248,463264,中性盘,2017-08-17,2017-08-17 09:43:39
09:43:42,09:43:42,18.69,0.01,483,902727,买盘,2017-08-17,2017-08-17 09:43:42
09:43:45,09:43:45,18.7,0.01,864,1615680,买盘,2017-08-17,2017-08-17 09:43:45
09:43:48,09:43:48,18.69,-0.01,57,106533,卖盘,2017-08-17,2017-08-17 09:43:48
09:43:51,09:43:51,18.7,0.01,201,375870,买盘,2017-08-17,2017-08-17 09:43:51
09:43:54,09:43:54,18.7,--,17,31790,卖盘,2017-08-17,2017-08-17 09:43:54
09:43:57,09:43:57,18.71,0.01,168,314328,买盘,2017-08-17,2017-08-17 09:43:57
09:44:00,09:44:00,18.71,--,1184,2215264,卖盘,2017-08-17,2017-08-17 09:44:00
09:44:03,09:44:03,18.7,-0.01,1326,2479620,卖盘,2017-08-17,2017-08-17 09:44:03
09:44:06,09:44:06,18.7,--,696,1301520,买盘,2017-08-17,2017-08-17 09:44:06
09:44:09,09:44:09,18.71,0.01,580,1085180,买盘,2017-08-17,2017-08-17 09:44:09
09:44:12,09:44:12,18.72,0.01,145,271440,买盘,2017-08-17,2017-08-17 09:44:12
09:44:15,09:44:15,18.72,--,60,112320,买盘,2017-08-17,2017-08-17 09:44:15
09:44:18,09:44:18,18.71,-0.01,86,160906,中性盘,2017-08-17,2017-08-17 09:44:18
09:44:21,09:44:21,18.72,0.01,46,86112,买盘,2017-08-17,2017-08-17 09:44:21
09:44:24,09:44:24,18.72,--,357,668304,买盘,2017-08-17,2017-08-17 09:44:24
09:44:27,09:44:27,18.71,-0.01,124,232004,卖盘,2017-08-17,2017-08-17 09:44:27
09:44:30,09:44:30,18.72,0.01,466,872352,买盘,2017-08-17,2017-08-17 09:44:30
09:44:33,09:44:33,18.72,--,134,250847,卖盘,2017-08-17,2017-08-17 09:44:33
09:44:36,09:44:36,18.72,--,46,86112,卖盘,2017-08-17,2017-08-17 09:44:36
09:44:39,09:44:39,18.73,0.01,182,340886,买盘,2017-08-17,2017-08-17 09:44:39
09:44:42,09:44:42,18.72,-0.01,39,73008,卖盘,2017-08-17,2017-08-17 09:44:42
09:44:45,09:44:45,18.72,--,329,615888,卖盘,2017-08-17,2017-08-17 09:44:45
09:44:48,09:44:48,18.72,--,800,1499022,卖盘,2017-08-17,2017-08-17 09:44:48
09:44:51,09:44:51,18.73,0.01,251,470572,买盘,2017-08-17,2017-08-17 09:44:51
09:44:54,09:44:54,18.72,-0.01,94,175968,中性盘,2017-08-17,2017-08-17 09:44:54
09:44:57,09:44:57,18.72,--,406,760032,买盘,2017-08-17,2017-08-17 09:44:57
09:45:00,09:45:00,18.73,0.01,148,277204,买盘,2017-08-17,2017-08-17 09:45:00
09:45:03,09:45:03,18.73,--,67,125491,买盘,2017-08-17,2017-08-17 09:45:03
09:45:06,09:45:06,18.73,--,1628,3049262,买盘,2017-08-17,2017-08-17 09:45:06
09:45:09,09:45:09,18.73,--,65,121745,卖盘,2017-08-17,2017-08-17 09:45:09
09:45:12,09:45:12,18.74,0.01,106,198643,买盘,2017-08-17,2017-08-17 09:45:12
09:45:15,09:45:15,18.73,-0.01,4,7492,卖盘,2017-08-17,2017-08-17 09:45:15
09:45:18,09:45:18,18.74,0.01,135,252989,买盘,2017-08-17,2017-08-17 09:45:18
09:45:21,09:45:21,18.74,--,9,16866,卖盘,2017-08-17,2017-08-17 09:45:21
09:45:24,09:45:24,18.75,0.01,121,226875,买盘,2017-08-17,2017-08-17 09:45:24
09:45:27,09:45:27,18.71,-0.04,1329,2486559,卖盘,2017-08-17,2017-08-17 09:45:27
09:45:30,09:45:30,18.74,0.03,28,52471,中性盘,2017-08-17,2017-08-17 09:45:30
09:45:33,09:45:33,18.75,0.01,43,80625,买盘,2017-08-17,2017-08-17 09:45:33
09:45:36,09:45:36,18.72,-0.03,321,600912,卖盘,2017-08-17,2017-08-17 09:45:36
09:45:39,09:45:39,18.75,0.03,63,118125,买盘,2017-08-17,2017-08-17 09:45:39
09:45:42,09:45:42,18.74,-0.01,16,29983,买盘,2017-08-17,2017-08-17 09:45:42
09:45:45,09:45:45,18.72,-0.02,74,138528,卖盘,2017-08-17,2017-08-17 09:45:45
09:45:48,09:45:48,18.74,0.02,23,43102,买盘,2017-08-17,2017-08-17 09:45:48
09:45:51,09:45:51,18.72,-0.02,160,299520,卖盘,2017-08-17,2017-08-17 09:45:51
09:45:54,09:45:54,18.72,--,33,61775,卖盘,2017-08-17,2017-08-17 09:45:54
09:45:57,09:45:57,18.74,0.02,56,104943,卖盘,2017-08-17,2017-08-17 09:45:57
09:46:00,09:46:00,18.74,--,48,91488,买盘,2017-08-17,2017-08-17 09:46:00
09:46:03,09:46:03,18.74,--,73,136802,卖盘,2017-08-17,2017-08-17 09:46:03
09:46:06,09:46:06,18.73,-0.01,21,39333,中性盘,2017-08-17,2017-08-17 09:46:06
09:46:09,09:46:09,18.73,--,21,39333,买盘,2017-08-17,2017-08-17 09:46:09
09:46:12,09:46:12,18.74,0.01,7,13117,买盘,2017-08-17,2017-08-17 09:46:12
09:46:15,09:46:15,18.72,-0.02,91,170352,卖盘,2017-08-17,2017-08-17 09:46:15
09:46:18,09:46:18,18.73,0.01,84,157332,买盘,2017-08-17,2017-08-17 09:46:18
09:46:21,09:46:21,18.73,--,57,106761,买盘,2017-08-17,2017-08-17 09:46:21
09:46:24,09:46:24,18.73,--,87,162951,卖盘,2017-08-17,2017-08-17 09:46:24
09:46:27,09:46:27,18.74,0.01,56,104943,买盘,2017-08-17,2017-08-17 09:46:27
09:46:30,09:46:30,18.73,-0.01,108,202284,卖盘,2017-08-17,2017-08-17 09:46:30
09:46:33,09:46:33,18.74,0.01,137,256737,买盘,2017-08-17,2017-08-17 09:46:33
09:46:36,09:46:36,18.73,-0.01,295,552535,卖盘,2017-08-17,2017-08-17 09:46:36
09:46:39,09:46:39,18.73,--,65,121745,卖盘,2017-08-17,2017-08-17 09:46:39
09:46:42,09:46:42,18.75,0.02,634,1188750,买盘,2017-08-17,2017-08-17 09:46:42
09:46:45,09:46:45,18.73,-0.02,56,104888,买盘,2017-08-17,2017-08-17 09:46:45
09:46:48,09:46:48,18.73,--,19,35587,买盘,2017-08-17,2017-08-17 09:46:48
09:46:51,09:46:51,18.72,-0.01,340,636480,卖盘,2017-08-17,2017-08-17 09:46:51
09:46:54,09:46:54,18.74,0.02,18,33732,买盘,2017-08-17,2017-08-17 09:46:54
09:46:57,09:46:57,18.72,-0.02,303,567216,卖盘,2017-08-17,2017-08-17 09:46:57
09:47:00,09:47:00,18.73,0.01,33,61809,中性盘,2017-08-17,2017-08-17 09:47:00
09:47:03,09:47:03,18.73,--,99,185427,卖盘,2017-08-17,2017-08-17 09:47:03
09:47:06,09:47:06,18.74,0.01,41,76834,中性盘,2017-08-17,2017-08-17 09:47:06
09:47:09,09:47:09,18.72,-0.02,192,359760,卖盘,2017-08-17,2017-08-17 09:47:09
09:47:12,09:47:12,18.72,--,49,91728,买盘,2017-08-17,2017-08-17 09:47:12
09:47:15,09:47:15,18.73,0.01,11,20603,买盘,2017-08-17,2017-08-17 09:47:15
09:47:18,09:47:18,18.71,-0.02,87,162777,卖盘,2017-08-17,2017-08-17 09:47:18
09:47:21,09:47:21,18.72,0.01,100,187200,中性盘,2017-08-17,2017-08-17 09:47:21
09:47:24,09:47:24,18.72,--,60,112320,卖盘,2017-08-17,2017-08-17 09:47:24
09:47:27,09:47:27,18.72,--,279,522287,买盘,2017-08-17,2017-08-17 09:47:27
09:47:30,09:47:30,18.71,-0.01,35,65485,卖盘,2017-08-17,2017-08-17 09:47:30
09:47:33,09:47:33,18.72,0.01,27,50544,买盘,2017-08-17,2017-08-17 09:47:33
09:47:36,09:47:36,18.71,-0.01,62,116002,卖盘,2017-08-17,2017-08-17 09:47:36
09:47:39,09:47:39,18.72,0.01,427,799344,买盘,2017-08-17,2017-08-17 09:47:39
09:47:42,09:47:42,18.72,--,201,376272,卖盘,2017-08-17,2017-08-17 09:47:42
09:47:45,09:47:45,18.72,--,377,705744,卖盘,2017-08-17,2017-08-17 09:47:45
09:47:48,09:47:48,18.72,--,56,104832,卖盘,2017-08-17,2017-08-17 09:47:48
09:47:51,09:47:51,18.72,--,127,237744,卖盘,2017-08-17,2017-08-17 09:47:51
09:47:54,09:47:54,18.72,--,196,366912,卖盘,2017-08-17,2017-08-17 09:47:54
09:47:57,09:47:57,18.73,0.01,121,228168,买盘,2017-08-17,2017-08-17 09:47:57
09:48:00,09:48:00,18.73,--,210,393667,卖盘,2017-08-17,2017-08-17 09:48:00
09:48:03,09:48:03,18.72,-0.01,122,228384,卖盘,2017-08-17,2017-08-17 09:48:03
09:48:06,09:48:06,18.71,-0.01,114,213294,卖盘,2017-08-17,2017-08-17 09:48:06
09:48:09,09:48:09,18.72,0.01,130,243359,买盘,2017-08-17,2017-08-17 09:48:09
09:48:12,09:48:12,18.71,-0.01,64,119744,卖盘,2017-08-17,2017-08-17 09:48:12
09:48:15,09:48:15,18.72,0.01,95,177840,买盘,2017-08-17,2017-08-17 09:48:15
09:48:21,09:48:21,18.71,-0.01,171,319941,卖盘,2017-08-17,2017-08-17 09:48:21
09:48:24,09:48:24,18.71,--,82,153422,卖盘,2017-08-17,2017-08-17 09:48:24
09:48:27,09:48:27,18.71,--,134,250714,卖盘,2017-08-17,2017-08-17 09:48:27
09:48:30,09:48:30,18.71,--,99,185229,卖盘,2017-08-17,2017-08-17 09:48:30
09:48:33,09:48:33,18.72,0.01,178,333216,买盘,2017-08-17,2017-08-17 09:48:33
09:48:36,09:48:36,18.72,--,1122,2100384,卖盘,2017-08-17,2017-08-17 09:48:36
09:48:39,09:48:39,18.77,0.05,298,560978,买盘,2017-08-17,2017-08-17 09:48:39
09:48:42,09:48:42,18.77,--,44,82588,卖盘,2017-08-17,2017-08-17 09:48:42
09:48:45,09:48:45,18.77,--,84,157668,卖盘,2017-08-17,2017-08-17 09:48:45
09:48:48,09:48:48,18.78,0.01,187,351186,买盘,2017-08-17,2017-08-17 09:48:48
09:48:51,09:48:51,18.74,-0.04,107,200517,卖盘,2017-08-17,2017-08-17 09:48:51
09:48:54,09:48:54,18.79,0.05,690,1296510,买盘,2017-08-17,2017-08-17 09:48:54
09:48:57,09:48:57,18.77,-0.02,13,24401,中性盘,2017-08-17,2017-08-17 09:48:57
09:49:00,09:49:00,18.75,-0.02,141,264375,卖盘,2017-08-17,2017-08-17 09:49:00
09:49:03,09:49:03,18.78,0.03,16,30048,买盘,2017-08-17,2017-08-17 09:49:03
09:49:06,09:49:06,18.79,0.01,119,223601,买盘,2017-08-17,2017-08-17 09:49:06
09:49:09,09:49:09,18.79,--,41,77039,买盘,2017-08-17,2017-08-17 09:49:09
09:49:12,09:49:12,18.79,--,154,289366,买盘,2017-08-17,2017-08-17 09:49:12
09:49:15,09:49:15,18.77,-0.02,68,127636,卖盘,2017-08-17,2017-08-17 09:49:15
09:49:18,09:49:18,18.79,0.02,131,246149,买盘,2017-08-17,2017-08-17 09:49:18
09:49:21,09:49:21,18.8,0.01,53,99640,买盘,2017-08-17,2017-08-17 09:49:21
09:49:24,09:49:24,18.78,-0.02,303,569034,卖盘,2017-08-17,2017-08-17 09:49:24
09:49:27,09:49:27,18.79,0.01,10,18790,卖盘,2017-08-17,2017-08-17 09:49:27
09:49:30,09:49:30,18.79,--,161,302519,卖盘,2017-08-17,2017-08-17 09:49:30
09:49:33,09:49:33,18.79,--,114,214206,买盘,2017-08-17,2017-08-17 09:49:33
09:49:36,09:49:36,18.79,--,130,244270,买盘,2017-08-17,2017-08-17 09:49:36
09:49:39,09:49:39,18.79,--,41,77039,买盘,2017-08-17,2017-08-17 09:49:39
09:49:42,09:49:42,18.8,0.01,726,1364880,买盘,2017-08-17,2017-08-17 09:49:42
09:49:45,09:49:45,18.79,-0.01,85,159715,卖盘,2017-08-17,2017-08-17 09:49:45
09:49:48,09:49:48,18.79,--,20,37580,卖盘,2017-08-17,2017-08-17 09:49:48
09:49:51,09:49:51,18.8,0.01,152,285760,买盘,2017-08-17,2017-08-17 09:49:51
09:49:54,09:49:54,18.8,--,65,122200,卖盘,2017-08-17,2017-08-17 09:49:54
09:49:57,09:49:57,18.81,0.01,321,603801,买盘,2017-08-17,2017-08-17 09:49:57
09:50:00,09:50:00,18.81,--,32,60191,买盘,2017-08-17,2017-08-17 09:50:00
09:50:03,09:50:03,18.81,--,29,54548,买盘,2017-08-17,2017-08-17 09:50:03
09:50:06,09:50:06,18.81,--,326,613206,买盘,2017-08-17,2017-08-17 09:50:06
09:50:09,09:50:09,18.83,0.02,101,190182,买盘,2017-08-17,2017-08-17 09:50:09
09:50:12,09:50:12,18.8,-0.03,1035,1945800,卖盘,2017-08-17,2017-08-17 09:50:12
09:50:15,09:50:15,18.82,0.02,22,41404,买盘,2017-08-17,2017-08-17 09:50:15
09:50:18,09:50:18,18.82,--,137,257834,买盘,2017-08-17,2017-08-17 09:50:18
09:50:21,09:50:21,18.82,--,188,353816,买盘,2017-08-17,2017-08-17 09:50:21
09:50:24,09:50:24,18.81,-0.01,156,293436,卖盘,2017-08-17,2017-08-17 09:50:24
09:50:27,09:50:27,18.81,--,492,925451,卖盘,2017-08-17,2017-08-17 09:50:27
09:50:30,09:50:30,18.82,0.01,165,310530,买盘,2017-08-17,2017-08-17 09:50:30
09:50:33,09:50:33,18.81,-0.01,341,641421,中性盘,2017-08-17,2017-08-17 09:50:33
09:50:36,09:50:36,18.8,-0.01,137,257560,卖盘,2017-08-17,2017-08-17 09:50:36
09:50:39,09:50:39,18.81,0.01,196,368676,买盘,2017-08-17,2017-08-17 09:50:39
09:50:42,09:50:42,18.81,--,47,88407,买盘,2017-08-17,2017-08-17 09:50:42
09:50:45,09:50:45,18.8,-0.01,181,340280,卖盘,2017-08-17,2017-08-17 09:50:45
09:50:48,09:50:48,18.81,0.01,261,490940,买盘,2017-08-17,2017-08-17 09:50:48
09:50:51,09:50:51,18.82,0.01,184,346288,买盘,2017-08-17,2017-08-17 09:50:51
09:50:54,09:50:54,18.8,-0.02,161,302680,卖盘,2017-08-17,2017-08-17 09:50:54
09:50:57,09:50:57,18.8,--,160,300800,买盘,2017-08-17,2017-08-17 09:50:57
09:51:00,09:51:00,18.81,0.01,1057,1988216,买盘,2017-08-17,2017-08-17 09:51:00
09:51:03,09:51:03,18.8,-0.01,25,47000,中性盘,2017-08-17,2017-08-17 09:51:03
09:51:06,09:51:06,18.8,--,58,109040,卖盘,2017-08-17,2017-08-17 09:51:06
09:51:09,09:51:09,18.82,0.02,227,427214,买盘,2017-08-17,2017-08-17 09:51:09
09:51:12,09:51:12,18.81,-0.01,161,302841,中性盘,2017-08-17,2017-08-17 09:51:12
09:51:15,09:51:15,18.83,0.02,841,1585034,买盘,2017-08-17,2017-08-17 09:51:15
09:51:18,09:51:18,18.83,--,33,62138,卖盘,2017-08-17,2017-08-17 09:51:18
09:51:21,09:51:21,18.83,--,59,111096,卖盘,2017-08-17,2017-08-17 09:51:21
09:51:24,09:51:24,18.84,0.01,121,227964,买盘,2017-08-17,2017-08-17 09:51:24
09:51:27,09:51:27,18.8,-0.04,1073,2017691,卖盘,2017-08-17,2017-08-17 09:51:27
09:51:30,09:51:30,18.8,--,209,392920,买盘,2017-08-17,2017-08-17 09:51:30
09:51:33,09:51:33,18.8,--,87,163560,买盘,2017-08-17,2017-08-17 09:51:33
09:51:36,09:51:36,18.84,0.04,222,419679,买盘,2017-08-17,2017-08-17 09:51:36
09:51:39,09:51:39,18.84,--,18,33912,卖盘,2017-08-17,2017-08-17 09:51:39
09:51:42,09:51:42,18.84,--,66,124344,卖盘,2017-08-17,2017-08-17 09:51:42
09:51:45,09:51:45,18.85,0.01,78,147482,买盘,2017-08-17,2017-08-17 09:51:45
09:51:48,09:51:48,18.84,-0.01,69,129996,买盘,2017-08-17,2017-08-17 09:51:48
09:51:51,09:51:51,18.84,--,61,114924,卖盘,2017-08-17,2017-08-17 09:51:51
09:51:54,09:51:54,18.84,--,211,397524,卖盘,2017-08-17,2017-08-17 09:51:54
09:51:57,09:51:57,18.86,0.02,455,859563,买盘,2017-08-17,2017-08-17 09:51:57
09:52:00,09:52:00,18.86,--,23,43378,卖盘,2017-08-17,2017-08-17 09:52:00
09:52:03,09:52:03,18.88,0.02,237,447456,买盘,2017-08-17,2017-08-17 09:52:03
09:52:06,09:52:06,18.9,0.02,1556,2941841,买盘,2017-08-17,2017-08-17 09:52:06
09:52:09,09:52:09,18.9,--,58,109619,卖盘,2017-08-17,2017-08-17 09:52:09
09:52:12,09:52:12,18.9,--,11,20790,卖盘,2017-08-17,2017-08-17 09:52:12
09:52:15,09:52:15,18.91,0.01,80,151280,买盘,2017-08-17,2017-08-17 09:52:15
09:52:18,09:52:18,18.93,0.02,43,81399,买盘,2017-08-17,2017-08-17 09:52:18
09:52:21,09:52:21,18.92,-0.01,24,45408,卖盘,2017-08-17,2017-08-17 09:52:21
09:52:24,09:52:24,18.93,0.01,124,234732,买盘,2017-08-17,2017-08-17 09:52:24
09:52:27,09:52:27,18.94,0.01,380,719720,买盘,2017-08-17,2017-08-17 09:52:27
09:52:30,09:52:30,18.93,-0.01,94,177942,卖盘,2017-08-17,2017-08-17 09:52:30
09:52:33,09:52:33,18.93,--,205,388065,卖盘,2017-08-17,2017-08-17 09:52:33
09:52:36,09:52:36,18.94,0.01,515,975410,买盘,2017-08-17,2017-08-17 09:52:36
09:52:39,09:52:39,18.94,--,402,761388,买盘,2017-08-17,2017-08-17 09:52:39
09:52:42,09:52:42,18.93,-0.01,684,1294812,卖盘,2017-08-17,2017-08-17 09:52:42
09:52:45,09:52:45,18.9,-0.03,2032,3841368,卖盘,2017-08-17,2017-08-17 09:52:45
09:52:48,09:52:48,18.9,--,76,143640,买盘,2017-08-17,2017-08-17 09:52:48
09:52:51,09:52:51,18.9,--,92,173880,买盘,2017-08-17,2017-08-17 09:52:51
09:52:54,09:52:54,18.9,--,71,134190,买盘,2017-08-17,2017-08-17 09:52:54
09:52:57,09:52:57,18.91,0.01,895,1693447,买盘,2017-08-17,2017-08-17 09:52:57
09:53:00,09:53:00,18.92,0.01,81,153252,中性盘,2017-08-17,2017-08-17 09:53:00
09:53:03,09:53:03,18.92,--,535,1012220,买盘,2017-08-17,2017-08-17 09:53:03
09:53:06,09:53:06,18.9,-0.02,112,211679,卖盘,2017-08-17,2017-08-17 09:53:06
09:53:09,09:53:09,18.94,0.04,34,64396,买盘,2017-08-17,2017-08-17 09:53:09
09:53:12,09:53:12,18.92,-0.02,102,192984,卖盘,2017-08-17,2017-08-17 09:53:12
09:53:15,09:53:15,18.92,--,15,28380,卖盘,2017-08-17,2017-08-17 09:53:15
09:53:18,09:53:18,18.93,0.01,313,592509,中性盘,2017-08-17,2017-08-17 09:53:18
09:53:21,09:53:21,18.93,--,119,225267,买盘,2017-08-17,2017-08-17 09:53:21
09:53:24,09:53:24,18.92,-0.01,31,58652,卖盘,2017-08-17,2017-08-17 09:53:24
09:53:27,09:53:27,18.93,0.01,46,87078,买盘,2017-08-17,2017-08-17 09:53:27
09:53:30,09:53:30,18.93,--,61,115473,买盘,2017-08-17,2017-08-17 09:53:30
09:53:33,09:53:33,18.95,0.02,2105,3988975,买盘,2017-08-17,2017-08-17 09:53:33
09:53:36,09:53:36,18.93,-0.02,841,1592013,卖盘,2017-08-17,2017-08-17 09:53:36
09:53:39,09:53:39,18.94,0.01,65,123110,中性盘,2017-08-17,2017-08-17 09:53:39
09:53:42,09:53:42,18.95,0.01,224,424480,买盘,2017-08-17,2017-08-17 09:53:42
09:53:45,09:53:45,18.95,--,201,380895,买盘,2017-08-17,2017-08-17 09:53:45
09:53:48,09:53:48,18.94,-0.01,65,123110,中性盘,2017-08-17,2017-08-17 09:53:48
09:53:51,09:53:51,18.93,-0.01,391,740163,卖盘,2017-08-17,2017-08-17 09:53:51
09:53:54,09:53:54,18.93,--,206,389958,买盘,2017-08-17,2017-08-17 09:53:54
09:53:57,09:53:57,18.91,-0.02,268,506788,卖盘,2017-08-17,2017-08-17 09:53:57
09:54:00,09:54:00,18.93,0.02,372,704196,买盘,2017-08-17,2017-08-17 09:54:00
09:54:03,09:54:03,18.91,-0.02,90,170190,卖盘,2017-08-17,2017-08-17 09:54:03
09:54:06,09:54:06,18.9,-0.01,243,459269,卖盘,2017-08-17,2017-08-17 09:54:06
09:54:09,09:54:09,18.92,0.02,141,266772,买盘,2017-08-17,2017-08-17 09:54:09
09:54:12,09:54:12,18.9,-0.02,253,478169,卖盘,2017-08-17,2017-08-17 09:54:12
09:54:15,09:54:15,18.9,--,392,740880,卖盘,2017-08-17,2017-08-17 09:54:15
09:54:18,09:54:18,18.9,--,131,247589,买盘,2017-08-17,2017-08-17 09:54:18
09:54:21,09:54:21,18.9,--,150,283500,买盘,2017-08-17,2017-08-17 09:54:21
09:54:24,09:54:24,18.88,-0.02,18,33984,卖盘,2017-08-17,2017-08-17 09:54:24
09:54:27,09:54:27,18.89,0.01,59,111451,买盘,2017-08-17,2017-08-17 09:54:27
09:54:30,09:54:30,18.87,-0.02,97,183039,卖盘,2017-08-17,2017-08-17 09:54:30
09:54:33,09:54:33,18.87,--,47,88689,卖盘,2017-08-17,2017-08-17 09:54:33
09:54:36,09:54:36,18.89,0.02,182,343798,买盘,2017-08-17,2017-08-17 09:54:36
09:54:39,09:54:39,18.87,-0.02,304,573648,卖盘,2017-08-17,2017-08-17 09:54:39
09:54:42,09:54:42,18.86,-0.01,20,37720,卖盘,2017-08-17,2017-08-17 09:54:42
09:54:45,09:54:45,18.85,-0.01,51,96135,卖盘,2017-08-17,2017-08-17 09:54:45
09:54:48,09:54:48,18.87,0.02,131,247197,买盘,2017-08-17,2017-08-17 09:54:48
09:54:51,09:54:51,18.86,-0.01,29,54694,卖盘,2017-08-17,2017-08-17 09:54:51
09:54:54,09:54:54,18.85,-0.01,191,360035,卖盘,2017-08-17,2017-08-17 09:54:54
09:54:57,09:54:57,18.86,0.01,16,30176,中性盘,2017-08-17,2017-08-17 09:54:57
09:55:00,09:55:00,18.87,0.01,143,269841,买盘,2017-08-17,2017-08-17 09:55:00
09:55:03,09:55:03,18.87,--,252,475524,买盘,2017-08-17,2017-08-17 09:55:03
09:55:06,09:55:06,18.86,-0.01,74,139564,卖盘,2017-08-17,2017-08-17 09:55:06
09:55:09,09:55:09,18.85,-0.01,67,126295,卖盘,2017-08-17,2017-08-17 09:55:09
09:55:12,09:55:12,18.87,0.02,81,152847,买盘,2017-08-17,2017-08-17 09:55:12
09:55:15,09:55:15,18.87,--,84,158508,买盘,2017-08-17,2017-08-17 09:55:15
09:55:18,09:55:18,18.86,-0.01,187,352682,中性盘,2017-08-17,2017-08-17 09:55:18
09:55:21,09:55:21,18.87,0.01,39,73593,买盘,2017-08-17,2017-08-17 09:55:21
09:55:24,09:55:24,18.86,-0.01,41,77326,卖盘,2017-08-17,2017-08-17 09:55:24
09:55:27,09:55:27,18.86,--,303,571458,卖盘,2017-08-17,2017-08-17 09:55:27
09:55:30,09:55:30,18.87,0.01,50,94350,中性盘,2017-08-17,2017-08-17 09:55:30
09:55:33,09:55:33,18.87,--,119,224553,卖盘,2017-08-17,2017-08-17 09:55:33
09:55:36,09:55:36,18.86,-0.01,427,805322,卖盘,2017-08-17,2017-08-17 09:55:36
09:55:39,09:55:39,18.88,0.02,440,830720,买盘,2017-08-17,2017-08-17 09:55:39
09:55:42,09:55:42,18.88,--,115,217120,卖盘,2017-08-17,2017-08-17 09:55:42
09:55:45,09:55:45,18.88,--,407,768416,卖盘,2017-08-17,2017-08-17 09:55:45
09:55:48,09:55:48,18.9,0.02,10,18900,买盘,2017-08-17,2017-08-17 09:55:48
09:55:51,09:55:51,18.9,--,88,166320,买盘,2017-08-17,2017-08-17 09:55:51
09:55:54,09:55:54,18.9,--,62,117179,买盘,2017-08-17,2017-08-17 09:55:54
09:55:57,09:55:57,18.88,-0.02,236,445568,卖盘,2017-08-17,2017-08-17 09:55:57
09:56:00,09:56:00,18.88,--,56,105728,买盘,2017-08-17,2017-08-17 09:56:00
09:56:03,09:56:03,18.9,0.02,558,1054620,买盘,2017-08-17,2017-08-17 09:56:03
09:56:06,09:56:06,18.9,--,6,11340,卖盘,2017-08-17,2017-08-17 09:56:06
09:56:09,09:56:09,18.9,--,65,122849,卖盘,2017-08-17,2017-08-17 09:56:09
09:56:12,09:56:12,18.9,--,164,309960,卖盘,2017-08-17,2017-08-17 09:56:12
09:56:15,09:56:15,18.88,-0.02,87,164256,卖盘,2017-08-17,2017-08-17 09:56:15
09:56:18,09:56:18,18.91,0.03,217,410347,买盘,2017-08-17,2017-08-17 09:56:18
09:56:21,09:56:21,18.9,-0.01,137,258929,卖盘,2017-08-17,2017-08-17 09:56:21
09:56:24,09:56:24,18.91,0.01,142,268522,买盘,2017-08-17,2017-08-17 09:56:24
09:56:27,09:56:27,18.87,-0.04,317,598179,卖盘,2017-08-17,2017-08-17 09:56:27
09:56:30,09:56:30,18.88,0.01,156,294528,买盘,2017-08-17,2017-08-17 09:56:30
09:56:33,09:56:33,18.88,--,160,302080,卖盘,2017-08-17,2017-08-17 09:56:33
09:56:36,09:56:36,18.88,--,59,111392,卖盘,2017-08-17,2017-08-17 09:56:36
09:56:39,09:56:39,18.88,--,77,145376,卖盘,2017-08-17,2017-08-17 09:56:39
09:56:42,09:56:42,18.88,--,210,396480,买盘,2017-08-17,2017-08-17 09:56:42
09:56:45,09:56:45,18.88,--,147,277536,买盘,2017-08-17,2017-08-17 09:56:45
09:56:48,09:56:48,18.88,--,61,115168,买盘,2017-08-17,2017-08-17 09:56:48
09:56:51,09:56:51,18.87,-0.01,42,79254,卖盘,2017-08-17,2017-08-17 09:56:51
09:56:54,09:56:54,18.85,-0.02,487,917995,卖盘,2017-08-17,2017-08-17 09:56:54
09:56:57,09:56:57,18.85,--,458,863330,买盘,2017-08-17,2017-08-17 09:56:57
09:57:00,09:57:00,18.85,--,10,18850,买盘,2017-08-17,2017-08-17 09:57:00
09:57:03,09:57:03,18.84,-0.01,188,354192,卖盘,2017-08-17,2017-08-17 09:57:03
09:57:06,09:57:06,18.88,0.04,400,755200,买盘,2017-08-17,2017-08-17 09:57:06
09:57:09,09:57:09,18.84,-0.04,316,595344,买盘,2017-08-17,2017-08-17 09:57:09
09:57:12,09:57:12,18.84,--,102,192168,买盘,2017-08-17,2017-08-17 09:57:12
09:57:15,09:57:15,18.85,0.01,195,367575,买盘,2017-08-17,2017-08-17 09:57:15
09:57:18,09:57:18,18.84,-0.01,21,39564,卖盘,2017-08-17,2017-08-17 09:57:18
09:57:21,09:57:21,18.86,0.02,36,67896,买盘,2017-08-17,2017-08-17 09:57:21
09:57:27,09:57:27,18.84,-0.02,96,180864,卖盘,2017-08-17,2017-08-17 09:57:27
09:57:30,09:57:30,18.84,--,36,67824,卖盘,2017-08-17,2017-08-17 09:57:30
09:57:33,09:57:33,18.82,-0.02,224,421568,卖盘,2017-08-17,2017-08-17 09:57:33
09:57:36,09:57:36,18.82,--,148,278536,卖盘,2017-08-17,2017-08-17 09:57:36
09:57:39,09:57:39,18.83,0.01,20,37660,卖盘,2017-08-17,2017-08-17 09:57:39
09:57:42,09:57:42,18.83,--,30,56489,买盘,2017-08-17,2017-08-17 09:57:42
09:57:45,09:57:45,18.82,-0.01,247,464854,卖盘,2017-08-17,2017-08-17 09:57:45
09:57:48,09:57:48,18.81,-0.01,109,205029,卖盘,2017-08-17,2017-08-17 09:57:48
09:57:51,09:57:51,18.82,0.01,62,116684,买盘,2017-08-17,2017-08-17 09:57:51
09:57:54,09:57:54,18.81,-0.01,55,103455,卖盘,2017-08-17,2017-08-17 09:57:54
09:57:57,09:57:57,18.81,--,41,77121,卖盘,2017-08-17,2017-08-17 09:57:57
09:58:00,09:58:00,18.81,--,535,1006334,卖盘,2017-08-17,2017-08-17 09:58:00
09:58:03,09:58:03,18.82,0.01,850,1599700,买盘,2017-08-17,2017-08-17 09:58:03
09:58:06,09:58:06,18.82,--,127,239014,卖盘,2017-08-17,2017-08-17 09:58:06
09:58:09,09:58:09,18.81,-0.01,39,73359,卖盘,2017-08-17,2017-08-17 09:58:09
09:58:12,09:58:12,18.82,0.01,8,15056,卖盘,2017-08-17,2017-08-17 09:58:12
09:58:18,09:58:18,18.82,--,146,274772,卖盘,2017-08-17,2017-08-17 09:58:18
09:58:21,09:58:21,18.82,--,201,378282,卖盘,2017-08-17,2017-08-17 09:58:21
09:58:24,09:58:24,18.82,--,49,92218,卖盘,2017-08-17,2017-08-17 09:58:24
09:58:27,09:58:27,18.83,0.01,11,20712,买盘,2017-08-17,2017-08-17 09:58:27
09:58:30,09:58:30,18.83,--,207,389780,买盘,2017-08-17,2017-08-17 09:58:30
09:58:33,09:58:33,18.82,-0.01,264,496848,卖盘,2017-08-17,2017-08-17 09:58:33
09:58:36,09:58:36,18.82,--,77,144914,卖盘,2017-08-17,2017-08-17 09:58:36
09:58:39,09:58:39,18.83,0.01,32,60255,买盘,2017-08-17,2017-08-17 09:58:39
09:58:42,09:58:42,18.82,-0.01,17,31994,卖盘,2017-08-17,2017-08-17 09:58:42
09:58:45,09:58:45,18.83,0.01,245,461334,买盘,2017-08-17,2017-08-17 09:58:45
09:58:48,09:58:48,18.83,--,15,28244,买盘,2017-08-17,2017-08-17 09:58:48
09:58:51,09:58:51,18.81,-0.02,926,1741805,卖盘,2017-08-17,2017-08-17 09:58:51
09:58:54,09:58:54,18.81,--,23,43263,买盘,2017-08-17,2017-08-17 09:58:54
09:58:57,09:58:57,18.82,0.01,220,414040,买盘,2017-08-17,2017-08-17 09:58:57
09:59:00,09:59:00,18.81,-0.01,3,5643,中性盘,2017-08-17,2017-08-17 09:59:00
09:59:03,09:59:03,18.82,0.01,168,316176,买盘,2017-08-17,2017-08-17 09:59:03
09:59:06,09:59:06,18.83,0.01,306,576198,买盘,2017-08-17,2017-08-17 09:59:06
09:59:09,09:59:09,18.82,-0.01,322,606004,卖盘,2017-08-17,2017-08-17 09:59:09
09:59:12,09:59:12,18.82,--,15,28230,卖盘,2017-08-17,2017-08-17 09:59:12
09:59:15,09:59:15,18.82,--,188,353816,卖盘,2017-08-17,2017-08-17 09:59:15
09:59:18,09:59:18,18.82,--,67,126094,卖盘,2017-08-17,2017-08-17 09:59:18
09:59:21,09:59:21,18.83,0.01,11,20712,买盘,2017-08-17,2017-08-17 09:59:21
09:59:24,09:59:24,18.82,-0.01,123,231486,卖盘,2017-08-17,2017-08-17 09:59:24
09:59:27,09:59:27,18.82,--,110,207020,卖盘,2017-08-17,2017-08-17 09:59:27
09:59:30,09:59:30,18.83,0.01,117,220310,买盘,2017-08-17,2017-08-17 09:59:30
09:59:33,09:59:33,18.83,--,90,169469,卖盘,2017-08-17,2017-08-17 09:59:33
09:59:36,09:59:36,18.85,0.02,543,1023555,买盘,2017-08-17,2017-08-17 09:59:36
09:59:39,09:59:39,18.85,--,148,278980,卖盘,2017-08-17,2017-08-17 09:59:39
09:59:42,09:59:42,18.85,--,10,18850,卖盘,2017-08-17,2017-08-17 09:59:42
09:59:45,09:59:45,18.86,0.01,81,152766,买盘,2017-08-17,2017-08-17 09:59:45
09:59:48,09:59:48,18.86,--,80,150880,买盘,2017-08-17,2017-08-17 09:59:48
09:59:51,09:59:51,18.86,--,63,118818,买盘,2017-08-17,2017-08-17 09:59:51
09:59:54,09:59:54,18.86,--,220,414920,卖盘,2017-08-17,2017-08-17 09:59:54
10:00:00,10:00:00,18.86,--,123,231978,卖盘,2017-08-17,2017-08-17 10:00:00
10:00:03,10:00:03,18.86,--,71,133906,卖盘,2017-08-17,2017-08-17 10:00:03
10:00:06,10:00:06,18.86,--,89,167854,买盘,2017-08-17,2017-08-17 10:00:06
10:00:09,10:00:09,18.85,-0.01,261,491985,卖盘,2017-08-17,2017-08-17 10:00:09
10:00:12,10:00:12,18.84,-0.01,7,13188,卖盘,2017-08-17,2017-08-17 10:00:12
10:00:15,10:00:15,18.85,0.01,128,241280,买盘,2017-08-17,2017-08-17 10:00:15
10:00:18,10:00:18,18.85,--,119,224315,买盘,2017-08-17,2017-08-17 10:00:18
10:00:24,10:00:24,18.86,0.01,66,124476,买盘,2017-08-17,2017-08-17 10:00:24
10:00:27,10:00:27,18.84,-0.02,594,1119096,卖盘,2017-08-17,2017-08-17 10:00:27
10:00:30,10:00:30,18.84,--,17,32028,买盘,2017-08-17,2017-08-17 10:00:30
10:00:33,10:00:33,18.84,--,66,124720,买盘,2017-08-17,2017-08-17 10:00:33
10:00:36,10:00:36,18.79,-0.05,2933,5512610,卖盘,2017-08-17,2017-08-17 10:00:36
10:00:39,10:00:39,18.79,--,53,99587,买盘,2017-08-17,2017-08-17 10:00:39
10:00:42,10:00:42,18.79,--,166,311914,买盘,2017-08-17,2017-08-17 10:00:42
10:00:45,10:00:45,18.79,--,9,16911,买盘,2017-08-17,2017-08-17 10:00:45
10:00:51,10:00:51,18.78,-0.01,302,567156,卖盘,2017-08-17,2017-08-17 10:00:51
10:00:54,10:00:54,18.77,-0.01,152,285304,卖盘,2017-08-17,2017-08-17 10:00:54
10:00:57,10:00:57,18.77,--,81,152037,卖盘,2017-08-17,2017-08-17 10:00:57
10:01:00,10:01:00,18.77,--,167,313459,卖盘,2017-08-17,2017-08-17 10:01:00
10:01:03,10:01:03,18.77,--,220,412940,买盘,2017-08-17,2017-08-17 10:01:03
10:01:06,10:01:06,18.79,0.02,361,678319,买盘,2017-08-17,2017-08-17 10:01:06
10:01:09,10:01:09,18.77,-0.02,409,767693,卖盘,2017-08-17,2017-08-17 10:01:09
10:01:12,10:01:12,18.77,--,163,305951,买盘,2017-08-17,2017-08-17 10:01:12
10:01:15,10:01:15,18.78,0.01,6,11268,中性盘,2017-08-17,2017-08-17 10:01:15
10:01:18,10:01:18,18.77,-0.01,26,48802,卖盘,2017-08-17,2017-08-17 10:01:18
10:01:21,10:01:21,18.77,--,489,917853,卖盘,2017-08-17,2017-08-17 10:01:21
10:01:24,10:01:24,18.79,0.02,1425,2677950,买盘,2017-08-17,2017-08-17 10:01:24
10:01:27,10:01:27,18.79,--,18,33822,卖盘,2017-08-17,2017-08-17 10:01:27
10:01:30,10:01:30,18.83,0.04,103,193948,买盘,2017-08-17,2017-08-17 10:01:30
10:01:33,10:01:33,18.83,--,23,43308,卖盘,2017-08-17,2017-08-17 10:01:33
10:01:36,10:01:36,18.8,-0.03,4,7520,卖盘,2017-08-17,2017-08-17 10:01:36
10:01:39,10:01:39,18.83,0.03,60,112979,卖盘,2017-08-17,2017-08-17 10:01:39
10:01:42,10:01:42,18.84,0.01,7,13188,买盘,2017-08-17,2017-08-17 10:01:42
10:01:45,10:01:45,18.85,0.01,161,303485,买盘,2017-08-17,2017-08-17 10:01:45
10:01:48,10:01:48,18.85,--,111,209235,卖盘,2017-08-17,2017-08-17 10:01:48
10:01:51,10:01:51,18.85,--,163,307255,卖盘,2017-08-17,2017-08-17 10:01:51
10:01:54,10:01:54,18.85,--,18,33930,卖盘,2017-08-17,2017-08-17 10:01:54
10:01:57,10:01:57,18.85,--,254,478790,卖盘,2017-08-17,2017-08-17 10:01:57
10:02:00,10:02:00,18.84,-0.01,133,250572,卖盘,2017-08-17,2017-08-17 10:02:00
10:02:03,10:02:03,18.85,0.01,214,403390,买盘,2017-08-17,2017-08-17 10:02:03
10:02:06,10:02:06,18.84,-0.01,28,52752,卖盘,2017-08-17,2017-08-17 10:02:06
10:02:09,10:02:09,18.85,0.01,55,103675,买盘,2017-08-17,2017-08-17 10:02:09
10:02:12,10:02:12,18.84,-0.01,84,158256,卖盘,2017-08-17,2017-08-17 10:02:12
10:02:18,10:02:18,18.84,--,282,531288,买盘,2017-08-17,2017-08-17 10:02:18
10:02:21,10:02:21,18.84,--,60,113040,买盘,2017-08-17,2017-08-17 10:02:21
10:02:24,10:02:24,18.84,--,2,3768,买盘,2017-08-17,2017-08-17 10:02:24
10:02:27,10:02:27,18.82,-0.02,52,97864,中性盘,2017-08-17,2017-08-17 10:02:27
10:02:30,10:02:30,18.81,-0.01,89,167409,卖盘,2017-08-17,2017-08-17 10:02:30
10:02:33,10:02:33,18.81,--,1,1880,买盘,2017-08-17,2017-08-17 10:02:33
10:02:36,10:02:36,18.8,-0.01,56,105280,卖盘,2017-08-17,2017-08-17 10:02:36
10:02:39,10:02:39,18.8,--,1,1880,卖盘,2017-08-17,2017-08-17 10:02:39
10:02:42,10:02:42,18.8,--,47,88360,卖盘,2017-08-17,2017-08-17 10:02:42
10:02:45,10:02:45,18.8,--,72,135360,卖盘,2017-08-17,2017-08-17 10:02:45
10:02:48,10:02:48,18.8,--,206,387280,卖盘,2017-08-17,2017-08-17 10:02:48
10:02:51,10:02:51,18.8,--,361,678680,买盘,2017-08-17,2017-08-17 10:02:51
10:02:54,10:02:54,18.81,0.01,164,308484,买盘,2017-08-17,2017-08-17 10:02:54
10:02:57,10:02:57,18.8,-0.01,161,302680,中性盘,2017-08-17,2017-08-17 10:02:57
10:03:00,10:03:00,18.8,--,46,86480,卖盘,2017-08-17,2017-08-17 10:03:00
10:03:03,10:03:03,18.81,0.01,38,71478,买盘,2017-08-17,2017-08-17 10:03:03
10:03:06,10:03:06,18.8,-0.01,172,323360,卖盘,2017-08-17,2017-08-17 10:03:06
10:03:09,10:03:09,18.79,-0.01,146,274334,卖盘,2017-08-17,2017-08-17 10:03:09
10:03:12,10:03:12,18.8,0.01,15,28200,中性盘,2017-08-17,2017-08-17 10:03:12
10:03:15,10:03:15,18.81,0.01,53,99693,买盘,2017-08-17,2017-08-17 10:03:15
10:03:18,10:03:18,18.8,-0.01,210,394800,卖盘,2017-08-17,2017-08-17 10:03:18
10:03:21,10:03:21,18.79,-0.01,144,270576,卖盘,2017-08-17,2017-08-17 10:03:21
10:03:24,10:03:24,18.8,0.01,51,95880,中性盘,2017-08-17,2017-08-17 10:03:24
10:03:27,10:03:27,18.8,--,354,665520,买盘,2017-08-17,2017-08-17 10:03:27
10:03:30,10:03:30,18.79,-0.01,1000,1879000,卖盘,2017-08-17,2017-08-17 10:03:30
10:03:33,10:03:33,18.81,0.02,26,48906,买盘,2017-08-17,2017-08-17 10:03:33
10:03:36,10:03:36,18.8,-0.01,27,50760,卖盘,2017-08-17,2017-08-17 10:03:36
10:03:39,10:03:39,18.8,--,42,78960,卖盘,2017-08-17,2017-08-17 10:03:39
10:03:42,10:03:42,18.83,0.03,608,1144864,买盘,2017-08-17,2017-08-17 10:03:42
10:03:45,10:03:45,18.81,-0.02,414,778734,中性盘,2017-08-17,2017-08-17 10:03:45
10:03:48,10:03:48,18.82,0.01,60,112920,中性盘,2017-08-17,2017-08-17 10:03:48
10:03:51,10:03:51,18.81,-0.01,6,11286,卖盘,2017-08-17,2017-08-17 10:03:51
10:03:54,10:03:54,18.81,--,4,7523,卖盘,2017-08-17,2017-08-17 10:03:54
10:03:57,10:03:57,18.81,--,8,15047,卖盘,2017-08-17,2017-08-17 10:03:57
10:04:00,10:04:00,18.82,0.01,47,88454,买盘,2017-08-17,2017-08-17 10:04:00
10:04:03,10:04:03,18.82,--,20,37640,卖盘,2017-08-17,2017-08-17 10:04:03
10:04:06,10:04:06,18.81,-0.01,104,195624,卖盘,2017-08-17,2017-08-17 10:04:06
10:04:09,10:04:09,18.82,0.01,565,1063330,买盘,2017-08-17,2017-08-17 10:04:09
10:04:12,10:04:12,18.8,-0.02,5,9400,卖盘,2017-08-17,2017-08-17 10:04:12
10:04:15,10:04:15,18.82,0.02,5,9410,买盘,2017-08-17,2017-08-17 10:04:15
10:04:18,10:04:18,18.81,-0.01,44,82764,中性盘,2017-08-17,2017-08-17 10:04:18
10:04:21,10:04:21,18.81,--,22,41382,买盘,2017-08-17,2017-08-17 10:04:21
10:04:24,10:04:24,18.82,0.01,117,220194,买盘,2017-08-17,2017-08-17 10:04:24
10:04:27,10:04:27,18.8,-0.02,83,156040,卖盘,2017-08-17,2017-08-17 10:04:27
10:04:30,10:04:30,18.82,0.02,1300,2446600,买盘,2017-08-17,2017-08-17 10:04:30
10:04:33,10:04:33,18.81,-0.01,721,1356201,中性盘,2017-08-17,2017-08-17 10:04:33
10:04:36,10:04:36,18.8,-0.01,850,1598000,卖盘,2017-08-17,2017-08-17 10:04:36
10:04:39,10:04:39,18.82,0.02,131,246542,买盘,2017-08-17,2017-08-17 10:04:39
10:04:42,10:04:42,18.81,-0.01,16,30095,卖盘,2017-08-17,2017-08-17 10:04:42
10:04:45,10:04:45,18.8,-0.01,68,127840,卖盘,2017-08-17,2017-08-17 10:04:45
10:04:48,10:04:48,18.81,0.01,24,45144,中性盘,2017-08-17,2017-08-17 10:04:48
10:04:54,10:04:54,18.82,0.01,69,129858,买盘,2017-08-17,2017-08-17 10:04:54
10:04:57,10:04:57,18.82,--,92,173144,买盘,2017-08-17,2017-08-17 10:04:57
10:05:00,10:05:00,18.82,--,30,56460,卖盘,2017-08-17,2017-08-17 10:05:00
10:05:03,10:05:03,18.8,-0.02,208,391040,卖盘,2017-08-17,2017-08-17 10:05:03
10:05:06,10:05:06,18.81,0.01,42,79002,买盘,2017-08-17,2017-08-17 10:05:06
10:05:09,10:05:09,18.81,--,53,99693,买盘,2017-08-17,2017-08-17 10:05:09
10:05:12,10:05:12,18.82,0.01,47,88454,买盘,2017-08-17,2017-08-17 10:05:12
10:05:15,10:05:15,18.81,-0.01,130,244529,卖盘,2017-08-17,2017-08-17 10:05:15
10:05:18,10:05:18,18.8,-0.01,164,308320,卖盘,2017-08-17,2017-08-17 10:05:18
10:05:21,10:05:21,18.81,0.01,37,69597,买盘,2017-08-17,2017-08-17 10:05:21
10:05:24,10:05:24,18.82,0.01,54,101628,买盘,2017-08-17,2017-08-17 10:05:24
10:05:27,10:05:27,18.82,--,19,35758,买盘,2017-08-17,2017-08-17 10:05:27
10:05:30,10:05:30,18.81,-0.01,173,325413,卖盘,2017-08-17,2017-08-17 10:05:30
10:05:33,10:05:33,18.81,--,75,141075,卖盘,2017-08-17,2017-08-17 10:05:33
10:05:36,10:05:36,18.81,--,5,9405,卖盘,2017-08-17,2017-08-17 10:05:36
10:05:39,10:05:39,18.83,0.02,132,248555,买盘,2017-08-17,2017-08-17 10:05:39
10:05:42,10:05:42,18.81,-0.02,116,218195,卖盘,2017-08-17,2017-08-17 10:05:42
10:05:45,10:05:45,18.81,--,5,9405,卖盘,2017-08-17,2017-08-17 10:05:45
10:05:48,10:05:48,18.79,-0.02,1250,2348750,卖盘,2017-08-17,2017-08-17 10:05:48
10:05:51,10:05:51,18.82,0.03,123,231486,买盘,2017-08-17,2017-08-17 10:05:51
10:05:54,10:05:54,18.82,--,18,33876,卖盘,2017-08-17,2017-08-17 10:05:54
10:05:57,10:05:57,18.82,--,23,43286,卖盘,2017-08-17,2017-08-17 10:05:57
10:06:00,10:06:00,18.82,--,10,18820,中性盘,2017-08-17,2017-08-17 10:06:00
10:06:03,10:06:03,18.82,--,46,86572,买盘,2017-08-17,2017-08-17 10:06:03
10:06:06,10:06:06,18.81,-0.01,49,92169,卖盘,2017-08-17,2017-08-17 10:06:06
10:06:09,10:06:09,18.82,0.01,16,30112,买盘,2017-08-17,2017-08-17 10:06:09
10:06:12,10:06:12,18.81,-0.01,22,41382,卖盘,2017-08-17,2017-08-17 10:06:12
10:06:15,10:06:15,18.82,0.01,45,84690,买盘,2017-08-17,2017-08-17 10:06:15
10:06:18,10:06:18,18.81,-0.01,538,1011977,卖盘,2017-08-17,2017-08-17 10:06:18
10:06:21,10:06:21,18.81,--,43,80883,卖盘,2017-08-17,2017-08-17 10:06:21
10:06:24,10:06:24,18.81,--,34,63953,卖盘,2017-08-17,2017-08-17 10:06:24
10:06:27,10:06:27,18.81,--,89,167409,卖盘,2017-08-17,2017-08-17 10:06:27
10:06:30,10:06:30,18.81,--,138,259577,卖盘,2017-08-17,2017-08-17 10:06:30
10:06:33,10:06:33,18.81,--,50,94050,买盘,2017-08-17,2017-08-17 10:06:33
10:06:36,10:06:36,18.81,--,125,235124,买盘,2017-08-17,2017-08-17 10:06:36
10:06:39,10:06:39,18.81,--,82,154242,买盘,2017-08-17,2017-08-17 10:06:39
10:06:42,10:06:42,18.8,-0.01,43,80840,卖盘,2017-08-17,2017-08-17 10:06:42
10:06:45,10:06:45,18.82,0.02,23,43286,买盘,2017-08-17,2017-08-17 10:06:45
10:06:48,10:06:48,18.81,-0.01,96,180576,卖盘,2017-08-17,2017-08-17 10:06:48
10:06:51,10:06:51,18.81,--,194,364914,卖盘,2017-08-17,2017-08-17 10:06:51
10:06:54,10:06:54,18.82,0.01,28,52696,买盘,2017-08-17,2017-08-17 10:06:54
10:06:57,10:06:57,18.81,-0.01,145,272745,卖盘,2017-08-17,2017-08-17 10:06:57
10:07:00,10:07:00,18.81,--,9,16929,卖盘,2017-08-17,2017-08-17 10:07:00
10:07:03,10:07:03,18.81,--,10,18810,卖盘,2017-08-17,2017-08-17 10:07:03
10:07:06,10:07:06,18.81,--,24,45144,卖盘,2017-08-17,2017-08-17 10:07:06
10:07:09,10:07:09,18.81,--,1169,2198889,卖盘,2017-08-17,2017-08-17 10:07:09
10:07:12,10:07:12,18.81,--,36,67716,卖盘,2017-08-17,2017-08-17 10:07:12
10:07:15,10:07:15,18.82,0.01,33,62106,买盘,2017-08-17,2017-08-17 10:07:15
10:07:18,10:07:18,18.81,-0.01,50,94050,卖盘,2017-08-17,2017-08-17 10:07:18
10:07:21,10:07:21,18.83,0.02,70,131810,买盘,2017-08-17,2017-08-17 10:07:21
10:07:27,10:07:27,18.85,0.02,1179,2222415,买盘,2017-08-17,2017-08-17 10:07:27
10:07:30,10:07:30,18.82,-0.03,32,60224,卖盘,2017-08-17,2017-08-17 10:07:30
10:07:33,10:07:33,18.82,--,1,1882,卖盘,2017-08-17,2017-08-17 10:07:33
10:07:36,10:07:36,18.85,0.03,30,56550,买盘,2017-08-17,2017-08-17 10:07:36
10:07:39,10:07:39,18.85,--,45,84825,买盘,2017-08-17,2017-08-17 10:07:39
10:07:42,10:07:42,18.83,-0.02,115,216544,卖盘,2017-08-17,2017-08-17 10:07:42
10:07:45,10:07:45,18.85,0.02,2,3770,买盘,2017-08-17,2017-08-17 10:07:45
10:07:51,10:07:51,18.84,-0.01,17,32028,买盘,2017-08-17,2017-08-17 10:07:51
10:07:54,10:07:54,18.85,0.01,1231,2320435,买盘,2017-08-17,2017-08-17 10:07:54
10:07:57,10:07:57,18.83,-0.02,42,79086,卖盘,2017-08-17,2017-08-17 10:07:57
10:08:00,10:08:00,18.85,0.02,13,24505,买盘,2017-08-17,2017-08-17 10:08:00
10:08:06,10:08:06,18.85,--,43,81055,卖盘,2017-08-17,2017-08-17 10:08:06
10:08:09,10:08:09,18.9,0.05,1293,2443770,买盘,2017-08-17,2017-08-17 10:08:09
10:08:12,10:08:12,18.85,-0.05,3,5655,卖盘,2017-08-17,2017-08-17 10:08:12
10:08:15,10:08:15,18.88,0.03,3,5664,卖盘,2017-08-17,2017-08-17 10:08:15
10:08:18,10:08:18,18.89,0.01,6,11334,中性盘,2017-08-17,2017-08-17 10:08:18
10:08:21,10:08:21,18.91,0.02,165,312015,买盘,2017-08-17,2017-08-17 10:08:21
10:08:24,10:08:24,18.91,--,11,20801,买盘,2017-08-17,2017-08-17 10:08:24
10:08:27,10:08:27,18.9,-0.01,116,219239,卖盘,2017-08-17,2017-08-17 10:08:27
10:08:30,10:08:30,18.9,--,102,192780,卖盘,2017-08-17,2017-08-17 10:08:30
10:08:33,10:08:33,18.91,0.01,333,629703,买盘,2017-08-17,2017-08-17 10:08:33
10:08:36,10:08:36,18.91,--,155,293105,买盘,2017-08-17,2017-08-17 10:08:36
10:08:39,10:08:39,18.91,--,61,115351,卖盘,2017-08-17,2017-08-17 10:08:39
10:08:42,10:08:42,18.91,--,32,60512,卖盘,2017-08-17,2017-08-17 10:08:42
10:08:45,10:08:45,18.91,--,125,236375,卖盘,2017-08-17,2017-08-17 10:08:45
10:08:48,10:08:48,18.9,-0.01,318,601020,卖盘,2017-08-17,2017-08-17 10:08:48
10:08:51,10:08:51,18.91,0.01,262,495442,买盘,2017-08-17,2017-08-17 10:08:51
10:08:54,10:08:54,18.92,0.01,251,474892,买盘,2017-08-17,2017-08-17 10:08:54
10:08:57,10:08:57,18.91,-0.01,4,7564,卖盘,2017-08-17,2017-08-17 10:08:57
10:09:00,10:09:00,18.92,0.01,547,1034924,买盘,2017-08-17,2017-08-17 10:09:00
10:09:03,10:09:03,18.95,0.03,1533,2905035,买盘,2017-08-17,2017-08-17 10:09:03
10:09:06,10:09:06,18.93,-0.02,10,18930,买盘,2017-08-17,2017-08-17 10:09:06
10:09:09,10:09:09,18.91,-0.02,134,253394,卖盘,2017-08-17,2017-08-17 10:09:09
10:09:12,10:09:12,18.91,--,91,172081,买盘,2017-08-17,2017-08-17 10:09:12
10:09:15,10:09:15,18.92,0.01,97,183524,买盘,2017-08-17,2017-08-17 10:09:15
10:09:18,10:09:18,18.92,--,152,287584,买盘,2017-08-17,2017-08-17 10:09:18
10:09:21,10:09:21,18.93,0.01,72,136296,买盘,2017-08-17,2017-08-17 10:09:21
10:09:24,10:09:24,18.93,--,3,5679,买盘,2017-08-17,2017-08-17 10:09:24
10:09:27,10:09:27,18.93,--,265,501645,买盘,2017-08-17,2017-08-17 10:09:27
10:09:30,10:09:30,18.93,--,36,68148,卖盘,2017-08-17,2017-08-17 10:09:30
10:09:33,10:09:33,18.94,0.01,86,162884,买盘,2017-08-17,2017-08-17 10:09:33
10:09:36,10:09:36,18.93,-0.01,459,868887,卖盘,2017-08-17,2017-08-17 10:09:36
10:09:39,10:09:39,18.93,--,94,177942,卖盘,2017-08-17,2017-08-17 10:09:39
10:09:42,10:09:42,18.94,0.01,182,344708,买盘,2017-08-17,2017-08-17 10:09:42
10:09:45,10:09:45,18.94,--,325,615550,卖盘,2017-08-17,2017-08-17 10:09:45
10:09:48,10:09:48,18.94,--,27,51138,卖盘,2017-08-17,2017-08-17 10:09:48
10:09:51,10:09:51,18.95,0.01,651,1233645,买盘,2017-08-17,2017-08-17 10:09:51
10:09:54,10:09:54,18.94,-0.01,91,172354,中性盘,2017-08-17,2017-08-17 10:09:54
10:09:57,10:09:57,18.94,--,198,375012,买盘,2017-08-17,2017-08-17 10:09:57
10:10:00,10:10:00,18.94,--,290,549260,买盘,2017-08-17,2017-08-17 10:10:00
10:10:03,10:10:03,18.94,--,543,1028442,买盘,2017-08-17,2017-08-17 10:10:03
10:10:06,10:10:06,18.95,0.01,616,1167320,买盘,2017-08-17,2017-08-17 10:10:06
10:10:09,10:10:09,18.93,-0.02,276,522468,买盘,2017-08-17,2017-08-17 10:10:09
10:10:12,10:10:12,18.93,--,142,268806,买盘,2017-08-17,2017-08-17 10:10:12
10:10:15,10:10:15,18.92,-0.01,756,1430352,卖盘,2017-08-17,2017-08-17 10:10:15
10:10:18,10:10:18,18.9,-0.02,463,875069,卖盘,2017-08-17,2017-08-17 10:10:18
10:10:21,10:10:21,18.9,--,85,160650,买盘,2017-08-17,2017-08-17 10:10:21
10:10:24,10:10:24,18.9,--,58,109619,买盘,2017-08-17,2017-08-17 10:10:24
10:10:27,10:10:27,18.9,--,31,58589,买盘,2017-08-17,2017-08-17 10:10:27
10:10:30,10:10:30,18.87,-0.03,788,1486956,卖盘,2017-08-17,2017-08-17 10:10:30
10:10:33,10:10:33,18.87,--,216,407592,买盘,2017-08-17,2017-08-17 10:10:33
10:10:36,10:10:36,18.86,-0.01,27,50922,卖盘,2017-08-17,2017-08-17 10:10:36
10:10:39,10:10:39,18.87,0.01,25,47175,买盘,2017-08-17,2017-08-17 10:10:39
10:10:42,10:10:42,18.86,-0.01,61,115046,卖盘,2017-08-17,2017-08-17 10:10:42
10:10:45,10:10:45,18.85,-0.01,113,213005,卖盘,2017-08-17,2017-08-17 10:10:45
10:10:48,10:10:48,18.86,0.01,80,150880,卖盘,2017-08-17,2017-08-17 10:10:48
10:10:51,10:10:51,18.84,-0.02,819,1542996,卖盘,2017-08-17,2017-08-17 10:10:51
10:10:54,10:10:54,18.87,0.03,1001,1888887,买盘,2017-08-17,2017-08-17 10:10:54
10:10:57,10:10:57,18.85,-0.02,18,33930,中性盘,2017-08-17,2017-08-17 10:10:57
10:11:00,10:11:00,18.85,--,11,20735,买盘,2017-08-17,2017-08-17 10:11:00
10:11:03,10:11:03,18.86,0.01,61,115046,买盘,2017-08-17,2017-08-17 10:11:03
10:11:06,10:11:06,18.85,-0.01,43,81055,卖盘,2017-08-17,2017-08-17 10:11:06
10:11:09,10:11:09,18.86,0.01,24,45264,中性盘,2017-08-17,2017-08-17 10:11:09
10:11:12,10:11:12,18.88,0.02,110,207680,买盘,2017-08-17,2017-08-17 10:11:12
10:11:15,10:11:15,18.87,-0.01,13,24531,卖盘,2017-08-17,2017-08-17 10:11:15
10:11:18,10:11:18,18.89,0.02,70,132230,买盘,2017-08-17,2017-08-17 10:11:18
10:11:21,10:11:21,18.88,-0.01,60,113280,中性盘,2017-08-17,2017-08-17 10:11:21
10:11:24,10:11:24,18.88,--,42,79296,买盘,2017-08-17,2017-08-17 10:11:24
10:11:27,10:11:27,18.87,-0.01,23,43401,中性盘,2017-08-17,2017-08-17 10:11:27
10:11:30,10:11:30,18.88,0.01,173,326624,买盘,2017-08-17,2017-08-17 10:11:30
10:11:33,10:11:33,18.88,--,178,336064,买盘,2017-08-17,2017-08-17 10:11:33
10:11:36,10:11:36,18.87,-0.01,181,341547,中性盘,2017-08-17,2017-08-17 10:11:36
10:11:39,10:11:39,18.88,0.01,302,570176,买盘,2017-08-17,2017-08-17 10:11:39
10:11:42,10:11:42,18.89,0.01,16,30224,买盘,2017-08-17,2017-08-17 10:11:42
10:11:45,10:11:45,18.89,--,303,572367,买盘,2017-08-17,2017-08-17 10:11:45
10:11:48,10:11:48,18.89,--,140,264460,卖盘,2017-08-17,2017-08-17 10:11:48
10:11:51,10:11:51,18.9,0.01,204,385560,买盘,2017-08-17,2017-08-17 10:11:51
10:11:54,10:11:54,18.89,-0.01,30,56670,卖盘,2017-08-17,2017-08-17 10:11:54
10:11:57,10:11:57,18.9,0.01,121,228689,买盘,2017-08-17,2017-08-17 10:11:57
10:12:00,10:12:00,18.91,0.01,2,3782,买盘,2017-08-17,2017-08-17 10:12:00
10:12:03,10:12:03,18.9,-0.01,24,45360,卖盘,2017-08-17,2017-08-17 10:12:03
10:12:06,10:12:06,18.91,0.01,13,24583,买盘,2017-08-17,2017-08-17 10:12:06
10:12:09,10:12:09,18.91,--,189,357399,买盘,2017-08-17,2017-08-17 10:12:09
10:12:12,10:12:12,18.91,--,74,139934,买盘,2017-08-17,2017-08-17 10:12:12
10:12:15,10:12:15,18.92,0.01,20,37840,买盘,2017-08-17,2017-08-17 10:12:15
10:12:18,10:12:18,18.92,--,1,1892,买盘,2017-08-17,2017-08-17 10:12:18
10:12:21,10:12:21,18.91,-0.01,16,30256,卖盘,2017-08-17,2017-08-17 10:12:21
10:12:24,10:12:24,18.93,0.02,39,73827,买盘,2017-08-17,2017-08-17 10:12:24
10:12:27,10:12:27,18.92,-0.01,29,54868,卖盘,2017-08-17,2017-08-17 10:12:27
10:12:30,10:12:30,18.93,0.01,84,159012,买盘,2017-08-17,2017-08-17 10:12:30
10:12:33,10:12:33,18.92,-0.01,2,3784,卖盘,2017-08-17,2017-08-17 10:12:33
10:12:36,10:12:36,18.93,0.01,61,115473,买盘,2017-08-17,2017-08-17 10:12:36
10:12:39,10:12:39,18.94,0.01,65,123110,买盘,2017-08-17,2017-08-17 10:12:39
10:12:42,10:12:42,18.93,-0.01,54,102222,卖盘,2017-08-17,2017-08-17 10:12:42
10:12:45,10:12:45,18.92,-0.01,160,302720,卖盘,2017-08-17,2017-08-17 10:12:45
10:12:48,10:12:48,18.94,0.02,480,909120,买盘,2017-08-17,2017-08-17 10:12:48
10:12:51,10:12:51,18.94,--,17,32198,卖盘,2017-08-17,2017-08-17 10:12:51
10:12:54,10:12:54,18.94,--,69,130686,卖盘,2017-08-17,2017-08-17 10:12:54
10:12:57,10:12:57,18.94,--,200,378800,卖盘,2017-08-17,2017-08-17 10:12:57
10:13:00,10:13:00,18.95,0.01,74,140230,买盘,2017-08-17,2017-08-17 10:13:00
10:13:03,10:13:03,18.94,-0.01,1772,3356168,卖盘,2017-08-17,2017-08-17 10:13:03
10:13:06,10:13:06,18.99,0.05,5,9495,买盘,2017-08-17,2017-08-17 10:13:06
10:13:09,10:13:09,18.99,--,81,153819,买盘,2017-08-17,2017-08-17 10:13:09
10:13:12,10:13:12,18.98,-0.01,12,22776,中性盘,2017-08-17,2017-08-17 10:13:12
10:13:15,10:13:15,18.92,-0.06,1224,2315808,卖盘,2017-08-17,2017-08-17 10:13:15
10:13:18,10:13:18,18.98,0.06,110,208780,买盘,2017-08-17,2017-08-17 10:13:18
10:13:21,10:13:21,18.97,-0.01,248,470456,中性盘,2017-08-17,2017-08-17 10:13:21
10:13:24,10:13:24,18.97,--,51,96747,买盘,2017-08-17,2017-08-17 10:13:24
10:13:27,10:13:27,18.97,--,277,525469,买盘,2017-08-17,2017-08-17 10:13:27
10:13:30,10:13:30,18.97,--,1100,2086699,买盘,2017-08-17,2017-08-17 10:13:30
10:13:33,10:13:33,18.97,--,368,698096,卖盘,2017-08-17,2017-08-17 10:13:33
10:13:36,10:13:36,18.97,--,31,58807,卖盘,2017-08-17,2017-08-17 10:13:36
10:13:39,10:13:39,18.99,0.02,405,769094,买盘,2017-08-17,2017-08-17 10:13:39
10:13:42,10:13:42,19.0,0.01,117,222300,买盘,2017-08-17,2017-08-17 10:13:42
10:13:45,10:13:45,18.99,-0.01,107,203192,卖盘,2017-08-17,2017-08-17 10:13:45
10:13:48,10:13:48,19.0,0.01,2174,4130600,买盘,2017-08-17,2017-08-17 10:13:48
10:13:51,10:13:51,18.99,-0.01,127,241172,卖盘,2017-08-17,2017-08-17 10:13:51
10:13:54,10:13:54,19.02,0.03,206,391812,买盘,2017-08-17,2017-08-17 10:13:54
10:13:57,10:13:57,19.02,--,54,102708,买盘,2017-08-17,2017-08-17 10:13:57
10:14:00,10:14:00,19.01,-0.01,87,165387,中性盘,2017-08-17,2017-08-17 10:14:00
10:14:03,10:14:03,19.02,0.01,242,460284,买盘,2017-08-17,2017-08-17 10:14:03
10:14:06,10:14:06,19.03,0.01,608,1157100,买盘,2017-08-17,2017-08-17 10:14:06
10:14:09,10:14:09,19.01,-0.02,177,336477,卖盘,2017-08-17,2017-08-17 10:14:09
10:14:12,10:14:12,19.02,0.01,317,602934,中性盘,2017-08-17,2017-08-17 10:14:12
10:14:15,10:14:15,19.03,0.01,69,131307,买盘,2017-08-17,2017-08-17 10:14:15
10:14:18,10:14:18,19.02,-0.01,230,439285,卖盘,2017-08-17,2017-08-17 10:14:18
10:14:21,10:14:21,19.02,--,172,327144,买盘,2017-08-17,2017-08-17 10:14:21
10:14:24,10:14:24,19.02,--,523,994746,买盘,2017-08-17,2017-08-17 10:14:24
10:14:27,10:14:27,19.02,--,169,321438,买盘,2017-08-17,2017-08-17 10:14:27
10:14:30,10:14:30,18.99,-0.03,801,1521098,卖盘,2017-08-17,2017-08-17 10:14:30
10:14:33,10:14:33,18.99,--,139,263961,买盘,2017-08-17,2017-08-17 10:14:33
10:14:36,10:14:36,18.98,-0.01,108,204984,中性盘,2017-08-17,2017-08-17 10:14:36
10:14:39,10:14:39,18.97,-0.01,100,189700,卖盘,2017-08-17,2017-08-17 10:14:39
10:14:42,10:14:42,19.0,0.03,304,577600,买盘,2017-08-17,2017-08-17 10:14:42
10:14:45,10:14:45,18.99,-0.01,46,87354,卖盘,2017-08-17,2017-08-17 10:14:45
10:14:48,10:14:48,18.98,-0.01,296,561808,卖盘,2017-08-17,2017-08-17 10:14:48
10:14:51,10:14:51,18.98,--,246,466908,卖盘,2017-08-17,2017-08-17 10:14:51
10:14:54,10:14:54,18.99,0.01,46,87354,买盘,2017-08-17,2017-08-17 10:14:54
10:14:57,10:14:57,18.98,-0.01,171,324558,中性盘,2017-08-17,2017-08-17 10:14:57
10:15:00,10:15:00,18.98,--,110,208780,买盘,2017-08-17,2017-08-17 10:15:00
10:15:03,10:15:03,18.95,-0.03,25,47375,卖盘,2017-08-17,2017-08-17 10:15:03
10:15:06,10:15:06,18.97,0.02,95,180215,买盘,2017-08-17,2017-08-17 10:15:06
10:15:09,10:15:09,18.96,-0.01,129,244584,卖盘,2017-08-17,2017-08-17 10:15:09
10:15:12,10:15:12,18.96,--,268,508128,卖盘,2017-08-17,2017-08-17 10:15:12
10:15:15,10:15:15,18.96,--,100,189600,卖盘,2017-08-17,2017-08-17 10:15:15
10:15:18,10:15:18,18.96,--,73,139356,卖盘,2017-08-17,2017-08-17 10:15:18
10:15:21,10:15:21,18.95,-0.01,54,102330,卖盘,2017-08-17,2017-08-17 10:15:21
10:15:24,10:15:24,18.94,-0.01,282,535055,卖盘,2017-08-17,2017-08-17 10:15:24
10:15:27,10:15:27,18.94,--,99,187506,卖盘,2017-08-17,2017-08-17 10:15:27
10:15:30,10:15:30,18.95,0.01,55,104225,买盘,2017-08-17,2017-08-17 10:15:30
10:15:33,10:15:33,18.95,--,206,390370,买盘,2017-08-17,2017-08-17 10:15:33
10:15:36,10:15:36,18.94,-0.01,12,22728,买盘,2017-08-17,2017-08-17 10:15:36
10:15:39,10:15:39,18.93,-0.01,53,100329,卖盘,2017-08-17,2017-08-17 10:15:39
10:15:42,10:15:42,18.95,0.02,229,433955,买盘,2017-08-17,2017-08-17 10:15:42
10:15:45,10:15:45,18.96,0.01,40,75840,买盘,2017-08-17,2017-08-17 10:15:45
10:15:48,10:15:48,18.96,--,7,13272,买盘,2017-08-17,2017-08-17 10:15:48
10:15:51,10:15:51,18.96,--,48,91008,买盘,2017-08-17,2017-08-17 10:15:51
10:15:54,10:15:54,18.96,--,60,113760,买盘,2017-08-17,2017-08-17 10:15:54
10:15:57,10:15:57,18.96,--,113,214248,买盘,2017-08-17,2017-08-17 10:15:57
10:16:00,10:16:00,18.95,-0.01,81,153495,卖盘,2017-08-17,2017-08-17 10:16:00
10:16:03,10:16:03,18.96,0.01,131,249324,买盘,2017-08-17,2017-08-17 10:16:03
10:16:06,10:16:06,18.97,0.01,46,87262,买盘,2017-08-17,2017-08-17 10:16:06
10:16:09,10:16:09,18.95,-0.02,57,108962,卖盘,2017-08-17,2017-08-17 10:16:09
10:16:12,10:16:12,18.97,0.02,3,5691,中性盘,2017-08-17,2017-08-17 10:16:12
10:16:15,10:16:15,18.98,0.01,43,81614,中性盘,2017-08-17,2017-08-17 10:16:15
10:16:18,10:16:18,18.99,0.01,32,60767,买盘,2017-08-17,2017-08-17 10:16:18
10:16:21,10:16:21,18.98,-0.01,31,58838,卖盘,2017-08-17,2017-08-17 10:16:21
10:16:24,10:16:24,18.98,--,41,77818,买盘,2017-08-17,2017-08-17 10:16:24
10:16:27,10:16:27,18.98,--,23,43654,买盘,2017-08-17,2017-08-17 10:16:27
10:16:30,10:16:30,18.97,-0.01,84,159348,卖盘,2017-08-17,2017-08-17 10:16:30
10:16:33,10:16:33,18.98,0.01,41,77818,买盘,2017-08-17,2017-08-17 10:16:33
10:16:36,10:16:36,18.99,0.01,107,203192,买盘,2017-08-17,2017-08-17 10:16:36
10:16:39,10:16:39,18.99,--,69,131030,买盘,2017-08-17,2017-08-17 10:16:39
10:16:42,10:16:42,18.99,--,64,121535,买盘,2017-08-17,2017-08-17 10:16:42
10:16:45,10:16:45,19.0,0.01,457,868300,买盘,2017-08-17,2017-08-17 10:16:45
10:16:48,10:16:48,19.0,--,268,509200,买盘,2017-08-17,2017-08-17 10:16:48
10:16:51,10:16:51,18.99,-0.01,13,24686,卖盘,2017-08-17,2017-08-17 10:16:51
10:16:54,10:16:54,19.0,0.01,66,125400,买盘,2017-08-17,2017-08-17 10:16:54
10:16:57,10:16:57,18.99,-0.01,35,66465,卖盘,2017-08-17,2017-08-17 10:16:57
10:17:00,10:17:00,19.01,0.02,26,49426,买盘,2017-08-17,2017-08-17 10:17:00
10:17:03,10:17:03,19.0,-0.01,562,1067800,中性盘,2017-08-17,2017-08-17 10:17:03
10:17:06,10:17:06,18.99,-0.01,43,81657,卖盘,2017-08-17,2017-08-17 10:17:06
10:17:09,10:17:09,19.01,0.02,60,114060,买盘,2017-08-17,2017-08-17 10:17:09
10:17:12,10:17:12,19.01,--,34,64634,买盘,2017-08-17,2017-08-17 10:17:12
10:17:15,10:17:15,19.01,--,239,454339,买盘,2017-08-17,2017-08-17 10:17:15
10:17:18,10:17:18,19.01,--,105,199605,买盘,2017-08-17,2017-08-17 10:17:18
10:17:21,10:17:21,19.01,--,38,72238,买盘,2017-08-17,2017-08-17 10:17:21
10:17:24,10:17:24,19.0,-0.01,504,957600,卖盘,2017-08-17,2017-08-17 10:17:24
10:17:27,10:17:27,19.0,--,130,247000,买盘,2017-08-17,2017-08-17 10:17:27
10:17:30,10:17:30,19.0,--,507,963300,买盘,2017-08-17,2017-08-17 10:17:30
10:17:33,10:17:33,19.01,0.01,43,81743,买盘,2017-08-17,2017-08-17 10:17:33
10:17:36,10:17:36,19.0,-0.01,382,725800,卖盘,2017-08-17,2017-08-17 10:17:36
10:17:39,10:17:39,19.01,0.01,28,53228,买盘,2017-08-17,2017-08-17 10:17:39
10:17:42,10:17:42,18.99,-0.02,294,558306,卖盘,2017-08-17,2017-08-17 10:17:42
10:17:45,10:17:45,19.0,0.01,107,203300,中性盘,2017-08-17,2017-08-17 10:17:45
10:17:48,10:17:48,19.0,--,154,292600,买盘,2017-08-17,2017-08-17 10:17:48
10:17:51,10:17:51,18.99,-0.01,48,91151,卖盘,2017-08-17,2017-08-17 10:17:51
10:17:54,10:17:54,18.98,-0.01,389,738322,卖盘,2017-08-17,2017-08-17 10:17:54
10:17:57,10:17:57,19.0,0.02,814,1546600,买盘,2017-08-17,2017-08-17 10:17:57
10:18:00,10:18:00,18.99,-0.01,485,921014,买盘,2017-08-17,2017-08-17 10:18:00
10:18:03,10:18:03,18.98,-0.01,121,229658,卖盘,2017-08-17,2017-08-17 10:18:03
10:18:06,10:18:06,18.98,--,10,18980,卖盘,2017-08-17,2017-08-17 10:18:06
10:18:09,10:18:09,18.98,--,78,148044,卖盘,2017-08-17,2017-08-17 10:18:09
10:18:12,10:18:12,18.99,0.01,274,520325,买盘,2017-08-17,2017-08-17 10:18:12
10:18:15,10:18:15,18.99,--,278,527922,买盘,2017-08-17,2017-08-17 10:18:15
10:18:18,10:18:18,18.99,--,450,854549,买盘,2017-08-17,2017-08-17 10:18:18
10:18:21,10:18:21,18.96,-0.03,90,170640,卖盘,2017-08-17,2017-08-17 10:18:21
10:18:24,10:18:24,18.97,0.01,108,204876,买盘,2017-08-17,2017-08-17 10:18:24
10:18:27,10:18:27,18.97,--,63,119511,买盘,2017-08-17,2017-08-17 10:18:27
10:18:30,10:18:30,18.97,--,137,259888,买盘,2017-08-17,2017-08-17 10:18:30
10:18:33,10:18:33,18.96,-0.01,128,242688,卖盘,2017-08-17,2017-08-17 10:18:33
10:18:36,10:18:36,18.96,--,32,60672,卖盘,2017-08-17,2017-08-17 10:18:36
10:18:39,10:18:39,18.96,--,430,815280,卖盘,2017-08-17,2017-08-17 10:18:39
10:18:42,10:18:42,18.96,--,74,140304,买盘,2017-08-17,2017-08-17 10:18:42
10:18:45,10:18:45,18.95,-0.01,46,87170,卖盘,2017-08-17,2017-08-17 10:18:45
10:18:48,10:18:48,18.96,0.01,82,155472,买盘,2017-08-17,2017-08-17 10:18:48
10:18:51,10:18:51,18.95,-0.01,203,384685,卖盘,2017-08-17,2017-08-17 10:18:51
10:18:54,10:18:54,18.95,--,9,17055,买盘,2017-08-17,2017-08-17 10:18:54
10:18:57,10:18:57,18.95,--,350,663250,买盘,2017-08-17,2017-08-17 10:18:57
10:19:00,10:19:00,18.93,-0.02,799,1512507,卖盘,2017-08-17,2017-08-17 10:19:00
10:19:03,10:19:03,18.92,-0.01,571,1080332,卖盘,2017-08-17,2017-08-17 10:19:03
10:19:09,10:19:09,18.93,0.01,34,64362,买盘,2017-08-17,2017-08-17 10:19:09
10:19:12,10:19:12,18.9,-0.03,119,224909,卖盘,2017-08-17,2017-08-17 10:19:12
10:19:15,10:19:15,18.91,0.01,86,162626,中性盘,2017-08-17,2017-08-17 10:19:15
10:19:18,10:19:18,18.92,0.01,17,32164,买盘,2017-08-17,2017-08-17 10:19:18
10:19:21,10:19:21,18.91,-0.01,70,132370,卖盘,2017-08-17,2017-08-17 10:19:21
10:19:24,10:19:24,18.92,0.01,85,160820,买盘,2017-08-17,2017-08-17 10:19:24
10:19:27,10:19:27,18.9,-0.02,736,1391040,卖盘,2017-08-17,2017-08-17 10:19:27
10:19:30,10:19:30,18.89,-0.01,46,86894,卖盘,2017-08-17,2017-08-17 10:19:30
10:19:33,10:19:33,18.9,0.01,37,69930,买盘,2017-08-17,2017-08-17 10:19:33
10:19:36,10:19:36,18.9,--,1314,2483460,买盘,2017-08-17,2017-08-17 10:19:36
10:19:39,10:19:39,18.9,--,182,343980,买盘,2017-08-17,2017-08-17 10:19:39
10:19:42,10:19:42,18.9,--,36,68040,买盘,2017-08-17,2017-08-17 10:19:42
10:19:45,10:19:45,18.88,-0.02,369,696672,卖盘,2017-08-17,2017-08-17 10:19:45
10:19:48,10:19:48,18.88,--,22,41536,买盘,2017-08-17,2017-08-17 10:19:48
10:19:51,10:19:51,18.86,-0.02,318,599748,卖盘,2017-08-17,2017-08-17 10:19:51
10:19:54,10:19:54,18.88,0.02,1147,2165536,买盘,2017-08-17,2017-08-17 10:19:54
10:19:57,10:19:57,18.88,--,33,62304,卖盘,2017-08-17,2017-08-17 10:19:57
10:20:00,10:20:00,18.88,--,400,755200,卖盘,2017-08-17,2017-08-17 10:20:00
10:20:03,10:20:03,18.88,--,331,624928,卖盘,2017-08-17,2017-08-17 10:20:03
10:20:06,10:20:06,18.88,--,70,132160,卖盘,2017-08-17,2017-08-17 10:20:06
10:20:09,10:20:09,18.88,--,138,260544,卖盘,2017-08-17,2017-08-17 10:20:09
10:20:12,10:20:12,18.88,--,57,107616,卖盘,2017-08-17,2017-08-17 10:20:12
10:20:15,10:20:15,18.89,0.01,206,389134,买盘,2017-08-17,2017-08-17 10:20:15
10:20:18,10:20:18,18.89,--,26,49114,卖盘,2017-08-17,2017-08-17 10:20:18
10:20:21,10:20:21,18.9,0.01,33,62369,买盘,2017-08-17,2017-08-17 10:20:21
10:20:24,10:20:24,18.9,--,541,1023775,买盘,2017-08-17,2017-08-17 10:20:24
10:20:27,10:20:27,18.9,--,20,37800,卖盘,2017-08-17,2017-08-17 10:20:27
10:20:30,10:20:30,18.91,0.01,43,81313,买盘,2017-08-17,2017-08-17 10:20:30
10:20:33,10:20:33,18.91,--,2042,3861422,买盘,2017-08-17,2017-08-17 10:20:33
10:20:36,10:20:36,18.91,--,52,98332,买盘,2017-08-17,2017-08-17 10:20:36
10:20:39,10:20:39,18.92,0.01,284,537328,买盘,2017-08-17,2017-08-17 10:20:39
10:20:45,10:20:45,18.91,-0.01,326,616466,卖盘,2017-08-17,2017-08-17 10:20:45
10:20:48,10:20:48,18.91,--,205,387655,买盘,2017-08-17,2017-08-17 10:20:48
10:20:51,10:20:51,18.92,0.01,148,280016,买盘,2017-08-17,2017-08-17 10:20:51
10:20:54,10:20:54,18.9,-0.02,225,425249,卖盘,2017-08-17,2017-08-17 10:20:54
10:20:57,10:20:57,18.9,--,159,300510,买盘,2017-08-17,2017-08-17 10:20:57
10:21:00,10:21:00,18.9,--,70,132300,买盘,2017-08-17,2017-08-17 10:21:00
10:21:03,10:21:03,18.91,0.01,298,563518,买盘,2017-08-17,2017-08-17 10:21:03
10:21:06,10:21:06,18.9,-0.01,229,432809,卖盘,2017-08-17,2017-08-17 10:21:06
10:21:09,10:21:09,18.91,0.01,149,281759,中性盘,2017-08-17,2017-08-17 10:21:09
10:21:12,10:21:12,18.91,--,27,51057,卖盘,2017-08-17,2017-08-17 10:21:12
10:21:15,10:21:15,18.91,--,67,126697,买盘,2017-08-17,2017-08-17 10:21:15
10:21:18,10:21:18,18.92,0.01,108,204336,买盘,2017-08-17,2017-08-17 10:21:18
10:21:21,10:21:21,18.91,-0.01,184,347944,中性盘,2017-08-17,2017-08-17 10:21:21
10:21:24,10:21:24,18.9,-0.01,26,49139,卖盘,2017-08-17,2017-08-17 10:21:24
10:21:27,10:21:27,18.92,0.02,193,365156,买盘,2017-08-17,2017-08-17 10:21:27
10:21:30,10:21:30,18.91,-0.01,1,1891,卖盘,2017-08-17,2017-08-17 10:21:30
10:21:33,10:21:33,18.9,-0.01,146,275940,卖盘,2017-08-17,2017-08-17 10:21:33
10:21:36,10:21:36,18.91,0.01,5,9455,卖盘,2017-08-17,2017-08-17 10:21:36
10:21:39,10:21:39,18.91,--,79,149389,卖盘,2017-08-17,2017-08-17 10:21:39
10:21:42,10:21:42,18.92,0.01,23,43516,买盘,2017-08-17,2017-08-17 10:21:42
10:21:45,10:21:45,18.91,-0.01,124,234484,卖盘,2017-08-17,2017-08-17 10:21:45
10:21:48,10:21:48,18.92,0.01,46,87032,买盘,2017-08-17,2017-08-17 10:21:48
10:21:51,10:21:51,18.92,--,56,105952,卖盘,2017-08-17,2017-08-17 10:21:51
10:21:54,10:21:54,18.92,--,2,3784,卖盘,2017-08-17,2017-08-17 10:21:54
10:22:00,10:22:00,18.92,--,40,75680,卖盘,2017-08-17,2017-08-17 10:22:00
10:22:03,10:22:03,18.92,--,55,104060,卖盘,2017-08-17,2017-08-17 10:22:03
10:22:06,10:22:06,18.95,0.03,478,905810,买盘,2017-08-17,2017-08-17 10:22:06
10:22:09,10:22:09,18.95,--,63,119385,卖盘,2017-08-17,2017-08-17 10:22:09
10:22:12,10:22:12,18.95,--,27,51165,卖盘,2017-08-17,2017-08-17 10:22:12
10:22:15,10:22:15,18.96,0.01,7,13272,买盘,2017-08-17,2017-08-17 10:22:15
10:22:18,10:22:18,18.95,-0.01,72,136440,卖盘,2017-08-17,2017-08-17 10:22:18
10:22:21,10:22:21,18.96,0.01,165,312840,买盘,2017-08-17,2017-08-17 10:22:21
10:22:24,10:22:24,18.97,0.01,252,478044,买盘,2017-08-17,2017-08-17 10:22:24
10:22:27,10:22:27,18.96,-0.01,3,5688,卖盘,2017-08-17,2017-08-17 10:22:27
10:22:30,10:22:30,18.96,--,44,83424,卖盘,2017-08-17,2017-08-17 10:22:30
10:22:33,10:22:33,18.93,-0.03,1166,2207238,卖盘,2017-08-17,2017-08-17 10:22:33
10:22:36,10:22:36,18.97,0.04,202,383194,买盘,2017-08-17,2017-08-17 10:22:36
10:22:39,10:22:39,18.97,--,162,307314,卖盘,2017-08-17,2017-08-17 10:22:39
10:22:42,10:22:42,18.97,--,50,94850,买盘,2017-08-17,2017-08-17 10:22:42
10:22:45,10:22:45,18.98,0.01,48,91104,买盘,2017-08-17,2017-08-17 10:22:45
10:22:48,10:22:48,18.98,--,50,94900,买盘,2017-08-17,2017-08-17 10:22:48
10:22:51,10:22:51,18.95,-0.03,25,47375,中性盘,2017-08-17,2017-08-17 10:22:51
10:22:54,10:22:54,18.96,0.01,27,51192,买盘,2017-08-17,2017-08-17 10:22:54
10:22:57,10:22:57,18.95,-0.01,44,83380,卖盘,2017-08-17,2017-08-17 10:22:57
10:23:00,10:23:00,18.95,--,98,185710,卖盘,2017-08-17,2017-08-17 10:23:00
10:23:03,10:23:03,18.95,--,34,64430,买盘,2017-08-17,2017-08-17 10:23:03
10:23:06,10:23:06,18.95,--,12,22740,买盘,2017-08-17,2017-08-17 10:23:06
10:23:09,10:23:09,18.99,0.04,293,556407,买盘,2017-08-17,2017-08-17 10:23:09
10:23:12,10:23:12,18.95,-0.04,5,9475,卖盘,2017-08-17,2017-08-17 10:23:12
10:23:15,10:23:15,18.97,0.02,42,79674,买盘,2017-08-17,2017-08-17 10:23:15
10:23:18,10:23:18,18.95,-0.02,2,3790,买盘,2017-08-17,2017-08-17 10:23:18
10:23:21,10:23:21,18.94,-0.01,165,312510,卖盘,2017-08-17,2017-08-17 10:23:21
10:23:24,10:23:24,18.95,0.01,44,83380,买盘,2017-08-17,2017-08-17 10:23:24
10:23:27,10:23:27,18.95,--,32,60640,买盘,2017-08-17,2017-08-17 10:23:27
10:23:30,10:23:30,18.95,--,36,68220,买盘,2017-08-17,2017-08-17 10:23:30
10:23:33,10:23:33,18.95,--,65,123175,卖盘,2017-08-17,2017-08-17 10:23:33
10:23:36,10:23:36,18.95,--,74,140230,卖盘,2017-08-17,2017-08-17 10:23:36
10:23:39,10:23:39,18.95,--,68,128860,卖盘,2017-08-17,2017-08-17 10:23:39
10:23:42,10:23:42,18.95,--,44,83380,卖盘,2017-08-17,2017-08-17 10:23:42
10:23:45,10:23:45,18.96,0.01,56,106176,中性盘,2017-08-17,2017-08-17 10:23:45
10:23:48,10:23:48,18.96,--,103,195288,卖盘,2017-08-17,2017-08-17 10:23:48
10:23:51,10:23:51,18.97,0.01,42,79674,卖盘,2017-08-17,2017-08-17 10:23:51
10:23:54,10:23:54,18.97,--,79,149863,买盘,2017-08-17,2017-08-17 10:23:54
10:23:57,10:23:57,18.97,--,7,13279,卖盘,2017-08-17,2017-08-17 10:23:57
10:24:00,10:24:00,18.98,0.01,610,1157780,买盘,2017-08-17,2017-08-17 10:24:00
10:24:03,10:24:03,18.98,--,30,56940,买盘,2017-08-17,2017-08-17 10:24:03
10:24:06,10:24:06,18.98,--,81,153738,买盘,2017-08-17,2017-08-17 10:24:06
10:24:09,10:24:09,18.96,-0.02,270,511920,卖盘,2017-08-17,2017-08-17 10:24:09
10:24:12,10:24:12,18.96,--,23,43608,买盘,2017-08-17,2017-08-17 10:24:12
10:24:15,10:24:15,18.98,0.02,685,1300130,买盘,2017-08-17,2017-08-17 10:24:15
10:24:18,10:24:18,18.97,-0.01,175,331975,卖盘,2017-08-17,2017-08-17 10:24:18
10:24:21,10:24:21,18.96,-0.01,74,140304,卖盘,2017-08-17,2017-08-17 10:24:21
10:24:24,10:24:24,18.99,0.03,50,94949,买盘,2017-08-17,2017-08-17 10:24:24
10:24:27,10:24:27,18.97,-0.02,95,180215,卖盘,2017-08-17,2017-08-17 10:24:27
10:24:30,10:24:30,18.96,-0.01,15,28440,卖盘,2017-08-17,2017-08-17 10:24:30
10:24:33,10:24:33,18.98,0.02,20,37960,买盘,2017-08-17,2017-08-17 10:24:33
10:24:36,10:24:36,18.99,0.01,69,131030,买盘,2017-08-17,2017-08-17 10:24:36
10:24:39,10:24:39,18.96,-0.03,108,204768,卖盘,2017-08-17,2017-08-17 10:24:39
10:24:42,10:24:42,18.95,-0.01,562,1064990,卖盘,2017-08-17,2017-08-17 10:24:42
10:24:45,10:24:45,18.98,0.03,42,79716,买盘,2017-08-17,2017-08-17 10:24:45
10:24:48,10:24:48,18.99,0.01,639,1213461,买盘,2017-08-17,2017-08-17 10:24:48
10:24:51,10:24:51,18.95,-0.04,96,181920,卖盘,2017-08-17,2017-08-17 10:24:51
10:24:54,10:24:54,18.95,--,24,45480,卖盘,2017-08-17,2017-08-17 10:24:54
10:24:57,10:24:57,18.97,0.02,167,316799,买盘,2017-08-17,2017-08-17 10:24:57
10:25:00,10:25:00,18.97,--,240,455280,买盘,2017-08-17,2017-08-17 10:25:00
10:25:03,10:25:03,18.98,0.01,685,1300130,买盘,2017-08-17,2017-08-17 10:25:03
10:25:06,10:25:06,18.96,-0.02,58,109968,中性盘,2017-08-17,2017-08-17 10:25:06
10:25:09,10:25:09,18.95,-0.01,102,193290,买盘,2017-08-17,2017-08-17 10:25:09
10:25:12,10:25:12,18.94,-0.01,38,71972,卖盘,2017-08-17,2017-08-17 10:25:12
10:25:15,10:25:15,18.94,--,128,242432,卖盘,2017-08-17,2017-08-17 10:25:15
10:25:18,10:25:18,18.92,-0.02,1094,2069848,卖盘,2017-08-17,2017-08-17 10:25:18
10:25:21,10:25:21,18.91,-0.01,85,160735,卖盘,2017-08-17,2017-08-17 10:25:21
10:25:24,10:25:24,18.91,--,191,361181,买盘,2017-08-17,2017-08-17 10:25:24
10:25:27,10:25:27,18.9,-0.01,30,56699,中性盘,2017-08-17,2017-08-17 10:25:27
10:25:30,10:25:30,18.9,--,63,119069,买盘,2017-08-17,2017-08-17 10:25:30
10:25:33,10:25:33,18.91,0.01,246,465186,买盘,2017-08-17,2017-08-17 10:25:33
10:25:36,10:25:36,18.91,--,82,155062,买盘,2017-08-17,2017-08-17 10:25:36
10:25:39,10:25:39,18.91,--,66,124806,买盘,2017-08-17,2017-08-17 10:25:39
10:25:42,10:25:42,18.9,-0.01,101,190890,卖盘,2017-08-17,2017-08-17 10:25:42
10:25:45,10:25:45,18.9,--,46,86940,卖盘,2017-08-17,2017-08-17 10:25:45
10:25:48,10:25:48,18.9,--,83,156870,卖盘,2017-08-17,2017-08-17 10:25:48
10:25:51,10:25:51,18.9,--,151,285390,卖盘,2017-08-17,2017-08-17 10:25:51
10:25:54,10:25:54,18.9,--,53,100169,买盘,2017-08-17,2017-08-17 10:25:54
10:26:00,10:26:00,18.88,-0.02,100,188800,卖盘,2017-08-17,2017-08-17 10:26:00
10:26:03,10:26:03,18.88,--,90,169920,卖盘,2017-08-17,2017-08-17 10:26:03
10:26:06,10:26:06,18.88,--,15,28320,卖盘,2017-08-17,2017-08-17 10:26:06
10:26:09,10:26:09,18.88,--,72,135936,卖盘,2017-08-17,2017-08-17 10:26:09
10:26:12,10:26:12,18.88,--,67,126496,卖盘,2017-08-17,2017-08-17 10:26:12
10:26:15,10:26:15,18.88,--,195,368160,卖盘,2017-08-17,2017-08-17 10:26:15
10:26:18,10:26:18,18.88,--,92,173696,卖盘,2017-08-17,2017-08-17 10:26:18
10:26:21,10:26:21,18.88,--,154,291356,卖盘,2017-08-17,2017-08-17 10:26:21
10:26:24,10:26:24,18.89,0.01,502,948278,买盘,2017-08-17,2017-08-17 10:26:24
10:26:27,10:26:27,18.88,-0.01,195,368160,买盘,2017-08-17,2017-08-17 10:26:27
10:26:30,10:26:30,18.89,0.01,25,47225,买盘,2017-08-17,2017-08-17 10:26:30
10:26:33,10:26:33,18.86,-0.03,153,288558,卖盘,2017-08-17,2017-08-17 10:26:33
10:26:36,10:26:36,18.88,0.02,5,9440,买盘,2017-08-17,2017-08-17 10:26:36
10:26:39,10:26:39,18.88,--,372,702336,买盘,2017-08-17,2017-08-17 10:26:39
10:26:42,10:26:42,18.88,--,19,35872,卖盘,2017-08-17,2017-08-17 10:26:42
10:26:45,10:26:45,18.88,--,90,169920,卖盘,2017-08-17,2017-08-17 10:26:45
10:26:51,10:26:51,18.8,-0.08,4897,9206360,卖盘,2017-08-17,2017-08-17 10:26:51
10:26:54,10:26:54,18.88,0.08,176,332288,买盘,2017-08-17,2017-08-17 10:26:54
10:26:57,10:26:57,18.89,0.01,75,141675,买盘,2017-08-17,2017-08-17 10:26:57
10:27:00,10:27:00,18.8,-0.09,189,355320,卖盘,2017-08-17,2017-08-17 10:27:00
10:27:03,10:27:03,18.8,--,39,73320,买盘,2017-08-17,2017-08-17 10:27:03
10:27:06,10:27:06,18.8,--,130,244400,买盘,2017-08-17,2017-08-17 10:27:06
10:27:09,10:27:09,18.8,--,235,441800,买盘,2017-08-17,2017-08-17 10:27:09
10:27:12,10:27:12,18.87,0.07,339,639693,买盘,2017-08-17,2017-08-17 10:27:12
10:27:15,10:27:15,18.8,-0.07,201,377880,卖盘,2017-08-17,2017-08-17 10:27:15
10:27:18,10:27:18,18.85,0.05,110,207350,中性盘,2017-08-17,2017-08-17 10:27:18
10:27:21,10:27:21,18.81,-0.04,2,3761,中性盘,2017-08-17,2017-08-17 10:27:21
10:27:24,10:27:24,18.81,--,20,37620,卖盘,2017-08-17,2017-08-17 10:27:24
10:27:27,10:27:27,18.82,0.01,25,47050,卖盘,2017-08-17,2017-08-17 10:27:27
10:27:30,10:27:30,18.82,--,5,9410,卖盘,2017-08-17,2017-08-17 10:27:30
10:27:33,10:27:33,18.82,--,151,284182,卖盘,2017-08-17,2017-08-17 10:27:33
10:27:36,10:27:36,18.82,--,219,412158,买盘,2017-08-17,2017-08-17 10:27:36
10:27:39,10:27:39,18.82,--,34,63988,买盘,2017-08-17,2017-08-17 10:27:39
10:27:42,10:27:42,18.8,-0.02,92,172960,卖盘,2017-08-17,2017-08-17 10:27:42
10:27:45,10:27:45,18.8,--,50,94000,卖盘,2017-08-17,2017-08-17 10:27:45
10:27:48,10:27:48,18.82,0.02,2051,3861261,买盘,2017-08-17,2017-08-17 10:27:48
10:27:51,10:27:51,18.8,-0.02,170,319600,卖盘,2017-08-17,2017-08-17 10:27:51
10:27:54,10:27:54,18.81,0.01,115,216314,中性盘,2017-08-17,2017-08-17 10:27:54
10:27:57,10:27:57,18.81,--,120,225719,卖盘,2017-08-17,2017-08-17 10:27:57
10:28:00,10:28:00,18.82,0.01,79,148678,买盘,2017-08-17,2017-08-17 10:28:00
10:28:03,10:28:03,18.82,--,85,159970,卖盘,2017-08-17,2017-08-17 10:28:03
10:28:06,10:28:06,18.82,--,16,30112,卖盘,2017-08-17,2017-08-17 10:28:06
10:28:09,10:28:09,18.82,--,179,336878,卖盘,2017-08-17,2017-08-17 10:28:09
10:28:12,10:28:12,18.85,0.03,107,201695,买盘,2017-08-17,2017-08-17 10:28:12
10:28:15,10:28:15,18.85,--,28,52780,买盘,2017-08-17,2017-08-17 10:28:15
10:28:18,10:28:18,18.84,-0.01,183,344772,卖盘,2017-08-17,2017-08-17 10:28:18
10:28:21,10:28:21,18.82,-0.02,80,150560,卖盘,2017-08-17,2017-08-17 10:28:21
10:28:24,10:28:24,18.85,0.03,2,3770,买盘,2017-08-17,2017-08-17 10:28:24
10:28:27,10:28:27,18.85,--,33,62205,买盘,2017-08-17,2017-08-17 10:28:27
10:28:30,10:28:30,18.85,--,24,45240,买盘,2017-08-17,2017-08-17 10:28:30
10:28:33,10:28:33,18.85,--,177,333645,买盘,2017-08-17,2017-08-17 10:28:33
10:28:36,10:28:36,18.85,--,428,806780,卖盘,2017-08-17,2017-08-17 10:28:36
10:28:39,10:28:39,18.85,--,32,60320,卖盘,2017-08-17,2017-08-17 10:28:39
10:28:42,10:28:42,18.85,--,130,245050,卖盘,2017-08-17,2017-08-17 10:28:42
10:28:45,10:28:45,18.85,--,277,522145,卖盘,2017-08-17,2017-08-17 10:28:45
10:28:48,10:28:48,18.87,0.02,7,13209,中性盘,2017-08-17,2017-08-17 10:28:48
10:28:51,10:28:51,18.86,-0.01,50,94300,卖盘,2017-08-17,2017-08-17 10:28:51
10:28:54,10:28:54,18.87,0.01,12,22644,卖盘,2017-08-17,2017-08-17 10:28:54
10:28:57,10:28:57,18.87,--,5,9435,卖盘,2017-08-17,2017-08-17 10:28:57
10:29:00,10:29:00,18.89,0.02,60,113340,买盘,2017-08-17,2017-08-17 10:29:00
10:29:03,10:29:03,18.86,-0.03,920,1735120,卖盘,2017-08-17,2017-08-17 10:29:03
10:29:06,10:29:06,18.87,0.01,55,103785,卖盘,2017-08-17,2017-08-17 10:29:06
10:29:09,10:29:09,18.87,--,16,30192,卖盘,2017-08-17,2017-08-17 10:29:09
10:29:12,10:29:12,18.86,-0.01,155,292330,卖盘,2017-08-17,2017-08-17 10:29:12
10:29:15,10:29:15,18.87,0.01,4,7548,中性盘,2017-08-17,2017-08-17 10:29:15
10:29:18,10:29:18,18.87,--,87,164169,卖盘,2017-08-17,2017-08-17 10:29:18
10:29:21,10:29:21,18.87,--,92,173604,卖盘,2017-08-17,2017-08-17 10:29:21
10:29:24,10:29:24,18.87,--,85,160395,卖盘,2017-08-17,2017-08-17 10:29:24
10:29:27,10:29:27,18.89,0.02,276,521364,买盘,2017-08-17,2017-08-17 10:29:27
10:29:33,10:29:33,18.88,-0.01,309,583392,中性盘,2017-08-17,2017-08-17 10:29:33
10:29:36,10:29:36,18.87,-0.01,125,235875,卖盘,2017-08-17,2017-08-17 10:29:36
10:29:39,10:29:39,18.86,-0.01,20,37720,卖盘,2017-08-17,2017-08-17 10:29:39
10:29:42,10:29:42,18.86,--,83,156538,卖盘,2017-08-17,2017-08-17 10:29:42
10:29:45,10:29:45,18.88,0.02,38,71744,买盘,2017-08-17,2017-08-17 10:29:45
10:29:48,10:29:48,18.9,0.02,90,170100,买盘,2017-08-17,2017-08-17 10:29:48
10:29:54,10:29:54,18.89,-0.01,61,115229,中性盘,2017-08-17,2017-08-17 10:29:54
10:29:57,10:29:57,18.89,--,1,1889,卖盘,2017-08-17,2017-08-17 10:29:57
10:30:00,10:30:00,18.9,0.01,174,328860,买盘,2017-08-17,2017-08-17 10:30:00
10:30:03,10:30:03,18.9,--,55,103949,卖盘,2017-08-17,2017-08-17 10:30:03
10:30:06,10:30:06,18.89,-0.01,115,217235,卖盘,2017-08-17,2017-08-17 10:30:06
10:30:09,10:30:09,18.9,0.01,14,26459,卖盘,2017-08-17,2017-08-17 10:30:09
10:30:12,10:30:12,18.9,--,31,58589,卖盘,2017-08-17,2017-08-17 10:30:12
10:30:15,10:30:15,18.9,--,24,45360,卖盘,2017-08-17,2017-08-17 10:30:15
10:30:18,10:30:18,18.9,--,165,311850,卖盘,2017-08-17,2017-08-17 10:30:18
10:30:21,10:30:21,18.9,--,70,132300,卖盘,2017-08-17,2017-08-17 10:30:21
10:30:24,10:30:24,18.9,--,15,28349,买盘,2017-08-17,2017-08-17 10:30:24
10:30:33,10:30:33,18.9,--,235,444149,买盘,2017-08-17,2017-08-17 10:30:33
10:30:36,10:30:36,18.9,--,257,485729,买盘,2017-08-17,2017-08-17 10:30:36
10:30:39,10:30:39,18.9,--,180,340200,卖盘,2017-08-17,2017-08-17 10:30:39
10:30:42,10:30:42,18.9,--,14,26459,卖盘,2017-08-17,2017-08-17 10:30:42
10:30:45,10:30:45,18.89,-0.01,202,381578,卖盘,2017-08-17,2017-08-17 10:30:45
10:30:48,10:30:48,18.89,--,176,332464,卖盘,2017-08-17,2017-08-17 10:30:48
10:30:51,10:30:51,18.9,0.01,118,223019,买盘,2017-08-17,2017-08-17 10:30:51
10:30:54,10:30:54,18.89,-0.01,46,86894,卖盘,2017-08-17,2017-08-17 10:30:54
10:30:57,10:30:57,18.89,--,12,22668,卖盘,2017-08-17,2017-08-17 10:30:57
10:31:00,10:31:00,18.89,--,48,90672,卖盘,2017-08-17,2017-08-17 10:31:00
10:31:03,10:31:03,18.89,--,60,113340,卖盘,2017-08-17,2017-08-17 10:31:03
10:31:06,10:31:06,18.89,--,222,419358,买盘,2017-08-17,2017-08-17 10:31:06
10:31:09,10:31:09,18.9,0.01,14,26459,买盘,2017-08-17,2017-08-17 10:31:09
10:31:12,10:31:12,18.89,-0.01,38,71782,买盘,2017-08-17,2017-08-17 10:31:12
10:31:15,10:31:15,18.89,--,5,9445,买盘,2017-08-17,2017-08-17 10:31:15
10:31:18,10:31:18,18.89,--,84,158676,买盘,2017-08-17,2017-08-17 10:31:18
10:31:21,10:31:21,18.88,-0.01,312,589056,卖盘,2017-08-17,2017-08-17 10:31:21
10:31:24,10:31:24,18.87,-0.01,19,35853,卖盘,2017-08-17,2017-08-17 10:31:24
10:31:27,10:31:27,18.87,--,2,3774,卖盘,2017-08-17,2017-08-17 10:31:27
10:31:30,10:31:30,18.87,--,25,47175,卖盘,2017-08-17,2017-08-17 10:31:30
10:31:33,10:31:33,18.87,--,10,18870,卖盘,2017-08-17,2017-08-17 10:31:33
10:31:42,10:31:42,18.88,0.01,36,67968,中性盘,2017-08-17,2017-08-17 10:31:42
10:31:45,10:31:45,18.88,--,94,177472,卖盘,2017-08-17,2017-08-17 10:31:45
10:31:48,10:31:48,18.88,--,21,39648,卖盘,2017-08-17,2017-08-17 10:31:48
10:31:51,10:31:51,18.88,--,21,39648,卖盘,2017-08-17,2017-08-17 10:31:51
10:31:54,10:31:54,18.88,--,98,185024,卖盘,2017-08-17,2017-08-17 10:31:54
10:31:57,10:31:57,18.88,--,61,115168,卖盘,2017-08-17,2017-08-17 10:31:57
10:32:00,10:32:00,18.92,0.04,1667,3153964,买盘,2017-08-17,2017-08-17 10:32:00
10:32:03,10:32:03,18.92,--,13,24596,卖盘,2017-08-17,2017-08-17 10:32:03
10:32:06,10:32:06,18.89,-0.03,66,124674,卖盘,2017-08-17,2017-08-17 10:32:06
10:32:09,10:32:09,18.89,--,3,5667,卖盘,2017-08-17,2017-08-17 10:32:09
10:32:12,10:32:12,18.89,--,50,94450,卖盘,2017-08-17,2017-08-17 10:32:12
10:32:15,10:32:15,18.9,0.01,61,115289,买盘,2017-08-17,2017-08-17 10:32:15
10:32:18,10:32:18,18.91,0.01,46,86986,买盘,2017-08-17,2017-08-17 10:32:18
10:32:21,10:32:21,18.9,-0.01,162,306180,卖盘,2017-08-17,2017-08-17 10:32:21
10:32:24,10:32:24,18.9,--,49,92610,卖盘,2017-08-17,2017-08-17 10:32:24
10:32:27,10:32:27,18.9,--,47,89037,卖盘,2017-08-17,2017-08-17 10:32:27
10:32:30,10:32:30,18.92,0.02,254,480568,买盘,2017-08-17,2017-08-17 10:32:30
10:32:33,10:32:33,18.92,--,22,41624,卖盘,2017-08-17,2017-08-17 10:32:33
10:32:36,10:32:36,18.92,--,156,295152,卖盘,2017-08-17,2017-08-17 10:32:36
10:32:39,10:32:39,18.93,0.01,134,253699,买盘,2017-08-17,2017-08-17 10:32:39
10:32:42,10:32:42,18.92,-0.01,65,122980,卖盘,2017-08-17,2017-08-17 10:32:42
10:32:45,10:32:45,18.93,0.01,53,100329,买盘,2017-08-17,2017-08-17 10:32:45
10:32:48,10:32:48,18.94,0.01,50,94700,买盘,2017-08-17,2017-08-17 10:32:48
10:32:51,10:32:51,18.96,0.02,2340,4436640,买盘,2017-08-17,2017-08-17 10:32:51
10:32:54,10:32:54,18.94,-0.02,163,308722,卖盘,2017-08-17,2017-08-17 10:32:54
10:32:57,10:32:57,18.95,0.01,25,47375,卖盘,2017-08-17,2017-08-17 10:32:57
10:33:00,10:33:00,18.97,0.02,35,66395,买盘,2017-08-17,2017-08-17 10:33:00
10:33:03,10:33:03,18.93,-0.04,350,662550,卖盘,2017-08-17,2017-08-17 10:33:03
10:33:06,10:33:06,18.99,0.06,500,949499,买盘,2017-08-17,2017-08-17 10:33:06
10:33:09,10:33:09,19.0,0.01,102,193800,买盘,2017-08-17,2017-08-17 10:33:09
10:33:12,10:33:12,18.96,-0.04,5,9480,卖盘,2017-08-17,2017-08-17 10:33:12
10:33:15,10:33:15,18.98,0.02,31,58838,卖盘,2017-08-17,2017-08-17 10:33:15
10:33:18,10:33:18,18.98,--,615,1167270,卖盘,2017-08-17,2017-08-17 10:33:18
10:33:21,10:33:21,18.99,0.01,516,979883,买盘,2017-08-17,2017-08-17 10:33:21
10:33:24,10:33:24,19.0,0.01,520,988000,买盘,2017-08-17,2017-08-17 10:33:24
10:33:27,10:33:27,18.99,-0.01,320,607680,卖盘,2017-08-17,2017-08-17 10:33:27
10:33:30,10:33:30,18.99,--,200,379799,买盘,2017-08-17,2017-08-17 10:33:30
10:33:33,10:33:33,18.98,-0.01,104,197392,卖盘,2017-08-17,2017-08-17 10:33:33
10:33:36,10:33:36,18.99,0.01,1070,2031929,买盘,2017-08-17,2017-08-17 10:33:36
10:33:39,10:33:39,18.99,--,522,991277,卖盘,2017-08-17,2017-08-17 10:33:39
10:33:42,10:33:42,19.01,0.02,263,499963,买盘,2017-08-17,2017-08-17 10:33:42
10:33:45,10:33:45,19.0,-0.01,681,1293900,卖盘,2017-08-17,2017-08-17 10:33:45
10:33:48,10:33:48,19.0,--,180,342000,买盘,2017-08-17,2017-08-17 10:33:48
10:33:51,10:33:51,19.02,0.02,392,745584,买盘,2017-08-17,2017-08-17 10:33:51
10:33:54,10:33:54,19.01,-0.01,308,585508,中性盘,2017-08-17,2017-08-17 10:33:54
10:33:57,10:33:57,18.99,-0.02,884,1678715,卖盘,2017-08-17,2017-08-17 10:33:57
10:34:00,10:34:00,18.99,--,31,58868,买盘,2017-08-17,2017-08-17 10:34:00
10:34:03,10:34:03,18.98,-0.01,275,521950,卖盘,2017-08-17,2017-08-17 10:34:03
10:34:06,10:34:06,18.98,--,267,506766,卖盘,2017-08-17,2017-08-17 10:34:06
10:34:09,10:34:09,18.98,--,185,351130,买盘,2017-08-17,2017-08-17 10:34:09
10:34:12,10:34:12,18.98,--,157,297986,买盘,2017-08-17,2017-08-17 10:34:12
10:34:15,10:34:15,18.97,-0.01,165,313005,卖盘,2017-08-17,2017-08-17 10:34:15
10:34:18,10:34:18,18.98,0.01,1071,2032758,买盘,2017-08-17,2017-08-17 10:34:18
10:34:21,10:34:21,18.98,--,43,81614,卖盘,2017-08-17,2017-08-17 10:34:21
10:34:24,10:34:24,18.96,-0.02,443,839928,卖盘,2017-08-17,2017-08-17 10:34:24
10:34:27,10:34:27,18.97,0.01,2,3794,买盘,2017-08-17,2017-08-17 10:34:27
10:34:30,10:34:30,18.96,-0.01,10,18960,卖盘,2017-08-17,2017-08-17 10:34:30
10:34:33,10:34:33,18.96,--,115,218040,卖盘,2017-08-17,2017-08-17 10:34:33
10:34:36,10:34:36,18.96,--,38,72048,买盘,2017-08-17,2017-08-17 10:34:36
10:34:39,10:34:39,18.95,-0.01,75,142125,卖盘,2017-08-17,2017-08-17 10:34:39
10:34:42,10:34:42,18.96,0.01,547,1037112,买盘,2017-08-17,2017-08-17 10:34:42
10:34:45,10:34:45,18.95,-0.01,18,34110,卖盘,2017-08-17,2017-08-17 10:34:45
10:34:48,10:34:48,18.95,--,94,178130,卖盘,2017-08-17,2017-08-17 10:34:48
10:34:51,10:34:51,18.95,--,177,335415,卖盘,2017-08-17,2017-08-17 10:34:51
10:34:54,10:34:54,18.96,0.01,222,420912,买盘,2017-08-17,2017-08-17 10:34:54
10:34:57,10:34:57,18.95,-0.01,111,210345,中性盘,2017-08-17,2017-08-17 10:34:57
10:35:00,10:35:00,18.95,--,12,22740,卖盘,2017-08-17,2017-08-17 10:35:00
10:35:03,10:35:03,18.95,--,55,104225,买盘,2017-08-17,2017-08-17 10:35:03
10:35:06,10:35:06,18.95,--,56,106120,买盘,2017-08-17,2017-08-17 10:35:06
10:35:09,10:35:09,18.95,--,92,174340,买盘,2017-08-17,2017-08-17 10:35:09
10:35:12,10:35:12,18.94,-0.01,2,3788,卖盘,2017-08-17,2017-08-17 10:35:12
10:35:15,10:35:15,18.93,-0.01,37,70041,卖盘,2017-08-17,2017-08-17 10:35:15
10:35:18,10:35:18,18.93,--,289,547077,卖盘,2017-08-17,2017-08-17 10:35:18
10:35:21,10:35:21,18.94,0.01,35,66290,买盘,2017-08-17,2017-08-17 10:35:21
10:35:24,10:35:24,18.93,-0.01,112,212016,卖盘,2017-08-17,2017-08-17 10:35:24
10:35:27,10:35:27,18.93,--,549,1039257,卖盘,2017-08-17,2017-08-17 10:35:27
10:35:30,10:35:30,18.94,0.01,538,1018972,卖盘,2017-08-17,2017-08-17 10:35:30
10:35:33,10:35:33,18.94,--,15,28410,卖盘,2017-08-17,2017-08-17 10:35:33
10:35:36,10:35:36,18.94,--,56,106064,卖盘,2017-08-17,2017-08-17 10:35:36
10:35:39,10:35:39,18.94,--,113,214022,卖盘,2017-08-17,2017-08-17 10:35:39
10:35:42,10:35:42,18.95,0.01,327,619665,买盘,2017-08-17,2017-08-17 10:35:42
10:35:45,10:35:45,18.94,-0.01,120,227280,卖盘,2017-08-17,2017-08-17 10:35:45
10:35:48,10:35:48,18.96,0.02,180,341280,买盘,2017-08-17,2017-08-17 10:35:48
10:35:51,10:35:51,18.95,-0.01,5,9475,卖盘,2017-08-17,2017-08-17 10:35:51
10:35:54,10:35:54,18.95,--,112,212240,卖盘,2017-08-17,2017-08-17 10:35:54
10:35:57,10:35:57,18.95,--,425,805375,卖盘,2017-08-17,2017-08-17 10:35:57
10:36:00,10:36:00,18.97,0.02,166,314902,买盘,2017-08-17,2017-08-17 10:36:00
10:36:03,10:36:03,18.98,0.01,530,1005940,买盘,2017-08-17,2017-08-17 10:36:03
10:36:06,10:36:06,18.98,--,214,406172,买盘,2017-08-17,2017-08-17 10:36:06
10:36:09,10:36:09,18.98,--,149,282802,买盘,2017-08-17,2017-08-17 10:36:09
10:36:12,10:36:12,18.98,--,103,195494,买盘,2017-08-17,2017-08-17 10:36:12
10:36:15,10:36:15,19.01,0.03,1754,3334354,买盘,2017-08-17,2017-08-17 10:36:15
10:36:18,10:36:18,19.01,--,1708,3246908,买盘,2017-08-17,2017-08-17 10:36:18
10:36:21,10:36:21,19.02,0.01,680,1293360,买盘,2017-08-17,2017-08-17 10:36:21
10:36:24,10:36:24,19.06,0.04,2272,4330432,买盘,2017-08-17,2017-08-17 10:36:24
10:36:27,10:36:27,19.1,0.04,4261,8138510,买盘,2017-08-17,2017-08-17 10:36:27
10:36:30,10:36:30,19.1,--,24,45840,卖盘,2017-08-17,2017-08-17 10:36:30
10:36:33,10:36:33,19.13,0.03,1729,3307577,买盘,2017-08-17,2017-08-17 10:36:33
10:36:36,10:36:36,19.15,0.02,1274,2439710,买盘,2017-08-17,2017-08-17 10:36:36
10:36:39,10:36:39,19.14,-0.01,308,589512,卖盘,2017-08-17,2017-08-17 10:36:39
10:36:42,10:36:42,19.11,-0.03,899,1717989,卖盘,2017-08-17,2017-08-17 10:36:42
10:36:45,10:36:45,19.14,0.03,857,1640298,买盘,2017-08-17,2017-08-17 10:36:45
10:36:48,10:36:48,19.13,-0.01,876,1675788,中性盘,2017-08-17,2017-08-17 10:36:48
10:36:51,10:36:51,19.17,0.04,303,580851,买盘,2017-08-17,2017-08-17 10:36:51
10:36:54,10:36:54,19.14,-0.03,533,1020162,卖盘,2017-08-17,2017-08-17 10:36:54
10:36:57,10:36:57,19.15,0.01,500,957499,卖盘,2017-08-17,2017-08-17 10:36:57
10:37:00,10:37:00,19.16,0.01,1970,3774520,中性盘,2017-08-17,2017-08-17 10:37:00
10:37:03,10:37:03,19.2,0.04,212,407040,买盘,2017-08-17,2017-08-17 10:37:03
10:37:06,10:37:06,19.2,--,602,1155840,卖盘,2017-08-17,2017-08-17 10:37:06
10:37:09,10:37:09,19.22,0.02,124,238328,买盘,2017-08-17,2017-08-17 10:37:09
10:37:12,10:37:12,19.2,-0.02,489,938880,卖盘,2017-08-17,2017-08-17 10:37:12
10:37:15,10:37:15,19.2,--,584,1121280,买盘,2017-08-17,2017-08-17 10:37:15
10:37:18,10:37:18,19.2,--,893,1714560,买盘,2017-08-17,2017-08-17 10:37:18
10:37:21,10:37:21,19.22,0.02,840,1614480,买盘,2017-08-17,2017-08-17 10:37:21
10:37:24,10:37:24,19.19,-0.03,925,1775075,卖盘,2017-08-17,2017-08-17 10:37:24
10:37:27,10:37:27,19.19,--,271,520049,买盘,2017-08-17,2017-08-17 10:37:27
10:37:30,10:37:30,19.2,0.01,848,1628160,买盘,2017-08-17,2017-08-17 10:37:30
10:37:33,10:37:33,19.2,--,372,714240,买盘,2017-08-17,2017-08-17 10:37:33
10:37:36,10:37:36,19.17,-0.03,673,1290141,卖盘,2017-08-17,2017-08-17 10:37:36
10:37:39,10:37:39,19.16,-0.01,445,852620,卖盘,2017-08-17,2017-08-17 10:37:39
10:37:42,10:37:42,19.15,-0.01,250,478749,卖盘,2017-08-17,2017-08-17 10:37:42
10:37:45,10:37:45,19.16,0.01,1116,2138256,买盘,2017-08-17,2017-08-17 10:37:45
10:37:48,10:37:48,19.15,-0.01,175,335125,中性盘,2017-08-17,2017-08-17 10:37:48
10:37:51,10:37:51,19.17,0.02,201,385317,买盘,2017-08-17,2017-08-17 10:37:51
10:37:54,10:37:54,19.15,-0.02,504,965159,卖盘,2017-08-17,2017-08-17 10:37:54
10:37:57,10:37:57,19.15,--,84,160860,买盘,2017-08-17,2017-08-17 10:37:57
10:38:00,10:38:00,19.15,--,139,266185,买盘,2017-08-17,2017-08-17 10:38:00
10:38:03,10:38:03,19.15,--,365,698975,买盘,2017-08-17,2017-08-17 10:38:03
10:38:06,10:38:06,19.14,-0.01,82,156948,中性盘,2017-08-17,2017-08-17 10:38:06
10:38:09,10:38:09,19.14,--,218,417252,买盘,2017-08-17,2017-08-17 10:38:09
10:38:12,10:38:12,19.14,--,84,160776,买盘,2017-08-17,2017-08-17 10:38:12
10:38:15,10:38:15,19.12,-0.02,52,99424,卖盘,2017-08-17,2017-08-17 10:38:15
10:38:18,10:38:18,19.15,0.03,436,834939,买盘,2017-08-17,2017-08-17 10:38:18
10:38:21,10:38:21,19.11,-0.04,203,387933,卖盘,2017-08-17,2017-08-17 10:38:21
10:38:24,10:38:24,19.12,0.01,133,254296,中性盘,2017-08-17,2017-08-17 10:38:24
10:38:27,10:38:27,19.12,--,724,1384288,卖盘,2017-08-17,2017-08-17 10:38:27
10:38:30,10:38:30,19.12,--,252,481824,卖盘,2017-08-17,2017-08-17 10:38:30
10:38:33,10:38:33,19.12,--,570,1089840,卖盘,2017-08-17,2017-08-17 10:38:33
10:38:36,10:38:36,19.12,--,189,361368,买盘,2017-08-17,2017-08-17 10:38:36
10:38:39,10:38:39,19.14,0.02,353,675642,中性盘,2017-08-17,2017-08-17 10:38:39
10:38:42,10:38:42,19.14,--,140,267960,卖盘,2017-08-17,2017-08-17 10:38:42
10:38:45,10:38:45,19.14,--,128,244992,卖盘,2017-08-17,2017-08-17 10:38:45
10:38:48,10:38:48,19.14,--,268,512952,卖盘,2017-08-17,2017-08-17 10:38:48
10:38:51,10:38:51,19.14,--,256,489984,买盘,2017-08-17,2017-08-17 10:38:51
10:38:54,10:38:54,19.14,--,105,200970,买盘,2017-08-17,2017-08-17 10:38:54
10:38:57,10:38:57,19.14,--,220,421080,买盘,2017-08-17,2017-08-17 10:38:57
10:39:00,10:39:00,19.1,-0.04,1934,3693940,卖盘,2017-08-17,2017-08-17 10:39:00
10:39:03,10:39:03,19.13,0.03,388,742244,买盘,2017-08-17,2017-08-17 10:39:03
10:39:06,10:39:06,19.13,--,408,780504,买盘,2017-08-17,2017-08-17 10:39:06
10:39:09,10:39:09,19.13,--,704,1346752,买盘,2017-08-17,2017-08-17 10:39:09
10:39:12,10:39:12,19.1,-0.03,120,229200,卖盘,2017-08-17,2017-08-17 10:39:12
10:39:15,10:39:15,19.12,0.02,42,80304,中性盘,2017-08-17,2017-08-17 10:39:15
10:39:18,10:39:18,19.12,--,77,147224,买盘,2017-08-17,2017-08-17 10:39:18
10:39:21,10:39:21,19.11,-0.01,120,229320,卖盘,2017-08-17,2017-08-17 10:39:21
10:39:24,10:39:24,19.1,-0.01,556,1061960,卖盘,2017-08-17,2017-08-17 10:39:24
10:39:27,10:39:27,19.1,--,96,183360,买盘,2017-08-17,2017-08-17 10:39:27
10:39:30,10:39:30,19.1,--,185,353350,买盘,2017-08-17,2017-08-17 10:39:30
10:39:33,10:39:33,19.09,-0.01,131,250079,卖盘,2017-08-17,2017-08-17 10:39:33
10:39:36,10:39:36,19.09,--,645,1231305,卖盘,2017-08-17,2017-08-17 10:39:36
