idx_time,time,price,change,volume,amount,type,date,date_time
09:25:03,09:25:03,8.87,8.87,19804,17566148,买盘,2017-06-28,2017-06-28 09:25:03
09:30:03,09:30:03,8.86,-0.01,5403,4787058,卖盘,2017-06-28,2017-06-28 09:30:03
09:30:06,09:30:06,8.84,-0.02,13359,11809356,中性盘,2017-06-28,2017-06-28 09:30:06
09:30:09,09:30:09,8.84,--,1909,1687556,买盘,2017-06-28,2017-06-28 09:30:09
09:30:12,09:30:12,8.8,-0.04,564,496320,卖盘,2017-06-28,2017-06-28 09:30:12
09:30:15,09:30:15,8.83,0.03,332,293156,中性盘,2017-06-28,2017-06-28 09:30:15
09:30:18,09:30:18,8.8,-0.03,368,323840,卖盘,2017-06-28,2017-06-28 09:30:18
09:30:21,09:30:21,8.8,--,155,136400,卖盘,2017-06-28,2017-06-28 09:30:21
09:30:24,09:30:24,8.81,0.01,517,455477,中性盘,2017-06-28,2017-06-28 09:30:24
09:30:27,09:30:27,8.83,0.02,924,815892,买盘,2017-06-28,2017-06-28 09:30:27
09:30:30,09:30:30,8.83,--,2885,2547455,卖盘,2017-06-28,2017-06-28 09:30:30
09:30:33,09:30:33,8.86,0.03,975,863850,买盘,2017-06-28,2017-06-28 09:30:33
09:30:36,09:30:36,8.86,--,1488,1318368,卖盘,2017-06-28,2017-06-28 09:30:36
09:30:39,09:30:39,8.84,-0.02,880,777920,卖盘,2017-06-28,2017-06-28 09:30:39
09:30:42,09:30:42,8.83,-0.01,4514,3985862,卖盘,2017-06-28,2017-06-28 09:30:42
09:30:45,09:30:45,8.84,0.01,239,211276,中性盘,2017-06-28,2017-06-28 09:30:45
09:30:48,09:30:48,8.85,0.01,544,481440,买盘,2017-06-28,2017-06-28 09:30:48
09:30:51,09:30:51,8.84,-0.01,731,646204,卖盘,2017-06-28,2017-06-28 09:30:51
09:30:54,09:30:54,8.86,0.02,773,684878,买盘,2017-06-28,2017-06-28 09:30:54
09:30:57,09:30:57,8.85,-0.01,324,286740,买盘,2017-06-28,2017-06-28 09:30:57
09:31:00,09:31:00,8.83,-0.02,841,742603,卖盘,2017-06-28,2017-06-28 09:31:00
09:31:03,09:31:03,8.86,0.03,1088,963967,买盘,2017-06-28,2017-06-28 09:31:03
09:31:06,09:31:06,8.84,-0.02,189,167076,卖盘,2017-06-28,2017-06-28 09:31:06
09:31:09,09:31:09,8.85,0.01,1541,1363785,买盘,2017-06-28,2017-06-28 09:31:09
09:31:12,09:31:12,8.84,-0.01,3997,3533348,买盘,2017-06-28,2017-06-28 09:31:12
09:31:15,09:31:15,8.84,--,397,350948,买盘,2017-06-28,2017-06-28 09:31:15
09:31:18,09:31:18,8.85,0.01,443,392055,买盘,2017-06-28,2017-06-28 09:31:18
09:31:21,09:31:21,8.84,-0.01,562,496808,卖盘,2017-06-28,2017-06-28 09:31:21
09:31:24,09:31:24,8.85,0.01,1317,1165545,卖盘,2017-06-28,2017-06-28 09:31:24
09:31:27,09:31:27,8.85,--,1249,1105365,卖盘,2017-06-28,2017-06-28 09:31:27
09:31:30,09:31:30,8.87,0.02,796,706051,买盘,2017-06-28,2017-06-28 09:31:30
09:31:33,09:31:33,8.89,0.02,3530,3138738,买盘,2017-06-28,2017-06-28 09:31:33
09:31:36,09:31:36,8.9,0.01,802,713780,买盘,2017-06-28,2017-06-28 09:31:36
09:31:39,09:31:39,8.9,--,2844,2531160,买盘,2017-06-28,2017-06-28 09:31:39
09:31:42,09:31:42,8.9,--,670,596300,买盘,2017-06-28,2017-06-28 09:31:42
09:31:45,09:31:45,8.9,--,1037,922930,买盘,2017-06-28,2017-06-28 09:31:45
09:31:48,09:31:48,8.95,0.05,653,584435,买盘,2017-06-28,2017-06-28 09:31:48
09:31:51,09:31:51,8.94,-0.01,144,128736,卖盘,2017-06-28,2017-06-28 09:31:51
09:31:54,09:31:54,8.94,--,376,336144,卖盘,2017-06-28,2017-06-28 09:31:54
09:31:57,09:31:57,8.95,0.01,650,581750,买盘,2017-06-28,2017-06-28 09:31:57
09:32:00,09:32:00,8.95,--,1766,1580569,买盘,2017-06-28,2017-06-28 09:32:00
09:32:03,09:32:03,8.94,-0.01,1629,1456326,卖盘,2017-06-28,2017-06-28 09:32:03
09:32:06,09:32:06,8.94,--,1354,1210476,买盘,2017-06-28,2017-06-28 09:32:06
09:32:09,09:32:09,8.95,0.01,3813,3412634,买盘,2017-06-28,2017-06-28 09:32:09
09:32:12,09:32:12,8.92,-0.03,995,887540,中性盘,2017-06-28,2017-06-28 09:32:12
09:32:15,09:32:15,8.94,0.02,770,688380,买盘,2017-06-28,2017-06-28 09:32:15
09:32:18,09:32:18,8.94,--,957,855558,买盘,2017-06-28,2017-06-28 09:32:18
09:32:21,09:32:21,8.92,-0.02,667,594964,中性盘,2017-06-28,2017-06-28 09:32:21
09:32:24,09:32:24,8.91,-0.01,1306,1163646,中性盘,2017-06-28,2017-06-28 09:32:24
09:32:27,09:32:27,8.91,--,1437,1280367,卖盘,2017-06-28,2017-06-28 09:32:27
09:32:30,09:32:30,8.91,--,850,757350,卖盘,2017-06-28,2017-06-28 09:32:30
09:32:33,09:32:33,8.88,-0.03,943,837384,卖盘,2017-06-28,2017-06-28 09:32:33
09:32:36,09:32:36,8.86,-0.02,482,427052,卖盘,2017-06-28,2017-06-28 09:32:36
09:32:39,09:32:39,8.88,0.02,303,269064,买盘,2017-06-28,2017-06-28 09:32:39
09:32:42,09:32:42,8.9,0.02,516,459240,买盘,2017-06-28,2017-06-28 09:32:42
09:32:45,09:32:45,8.85,-0.05,376,332760,卖盘,2017-06-28,2017-06-28 09:32:45
09:32:48,09:32:48,8.88,0.03,532,472416,买盘,2017-06-28,2017-06-28 09:32:48
09:32:51,09:32:51,8.9,0.02,790,703100,买盘,2017-06-28,2017-06-28 09:32:51
09:32:54,09:32:54,8.9,--,397,353330,卖盘,2017-06-28,2017-06-28 09:32:54
09:32:57,09:32:57,8.9,--,224,199360,卖盘,2017-06-28,2017-06-28 09:32:57
09:33:00,09:33:00,8.89,-0.01,426,378714,卖盘,2017-06-28,2017-06-28 09:33:00
09:33:03,09:33:03,8.87,-0.02,1099,974812,卖盘,2017-06-28,2017-06-28 09:33:03
09:33:06,09:33:06,8.9,0.03,560,498400,买盘,2017-06-28,2017-06-28 09:33:06
09:33:09,09:33:09,8.9,--,661,588290,买盘,2017-06-28,2017-06-28 09:33:09
09:33:12,09:33:12,8.9,--,206,183340,买盘,2017-06-28,2017-06-28 09:33:12
09:33:15,09:33:15,8.89,-0.01,1012,899668,卖盘,2017-06-28,2017-06-28 09:33:15
09:33:18,09:33:18,8.9,0.01,1194,1062660,买盘,2017-06-28,2017-06-28 09:33:18
09:33:21,09:33:21,8.87,-0.03,432,383183,中性盘,2017-06-28,2017-06-28 09:33:21
09:33:24,09:33:24,8.9,0.03,3594,3198660,买盘,2017-06-28,2017-06-28 09:33:24
09:33:27,09:33:27,8.9,--,586,521540,卖盘,2017-06-28,2017-06-28 09:33:27
09:33:30,09:33:30,8.9,--,346,307940,卖盘,2017-06-28,2017-06-28 09:33:30
09:33:33,09:33:33,8.9,--,1304,1160560,卖盘,2017-06-28,2017-06-28 09:33:33
09:33:36,09:33:36,8.9,--,413,367570,买盘,2017-06-28,2017-06-28 09:33:36
09:33:39,09:33:39,8.9,--,949,844610,买盘,2017-06-28,2017-06-28 09:33:39
09:33:42,09:33:42,8.89,-0.01,1004,892556,中性盘,2017-06-28,2017-06-28 09:33:42
09:33:45,09:33:45,8.88,-0.01,187,166056,中性盘,2017-06-28,2017-06-28 09:33:45
09:33:48,09:33:48,8.87,-0.01,954,846197,卖盘,2017-06-28,2017-06-28 09:33:48
09:33:51,09:33:51,8.86,-0.01,334,295924,卖盘,2017-06-28,2017-06-28 09:33:51
09:33:54,09:33:54,8.85,-0.01,2250,1991250,卖盘,2017-06-28,2017-06-28 09:33:54
09:33:57,09:33:57,8.86,0.01,931,824866,买盘,2017-06-28,2017-06-28 09:33:57
09:34:00,09:34:00,8.85,-0.01,469,415065,中性盘,2017-06-28,2017-06-28 09:34:00
09:34:03,09:34:03,8.83,-0.02,515,454745,卖盘,2017-06-28,2017-06-28 09:34:03
09:34:06,09:34:06,8.83,--,245,216335,卖盘,2017-06-28,2017-06-28 09:34:06
09:34:09,09:34:09,8.84,0.01,177,156468,买盘,2017-06-28,2017-06-28 09:34:09
09:34:12,09:34:12,8.83,-0.01,252,222516,卖盘,2017-06-28,2017-06-28 09:34:12
09:34:15,09:34:15,8.81,-0.02,483,425523,卖盘,2017-06-28,2017-06-28 09:34:15
09:34:18,09:34:18,8.81,--,397,349757,卖盘,2017-06-28,2017-06-28 09:34:18
09:34:21,09:34:21,8.82,0.01,1012,892584,买盘,2017-06-28,2017-06-28 09:34:21
09:34:24,09:34:24,8.8,-0.02,925,814000,卖盘,2017-06-28,2017-06-28 09:34:24
09:34:27,09:34:27,8.81,0.01,653,575293,买盘,2017-06-28,2017-06-28 09:34:27
09:34:30,09:34:30,8.8,-0.01,938,825440,卖盘,2017-06-28,2017-06-28 09:34:30
09:34:33,09:34:33,8.8,--,728,640640,卖盘,2017-06-28,2017-06-28 09:34:33
09:34:36,09:34:36,8.8,--,574,505120,卖盘,2017-06-28,2017-06-28 09:34:36
09:34:39,09:34:39,8.82,0.02,913,805266,买盘,2017-06-28,2017-06-28 09:34:39
09:34:42,09:34:42,8.8,-0.02,705,620400,卖盘,2017-06-28,2017-06-28 09:34:42
09:34:45,09:34:45,8.78,-0.02,1501,1317878,卖盘,2017-06-28,2017-06-28 09:34:45
09:34:48,09:34:48,8.8,0.02,79,69520,买盘,2017-06-28,2017-06-28 09:34:48
09:34:51,09:34:51,8.77,-0.03,274,240298,卖盘,2017-06-28,2017-06-28 09:34:51
09:34:54,09:34:54,8.78,0.01,334,293252,中性盘,2017-06-28,2017-06-28 09:34:54
09:34:57,09:34:57,8.77,-0.01,191,167507,卖盘,2017-06-28,2017-06-28 09:34:57
09:35:00,09:35:00,8.77,--,333,292041,卖盘,2017-06-28,2017-06-28 09:35:00
09:35:03,09:35:03,8.78,0.01,925,812149,买盘,2017-06-28,2017-06-28 09:35:03
09:35:06,09:35:06,8.78,--,695,610210,买盘,2017-06-28,2017-06-28 09:35:06
09:35:09,09:35:09,8.78,--,6972,6121416,卖盘,2017-06-28,2017-06-28 09:35:09
09:35:12,09:35:12,8.8,0.02,1277,1123760,买盘,2017-06-28,2017-06-28 09:35:12
09:35:15,09:35:15,8.78,-0.02,891,782298,卖盘,2017-06-28,2017-06-28 09:35:15
09:35:18,09:35:18,8.79,0.01,608,534432,买盘,2017-06-28,2017-06-28 09:35:18
09:35:21,09:35:21,8.8,0.01,793,697840,买盘,2017-06-28,2017-06-28 09:35:21
09:35:24,09:35:24,8.78,-0.02,208,182624,卖盘,2017-06-28,2017-06-28 09:35:24
09:35:27,09:35:27,8.8,0.02,946,832480,买盘,2017-06-28,2017-06-28 09:35:27
09:35:30,09:35:30,8.8,--,560,492800,卖盘,2017-06-28,2017-06-28 09:35:30
09:35:33,09:35:33,8.81,0.01,374,329494,买盘,2017-06-28,2017-06-28 09:35:33
09:35:36,09:35:36,8.8,-0.01,678,596640,卖盘,2017-06-28,2017-06-28 09:35:36
09:35:39,09:35:39,8.82,0.02,623,549486,买盘,2017-06-28,2017-06-28 09:35:39
09:35:42,09:35:42,8.83,0.01,94,83002,买盘,2017-06-28,2017-06-28 09:35:42
09:35:45,09:35:45,8.82,-0.01,457,403074,卖盘,2017-06-28,2017-06-28 09:35:45
09:35:48,09:35:48,8.82,--,1117,985194,买盘,2017-06-28,2017-06-28 09:35:48
09:35:51,09:35:51,8.82,--,701,618282,买盘,2017-06-28,2017-06-28 09:35:51
09:35:54,09:35:54,8.81,-0.01,245,215845,中性盘,2017-06-28,2017-06-28 09:35:54
09:35:57,09:35:57,8.82,0.01,377,332514,买盘,2017-06-28,2017-06-28 09:35:57
09:36:00,09:36:00,8.82,--,1047,923454,买盘,2017-06-28,2017-06-28 09:36:00
09:36:03,09:36:03,8.8,-0.02,118,103840,卖盘,2017-06-28,2017-06-28 09:36:03
09:36:06,09:36:06,8.79,-0.01,912,801647,卖盘,2017-06-28,2017-06-28 09:36:06
09:36:09,09:36:09,8.81,0.02,1741,1533821,中性盘,2017-06-28,2017-06-28 09:36:09
09:36:12,09:36:12,8.81,--,454,399974,买盘,2017-06-28,2017-06-28 09:36:12
09:36:15,09:36:15,8.83,0.02,903,797349,买盘,2017-06-28,2017-06-28 09:36:15
09:36:18,09:36:18,8.83,--,1952,1723616,卖盘,2017-06-28,2017-06-28 09:36:18
09:36:21,09:36:21,8.83,--,282,249006,卖盘,2017-06-28,2017-06-28 09:36:21
09:36:24,09:36:24,8.84,0.01,1022,903448,买盘,2017-06-28,2017-06-28 09:36:24
09:36:27,09:36:27,8.84,--,150,132600,买盘,2017-06-28,2017-06-28 09:36:27
09:36:30,09:36:30,8.84,--,399,352716,买盘,2017-06-28,2017-06-28 09:36:30
09:36:33,09:36:33,8.84,--,324,286416,买盘,2017-06-28,2017-06-28 09:36:33
09:36:36,09:36:36,8.8,-0.04,413,363440,中性盘,2017-06-28,2017-06-28 09:36:36
09:36:39,09:36:39,8.83,0.03,332,293156,买盘,2017-06-28,2017-06-28 09:36:39
09:36:42,09:36:42,8.81,-0.02,84,74004,卖盘,2017-06-28,2017-06-28 09:36:42
09:36:45,09:36:45,8.81,--,238,209678,卖盘,2017-06-28,2017-06-28 09:36:45
09:36:48,09:36:48,8.82,0.01,287,253134,中性盘,2017-06-28,2017-06-28 09:36:48
09:36:51,09:36:51,8.81,-0.01,362,318922,卖盘,2017-06-28,2017-06-28 09:36:51
09:36:54,09:36:54,8.81,--,485,427285,卖盘,2017-06-28,2017-06-28 09:36:54
09:36:57,09:36:57,8.83,0.02,157,138631,买盘,2017-06-28,2017-06-28 09:36:57
09:37:00,09:37:00,8.82,-0.01,221,194922,买盘,2017-06-28,2017-06-28 09:37:00
09:37:03,09:37:03,8.8,-0.02,1163,1023440,卖盘,2017-06-28,2017-06-28 09:37:03
09:37:06,09:37:06,8.8,--,488,429440,买盘,2017-06-28,2017-06-28 09:37:06
09:37:09,09:37:09,8.8,--,497,437360,买盘,2017-06-28,2017-06-28 09:37:09
09:37:12,09:37:12,8.8,--,174,153120,买盘,2017-06-28,2017-06-28 09:37:12
09:37:15,09:37:15,8.79,-0.01,250,219749,卖盘,2017-06-28,2017-06-28 09:37:15
09:37:18,09:37:18,8.78,-0.01,266,233547,卖盘,2017-06-28,2017-06-28 09:37:18
09:37:21,09:37:21,8.79,0.01,286,251393,买盘,2017-06-28,2017-06-28 09:37:21
09:37:24,09:37:24,8.78,-0.01,250,219499,卖盘,2017-06-28,2017-06-28 09:37:24
09:37:27,09:37:27,8.76,-0.02,618,541368,卖盘,2017-06-28,2017-06-28 09:37:27
09:37:30,09:37:30,8.76,--,229,200604,卖盘,2017-06-28,2017-06-28 09:37:30
09:37:33,09:37:33,8.77,0.01,123,107871,买盘,2017-06-28,2017-06-28 09:37:33
09:37:36,09:37:36,8.76,-0.01,38,33288,中性盘,2017-06-28,2017-06-28 09:37:36
09:37:39,09:37:39,8.76,--,1076,942576,买盘,2017-06-28,2017-06-28 09:37:39
09:37:42,09:37:42,8.77,0.01,474,415698,买盘,2017-06-28,2017-06-28 09:37:42
09:37:45,09:37:45,8.76,-0.01,773,677148,卖盘,2017-06-28,2017-06-28 09:37:45
09:37:48,09:37:48,8.76,--,891,780516,卖盘,2017-06-28,2017-06-28 09:37:48
09:37:51,09:37:51,8.78,0.02,355,311690,买盘,2017-06-28,2017-06-28 09:37:51
09:37:54,09:37:54,8.78,--,1590,1396020,买盘,2017-06-28,2017-06-28 09:37:54
09:37:57,09:37:57,8.79,0.01,846,743633,买盘,2017-06-28,2017-06-28 09:37:57
09:38:00,09:38:00,8.78,-0.01,278,244083,卖盘,2017-06-28,2017-06-28 09:38:00
09:38:03,09:38:03,8.8,0.02,40,35200,买盘,2017-06-28,2017-06-28 09:38:03
09:38:06,09:38:06,8.8,--,2015,1773200,买盘,2017-06-28,2017-06-28 09:38:06
09:38:09,09:38:09,8.79,-0.01,640,562560,卖盘,2017-06-28,2017-06-28 09:38:09
09:38:12,09:38:12,8.81,0.02,262,230822,买盘,2017-06-28,2017-06-28 09:38:12
09:38:15,09:38:15,8.82,0.01,407,358974,买盘,2017-06-28,2017-06-28 09:38:15
09:38:18,09:38:18,8.83,0.01,38,33554,买盘,2017-06-28,2017-06-28 09:38:18
09:38:21,09:38:21,8.83,--,1930,1704190,买盘,2017-06-28,2017-06-28 09:38:21
09:38:24,09:38:24,8.83,--,169,149227,卖盘,2017-06-28,2017-06-28 09:38:24
09:38:27,09:38:27,8.83,--,178,157174,卖盘,2017-06-28,2017-06-28 09:38:27
09:38:30,09:38:30,8.87,0.04,169,149903,买盘,2017-06-28,2017-06-28 09:38:30
09:38:33,09:38:33,8.87,--,261,231506,买盘,2017-06-28,2017-06-28 09:38:33
09:38:36,09:38:36,8.87,--,262,232393,买盘,2017-06-28,2017-06-28 09:38:36
09:38:39,09:38:39,8.87,--,366,324642,买盘,2017-06-28,2017-06-28 09:38:39
09:38:42,09:38:42,8.87,--,2308,2047639,买盘,2017-06-28,2017-06-28 09:38:42
09:38:45,09:38:45,8.89,0.02,540,480060,买盘,2017-06-28,2017-06-28 09:38:45
09:38:48,09:38:48,8.89,--,119,105791,买盘,2017-06-28,2017-06-28 09:38:48
09:38:51,09:38:51,8.9,0.01,344,306160,买盘,2017-06-28,2017-06-28 09:38:51
09:38:54,09:38:54,8.89,-0.01,328,291592,卖盘,2017-06-28,2017-06-28 09:38:54
09:38:57,09:38:57,8.89,--,432,384048,买盘,2017-06-28,2017-06-28 09:38:57
09:39:00,09:39:00,8.89,--,691,614299,买盘,2017-06-28,2017-06-28 09:39:00
09:39:03,09:39:03,8.89,--,725,644525,买盘,2017-06-28,2017-06-28 09:39:03
09:39:06,09:39:06,8.89,--,453,402717,卖盘,2017-06-28,2017-06-28 09:39:06
09:39:09,09:39:09,8.89,--,344,305816,卖盘,2017-06-28,2017-06-28 09:39:09
09:39:12,09:39:12,8.88,-0.01,734,651792,卖盘,2017-06-28,2017-06-28 09:39:12
09:39:15,09:39:15,8.88,--,903,801864,买盘,2017-06-28,2017-06-28 09:39:15
09:39:18,09:39:18,8.88,--,419,372072,买盘,2017-06-28,2017-06-28 09:39:18
09:39:21,09:39:21,8.89,0.01,636,565404,买盘,2017-06-28,2017-06-28 09:39:21
09:39:24,09:39:24,8.88,-0.01,466,413808,卖盘,2017-06-28,2017-06-28 09:39:24
09:39:27,09:39:27,8.87,-0.01,634,562801,卖盘,2017-06-28,2017-06-28 09:39:27
09:39:30,09:39:30,8.85,-0.02,186,164610,中性盘,2017-06-28,2017-06-28 09:39:30
09:39:33,09:39:33,8.84,-0.01,581,513604,卖盘,2017-06-28,2017-06-28 09:39:33
09:39:36,09:39:36,8.85,0.01,381,337185,买盘,2017-06-28,2017-06-28 09:39:36
09:39:39,09:39:39,8.85,--,421,372585,卖盘,2017-06-28,2017-06-28 09:39:39
09:39:42,09:39:42,8.81,-0.04,1767,1556727,卖盘,2017-06-28,2017-06-28 09:39:42
09:39:45,09:39:45,8.83,0.02,300,264900,买盘,2017-06-28,2017-06-28 09:39:45
09:39:48,09:39:48,8.84,0.01,92,81328,买盘,2017-06-28,2017-06-28 09:39:48
09:39:51,09:39:51,8.85,0.01,248,219480,买盘,2017-06-28,2017-06-28 09:39:51
09:39:54,09:39:54,8.84,-0.01,33,29172,中性盘,2017-06-28,2017-06-28 09:39:54
09:39:57,09:39:57,8.84,--,64,56576,买盘,2017-06-28,2017-06-28 09:39:57
09:40:00,09:40:00,8.81,-0.03,233,205273,卖盘,2017-06-28,2017-06-28 09:40:00
09:40:03,09:40:03,8.81,--,251,221131,卖盘,2017-06-28,2017-06-28 09:40:03
09:40:06,09:40:06,8.83,0.02,108,95364,买盘,2017-06-28,2017-06-28 09:40:06
09:40:09,09:40:09,8.82,-0.01,200,176400,卖盘,2017-06-28,2017-06-28 09:40:09
09:40:12,09:40:12,8.83,0.01,112,98896,买盘,2017-06-28,2017-06-28 09:40:12
09:40:15,09:40:15,8.82,-0.01,337,297234,卖盘,2017-06-28,2017-06-28 09:40:15
09:40:18,09:40:18,8.85,0.03,185,163725,买盘,2017-06-28,2017-06-28 09:40:18
09:40:21,09:40:21,8.84,-0.01,57,50388,卖盘,2017-06-28,2017-06-28 09:40:21
09:40:24,09:40:24,8.83,-0.01,458,404414,卖盘,2017-06-28,2017-06-28 09:40:24
09:40:27,09:40:27,8.81,-0.02,932,821092,卖盘,2017-06-28,2017-06-28 09:40:27
09:40:30,09:40:30,8.84,0.03,91,80444,买盘,2017-06-28,2017-06-28 09:40:30
09:40:33,09:40:33,8.84,--,393,347412,买盘,2017-06-28,2017-06-28 09:40:33
09:40:36,09:40:36,8.84,--,256,226304,买盘,2017-06-28,2017-06-28 09:40:36
09:40:39,09:40:39,8.83,-0.01,121,106843,卖盘,2017-06-28,2017-06-28 09:40:39
09:40:42,09:40:42,8.85,0.02,378,334530,买盘,2017-06-28,2017-06-28 09:40:42
09:40:45,09:40:45,8.84,-0.01,141,124644,中性盘,2017-06-28,2017-06-28 09:40:45
09:40:48,09:40:48,8.85,0.01,97,85845,买盘,2017-06-28,2017-06-28 09:40:48
09:40:51,09:40:51,8.83,-0.02,68,60044,卖盘,2017-06-28,2017-06-28 09:40:51
09:40:54,09:40:54,8.84,0.01,348,307632,中性盘,2017-06-28,2017-06-28 09:40:54
09:40:57,09:40:57,8.84,--,51,45084,卖盘,2017-06-28,2017-06-28 09:40:57
09:41:00,09:41:00,8.85,0.01,433,383205,买盘,2017-06-28,2017-06-28 09:41:00
09:41:03,09:41:03,8.83,-0.02,350,309050,卖盘,2017-06-28,2017-06-28 09:41:03
09:41:06,09:41:06,8.85,0.02,424,375240,买盘,2017-06-28,2017-06-28 09:41:06
09:41:09,09:41:09,8.85,--,104,92040,卖盘,2017-06-28,2017-06-28 09:41:09
09:41:12,09:41:12,8.84,-0.01,287,253708,卖盘,2017-06-28,2017-06-28 09:41:12
09:41:15,09:41:15,8.84,--,25,22100,买盘,2017-06-28,2017-06-28 09:41:15
09:41:18,09:41:18,8.84,--,140,123760,买盘,2017-06-28,2017-06-28 09:41:18
09:41:21,09:41:21,8.84,--,914,807976,买盘,2017-06-28,2017-06-28 09:41:21
09:41:24,09:41:24,8.83,-0.01,230,203090,卖盘,2017-06-28,2017-06-28 09:41:24
09:41:27,09:41:27,8.84,0.01,268,236912,买盘,2017-06-28,2017-06-28 09:41:27
09:41:30,09:41:30,8.84,--,114,100776,买盘,2017-06-28,2017-06-28 09:41:30
09:41:33,09:41:33,8.84,--,61,53924,卖盘,2017-06-28,2017-06-28 09:41:33
09:41:36,09:41:36,8.83,-0.01,222,196026,卖盘,2017-06-28,2017-06-28 09:41:36
09:41:39,09:41:39,8.84,0.01,152,134368,中性盘,2017-06-28,2017-06-28 09:41:39
09:41:42,09:41:42,8.83,-0.01,101,89183,卖盘,2017-06-28,2017-06-28 09:41:42
09:41:45,09:41:45,8.82,-0.01,323,284886,卖盘,2017-06-28,2017-06-28 09:41:45
09:41:48,09:41:48,8.82,--,469,413658,买盘,2017-06-28,2017-06-28 09:41:48
09:41:51,09:41:51,8.82,--,65,57330,买盘,2017-06-28,2017-06-28 09:41:51
09:41:54,09:41:54,8.81,-0.01,6,5286,买盘,2017-06-28,2017-06-28 09:41:54
09:41:57,09:41:57,8.81,--,291,256371,买盘,2017-06-28,2017-06-28 09:41:57
09:42:00,09:42:00,8.81,--,245,215845,卖盘,2017-06-28,2017-06-28 09:42:00
09:42:03,09:42:03,8.81,--,401,353281,卖盘,2017-06-28,2017-06-28 09:42:03
09:42:06,09:42:06,8.8,-0.01,118,103840,卖盘,2017-06-28,2017-06-28 09:42:06
09:42:09,09:42:09,8.78,-0.02,272,238815,卖盘,2017-06-28,2017-06-28 09:42:09
09:42:12,09:42:12,8.8,0.02,239,210320,买盘,2017-06-28,2017-06-28 09:42:12
09:42:15,09:42:15,8.8,--,346,304480,买盘,2017-06-28,2017-06-28 09:42:15
09:42:18,09:42:18,8.79,-0.01,144,126575,中性盘,2017-06-28,2017-06-28 09:42:18
09:42:21,09:42:21,8.77,-0.02,63,55251,卖盘,2017-06-28,2017-06-28 09:42:21
09:42:24,09:42:24,8.78,0.01,122,107115,买盘,2017-06-28,2017-06-28 09:42:24
09:42:27,09:42:27,8.78,--,409,359102,卖盘,2017-06-28,2017-06-28 09:42:27
09:42:30,09:42:30,8.77,-0.01,180,157860,卖盘,2017-06-28,2017-06-28 09:42:30
09:42:33,09:42:33,8.77,--,181,158737,买盘,2017-06-28,2017-06-28 09:42:33
09:42:36,09:42:36,8.77,--,130,114010,买盘,2017-06-28,2017-06-28 09:42:36
09:42:39,09:42:39,8.77,--,232,203464,买盘,2017-06-28,2017-06-28 09:42:39
09:42:42,09:42:42,8.77,--,1098,962946,卖盘,2017-06-28,2017-06-28 09:42:42
09:42:45,09:42:45,8.76,-0.01,357,312732,卖盘,2017-06-28,2017-06-28 09:42:45
09:42:48,09:42:48,8.75,-0.01,250,218750,卖盘,2017-06-28,2017-06-28 09:42:48
09:42:51,09:42:51,8.77,0.02,177,155229,买盘,2017-06-28,2017-06-28 09:42:51
09:42:54,09:42:54,8.77,--,522,457794,买盘,2017-06-28,2017-06-28 09:42:54
09:42:57,09:42:57,8.77,--,222,194694,买盘,2017-06-28,2017-06-28 09:42:57
09:43:00,09:43:00,8.77,--,308,270116,卖盘,2017-06-28,2017-06-28 09:43:00
09:43:03,09:43:03,8.76,-0.01,586,513336,卖盘,2017-06-28,2017-06-28 09:43:03
09:43:06,09:43:06,8.77,0.01,160,140320,买盘,2017-06-28,2017-06-28 09:43:06
09:43:09,09:43:09,8.77,--,158,138566,卖盘,2017-06-28,2017-06-28 09:43:09
09:43:12,09:43:12,8.77,--,187,163999,买盘,2017-06-28,2017-06-28 09:43:12
09:43:15,09:43:15,8.78,0.01,366,321348,买盘,2017-06-28,2017-06-28 09:43:15
09:43:18,09:43:18,8.78,--,187,164186,卖盘,2017-06-28,2017-06-28 09:43:18
09:43:21,09:43:21,8.79,0.01,186,163493,中性盘,2017-06-28,2017-06-28 09:43:21
09:43:24,09:43:24,8.8,0.01,141,124080,买盘,2017-06-28,2017-06-28 09:43:24
09:43:27,09:43:27,8.79,-0.01,65,57134,卖盘,2017-06-28,2017-06-28 09:43:27
09:43:30,09:43:30,8.81,0.02,471,414951,买盘,2017-06-28,2017-06-28 09:43:30
09:43:33,09:43:33,8.8,-0.01,328,288640,卖盘,2017-06-28,2017-06-28 09:43:33
09:43:36,09:43:36,8.8,--,133,117040,卖盘,2017-06-28,2017-06-28 09:43:36
09:43:39,09:43:39,8.8,--,191,168080,卖盘,2017-06-28,2017-06-28 09:43:39
09:43:42,09:43:42,8.83,0.03,362,319646,买盘,2017-06-28,2017-06-28 09:43:42
09:43:45,09:43:45,8.8,-0.03,596,524480,卖盘,2017-06-28,2017-06-28 09:43:45
09:43:48,09:43:48,8.8,--,127,111760,卖盘,2017-06-28,2017-06-28 09:43:48
09:43:51,09:43:51,8.83,0.03,178,157174,买盘,2017-06-28,2017-06-28 09:43:51
09:43:54,09:43:54,8.83,--,250,220750,买盘,2017-06-28,2017-06-28 09:43:54
09:43:57,09:43:57,8.81,-0.02,720,634320,卖盘,2017-06-28,2017-06-28 09:43:57
09:44:00,09:44:00,8.83,0.02,135,119205,买盘,2017-06-28,2017-06-28 09:44:00
09:44:03,09:44:03,8.82,-0.01,550,485100,买盘,2017-06-28,2017-06-28 09:44:03
09:44:06,09:44:06,8.81,-0.01,59,51979,中性盘,2017-06-28,2017-06-28 09:44:06
09:44:09,09:44:09,8.82,0.01,288,254016,买盘,2017-06-28,2017-06-28 09:44:09
09:44:12,09:44:12,8.82,--,525,463050,卖盘,2017-06-28,2017-06-28 09:44:12
09:44:15,09:44:15,8.81,-0.01,419,369139,卖盘,2017-06-28,2017-06-28 09:44:15
09:44:18,09:44:18,8.8,-0.01,269,236720,卖盘,2017-06-28,2017-06-28 09:44:18
09:44:21,09:44:21,8.8,--,430,378400,买盘,2017-06-28,2017-06-28 09:44:21
09:44:24,09:44:24,8.79,-0.01,73,64166,卖盘,2017-06-28,2017-06-28 09:44:24
09:44:27,09:44:27,8.8,0.01,1230,1082400,买盘,2017-06-28,2017-06-28 09:44:27
09:44:30,09:44:30,8.8,--,301,264880,买盘,2017-06-28,2017-06-28 09:44:30
09:44:33,09:44:33,8.77,-0.03,661,579697,卖盘,2017-06-28,2017-06-28 09:44:33
09:44:36,09:44:36,8.78,0.01,569,499581,买盘,2017-06-28,2017-06-28 09:44:36
09:44:39,09:44:39,8.78,--,57,50045,买盘,2017-06-28,2017-06-28 09:44:39
09:44:42,09:44:42,8.77,-0.01,293,256961,卖盘,2017-06-28,2017-06-28 09:44:42
09:44:45,09:44:45,8.78,0.01,59,51801,买盘,2017-06-28,2017-06-28 09:44:45
09:44:48,09:44:48,8.78,--,350,307300,买盘,2017-06-28,2017-06-28 09:44:48
09:44:51,09:44:51,8.77,-0.01,277,242929,卖盘,2017-06-28,2017-06-28 09:44:51
09:44:54,09:44:54,8.77,--,315,276255,买盘,2017-06-28,2017-06-28 09:44:54
09:44:57,09:44:57,8.73,-0.04,3599,3141927,卖盘,2017-06-28,2017-06-28 09:44:57
09:45:00,09:45:00,8.74,0.01,239,208886,买盘,2017-06-28,2017-06-28 09:45:00
09:45:03,09:45:03,8.74,--,124,108376,买盘,2017-06-28,2017-06-28 09:45:03
09:45:06,09:45:06,8.73,-0.01,544,474912,卖盘,2017-06-28,2017-06-28 09:45:06
09:45:09,09:45:09,8.73,--,614,536022,卖盘,2017-06-28,2017-06-28 09:45:09
09:45:12,09:45:12,8.74,0.01,346,302404,买盘,2017-06-28,2017-06-28 09:45:12
09:45:15,09:45:15,8.71,-0.03,1680,1463280,卖盘,2017-06-28,2017-06-28 09:45:15
09:45:18,09:45:18,8.71,--,374,325754,卖盘,2017-06-28,2017-06-28 09:45:18
09:45:21,09:45:21,8.71,--,364,317044,卖盘,2017-06-28,2017-06-28 09:45:21
09:45:24,09:45:24,8.73,0.02,349,304677,买盘,2017-06-28,2017-06-28 09:45:24
09:45:27,09:45:27,8.72,-0.01,237,206664,卖盘,2017-06-28,2017-06-28 09:45:27
09:45:30,09:45:30,8.71,-0.01,447,389337,卖盘,2017-06-28,2017-06-28 09:45:30
09:45:33,09:45:33,8.71,--,425,370175,卖盘,2017-06-28,2017-06-28 09:45:33
09:45:36,09:45:36,8.72,0.01,714,622608,买盘,2017-06-28,2017-06-28 09:45:36
09:45:39,09:45:39,8.73,0.01,304,265392,买盘,2017-06-28,2017-06-28 09:45:39
09:45:42,09:45:42,8.72,-0.01,354,308688,卖盘,2017-06-28,2017-06-28 09:45:42
09:45:45,09:45:45,8.72,--,607,529304,卖盘,2017-06-28,2017-06-28 09:45:45
09:45:48,09:45:48,8.72,--,511,445592,卖盘,2017-06-28,2017-06-28 09:45:48
09:45:51,09:45:51,8.72,--,591,515352,买盘,2017-06-28,2017-06-28 09:45:51
09:45:54,09:45:54,8.73,0.01,773,674829,买盘,2017-06-28,2017-06-28 09:45:54
09:45:57,09:45:57,8.76,0.03,1900,1664400,买盘,2017-06-28,2017-06-28 09:45:57
09:46:00,09:46:00,8.73,-0.03,334,291582,卖盘,2017-06-28,2017-06-28 09:46:00
09:46:03,09:46:03,8.73,--,218,190314,卖盘,2017-06-28,2017-06-28 09:46:03
09:46:06,09:46:06,8.73,--,357,311661,卖盘,2017-06-28,2017-06-28 09:46:06
09:46:09,09:46:09,8.76,0.03,192,168192,买盘,2017-06-28,2017-06-28 09:46:09
09:46:12,09:46:12,8.73,-0.03,415,362295,卖盘,2017-06-28,2017-06-28 09:46:12
09:46:15,09:46:15,8.73,--,153,133569,卖盘,2017-06-28,2017-06-28 09:46:15
09:46:18,09:46:18,8.73,--,166,144918,卖盘,2017-06-28,2017-06-28 09:46:18
09:46:21,09:46:21,8.74,0.01,509,444866,中性盘,2017-06-28,2017-06-28 09:46:21
09:46:24,09:46:24,8.76,0.02,425,372300,买盘,2017-06-28,2017-06-28 09:46:24
09:46:27,09:46:27,8.74,-0.02,179,156446,卖盘,2017-06-28,2017-06-28 09:46:27
09:46:30,09:46:30,8.75,0.01,246,215250,买盘,2017-06-28,2017-06-28 09:46:30
09:46:33,09:46:33,8.76,0.01,151,132276,买盘,2017-06-28,2017-06-28 09:46:33
09:46:36,09:46:36,8.76,--,390,341640,卖盘,2017-06-28,2017-06-28 09:46:36
09:46:39,09:46:39,8.75,-0.01,134,117250,卖盘,2017-06-28,2017-06-28 09:46:39
09:46:42,09:46:42,8.75,--,322,281750,卖盘,2017-06-28,2017-06-28 09:46:42
09:46:45,09:46:45,8.75,--,52,45500,卖盘,2017-06-28,2017-06-28 09:46:45
09:46:48,09:46:48,8.75,--,271,237125,卖盘,2017-06-28,2017-06-28 09:46:48
09:46:51,09:46:51,8.75,--,160,140000,买盘,2017-06-28,2017-06-28 09:46:51
09:46:54,09:46:54,8.74,-0.01,70,61180,卖盘,2017-06-28,2017-06-28 09:46:54
09:46:57,09:46:57,8.75,0.01,384,336000,买盘,2017-06-28,2017-06-28 09:46:57
09:47:00,09:47:00,8.75,--,286,250250,买盘,2017-06-28,2017-06-28 09:47:00
09:47:03,09:47:03,8.75,--,1755,1535625,买盘,2017-06-28,2017-06-28 09:47:03
09:47:06,09:47:06,8.74,-0.01,252,220248,卖盘,2017-06-28,2017-06-28 09:47:06
09:47:09,09:47:09,8.74,--,312,272688,卖盘,2017-06-28,2017-06-28 09:47:09
09:47:12,09:47:12,8.74,--,1213,1060162,卖盘,2017-06-28,2017-06-28 09:47:12
09:47:15,09:47:15,8.74,--,32,27968,买盘,2017-06-28,2017-06-28 09:47:15
09:47:18,09:47:18,8.74,--,2111,1845014,买盘,2017-06-28,2017-06-28 09:47:18
09:47:21,09:47:21,8.73,-0.01,522,455706,中性盘,2017-06-28,2017-06-28 09:47:21
09:47:24,09:47:24,8.72,-0.01,548,477856,卖盘,2017-06-28,2017-06-28 09:47:24
09:47:27,09:47:27,8.7,-0.02,245,213149,卖盘,2017-06-28,2017-06-28 09:47:27
09:47:30,09:47:30,8.69,-0.01,1879,1632851,卖盘,2017-06-28,2017-06-28 09:47:30
09:47:33,09:47:33,8.71,0.02,485,422435,买盘,2017-06-28,2017-06-28 09:47:33
09:47:36,09:47:36,8.71,--,312,271752,卖盘,2017-06-28,2017-06-28 09:47:36
09:47:39,09:47:39,8.7,-0.01,319,277530,卖盘,2017-06-28,2017-06-28 09:47:39
09:47:42,09:47:42,8.71,0.01,380,330980,买盘,2017-06-28,2017-06-28 09:47:42
09:47:45,09:47:45,8.7,-0.01,659,573330,卖盘,2017-06-28,2017-06-28 09:47:45
09:47:48,09:47:48,8.7,--,197,171390,卖盘,2017-06-28,2017-06-28 09:47:48
09:47:51,09:47:51,8.71,0.01,672,585312,买盘,2017-06-28,2017-06-28 09:47:51
09:47:54,09:47:54,8.71,--,1453,1265563,买盘,2017-06-28,2017-06-28 09:47:54
09:47:57,09:47:57,8.7,-0.01,894,777779,卖盘,2017-06-28,2017-06-28 09:47:57
09:48:00,09:48:00,8.71,0.01,381,331851,中性盘,2017-06-28,2017-06-28 09:48:00
09:48:03,09:48:03,8.66,-0.05,3880,3360080,卖盘,2017-06-28,2017-06-28 09:48:03
09:48:06,09:48:06,8.7,0.04,685,596176,买盘,2017-06-28,2017-06-28 09:48:06
09:48:09,09:48:09,8.71,0.01,255,222749,买盘,2017-06-28,2017-06-28 09:48:09
09:48:12,09:48:12,8.66,-0.05,86,74476,卖盘,2017-06-28,2017-06-28 09:48:12
09:48:15,09:48:15,8.69,0.03,74,64305,中性盘,2017-06-28,2017-06-28 09:48:15
09:48:18,09:48:18,8.69,--,23,19987,买盘,2017-06-28,2017-06-28 09:48:18
09:48:21,09:48:21,8.69,--,330,286770,买盘,2017-06-28,2017-06-28 09:48:21
09:48:24,09:48:24,8.68,-0.01,126,109368,卖盘,2017-06-28,2017-06-28 09:48:24
09:48:27,09:48:27,8.7,0.02,587,510689,买盘,2017-06-28,2017-06-28 09:48:27
09:48:30,09:48:30,8.69,-0.01,915,795135,中性盘,2017-06-28,2017-06-28 09:48:30
09:48:33,09:48:33,8.68,-0.01,330,286440,卖盘,2017-06-28,2017-06-28 09:48:33
09:48:36,09:48:36,8.69,0.01,738,641322,中性盘,2017-06-28,2017-06-28 09:48:36
09:48:39,09:48:39,8.7,0.01,769,669030,买盘,2017-06-28,2017-06-28 09:48:39
09:48:42,09:48:42,8.71,0.01,270,235170,买盘,2017-06-28,2017-06-28 09:48:42
09:48:45,09:48:45,8.69,-0.02,224,194656,卖盘,2017-06-28,2017-06-28 09:48:45
09:48:48,09:48:48,8.71,0.02,1186,1033006,买盘,2017-06-28,2017-06-28 09:48:48
09:48:51,09:48:51,8.7,-0.01,135,117449,卖盘,2017-06-28,2017-06-28 09:48:51
09:48:54,09:48:54,8.71,0.01,1128,982488,买盘,2017-06-28,2017-06-28 09:48:54
09:48:57,09:48:57,8.71,--,762,663702,卖盘,2017-06-28,2017-06-28 09:48:57
09:49:00,09:49:00,8.74,0.03,1141,997234,买盘,2017-06-28,2017-06-28 09:49:00
09:49:03,09:49:03,8.73,-0.01,32,27936,卖盘,2017-06-28,2017-06-28 09:49:03
09:49:06,09:49:06,8.73,--,866,756018,卖盘,2017-06-28,2017-06-28 09:49:06
09:49:09,09:49:09,8.74,0.01,122,106628,买盘,2017-06-28,2017-06-28 09:49:09
09:49:12,09:49:12,8.74,--,446,390031,买盘,2017-06-28,2017-06-28 09:49:12
09:49:15,09:49:15,8.75,0.01,282,246750,买盘,2017-06-28,2017-06-28 09:49:15
09:49:18,09:49:18,8.75,--,250,218750,卖盘,2017-06-28,2017-06-28 09:49:18
09:49:21,09:49:21,8.75,--,25,21875,卖盘,2017-06-28,2017-06-28 09:49:21
09:49:24,09:49:24,8.76,0.01,70,61320,买盘,2017-06-28,2017-06-28 09:49:24
09:49:27,09:49:27,8.76,--,371,324996,买盘,2017-06-28,2017-06-28 09:49:27
09:49:30,09:49:30,8.76,--,168,147168,卖盘,2017-06-28,2017-06-28 09:49:30
09:49:33,09:49:33,8.76,--,63,55188,卖盘,2017-06-28,2017-06-28 09:49:33
09:49:36,09:49:36,8.77,0.01,84,73668,买盘,2017-06-28,2017-06-28 09:49:36
09:49:39,09:49:39,8.77,--,8,7016,卖盘,2017-06-28,2017-06-28 09:49:39
09:49:42,09:49:42,8.77,--,225,197325,卖盘,2017-06-28,2017-06-28 09:49:42
09:49:45,09:49:45,8.78,0.01,114,100091,买盘,2017-06-28,2017-06-28 09:49:45
09:49:48,09:49:48,8.79,0.01,546,479933,买盘,2017-06-28,2017-06-28 09:49:48
09:49:51,09:49:51,8.78,-0.01,18,15803,卖盘,2017-06-28,2017-06-28 09:49:51
09:49:54,09:49:54,8.78,--,282,247595,卖盘,2017-06-28,2017-06-28 09:49:54
09:49:57,09:49:57,8.78,--,167,146626,买盘,2017-06-28,2017-06-28 09:49:57
09:50:00,09:50:00,8.77,-0.01,56,49112,卖盘,2017-06-28,2017-06-28 09:50:00
09:50:03,09:50:03,8.78,0.01,646,567188,买盘,2017-06-28,2017-06-28 09:50:03
09:50:06,09:50:06,8.77,-0.01,36,31572,卖盘,2017-06-28,2017-06-28 09:50:06
09:50:09,09:50:09,8.77,--,334,292918,卖盘,2017-06-28,2017-06-28 09:50:09
09:50:12,09:50:12,8.77,--,265,232405,卖盘,2017-06-28,2017-06-28 09:50:12
09:50:15,09:50:15,8.76,-0.01,255,223380,卖盘,2017-06-28,2017-06-28 09:50:15
09:50:18,09:50:18,8.74,-0.02,74,64676,卖盘,2017-06-28,2017-06-28 09:50:18
09:50:21,09:50:21,8.72,-0.02,533,465421,卖盘,2017-06-28,2017-06-28 09:50:21
09:50:24,09:50:24,8.74,0.02,494,431756,买盘,2017-06-28,2017-06-28 09:50:24
09:50:27,09:50:27,8.73,-0.01,18,15714,中性盘,2017-06-28,2017-06-28 09:50:27
09:50:30,09:50:30,8.71,-0.02,283,246493,卖盘,2017-06-28,2017-06-28 09:50:30
09:50:33,09:50:33,8.72,0.01,37,32264,中性盘,2017-06-28,2017-06-28 09:50:33
09:50:36,09:50:36,8.72,--,354,308688,卖盘,2017-06-28,2017-06-28 09:50:36
09:50:39,09:50:39,8.74,0.02,12,10488,买盘,2017-06-28,2017-06-28 09:50:39
09:50:42,09:50:42,8.73,-0.01,64,55872,卖盘,2017-06-28,2017-06-28 09:50:42
09:50:45,09:50:45,8.73,--,148,129204,卖盘,2017-06-28,2017-06-28 09:50:45
09:50:48,09:50:48,8.74,0.01,163,142462,买盘,2017-06-28,2017-06-28 09:50:48
09:50:51,09:50:51,8.74,--,368,321632,买盘,2017-06-28,2017-06-28 09:50:51
09:50:54,09:50:54,8.74,--,315,275310,卖盘,2017-06-28,2017-06-28 09:50:54
09:50:57,09:50:57,8.74,--,178,155572,卖盘,2017-06-28,2017-06-28 09:50:57
09:51:00,09:51:00,8.75,0.01,114,99977,买盘,2017-06-28,2017-06-28 09:51:00
09:51:03,09:51:03,8.75,--,26,22750,卖盘,2017-06-28,2017-06-28 09:51:03
09:51:06,09:51:06,8.75,--,107,93625,卖盘,2017-06-28,2017-06-28 09:51:06
09:51:09,09:51:09,8.75,--,292,255500,卖盘,2017-06-28,2017-06-28 09:51:09
09:51:12,09:51:12,8.76,0.01,96,84096,买盘,2017-06-28,2017-06-28 09:51:12
09:51:15,09:51:15,8.76,--,374,327624,买盘,2017-06-28,2017-06-28 09:51:15
09:51:18,09:51:18,8.76,--,161,141036,卖盘,2017-06-28,2017-06-28 09:51:18
09:51:21,09:51:21,8.76,--,31,27156,卖盘,2017-06-28,2017-06-28 09:51:21
09:51:24,09:51:24,8.76,--,4,3504,卖盘,2017-06-28,2017-06-28 09:51:24
09:51:27,09:51:27,8.77,0.01,605,530585,买盘,2017-06-28,2017-06-28 09:51:27
09:51:30,09:51:30,8.76,-0.01,817,715692,卖盘,2017-06-28,2017-06-28 09:51:30
09:51:33,09:51:33,8.77,0.01,58,50866,卖盘,2017-06-28,2017-06-28 09:51:33
09:51:36,09:51:36,8.77,--,69,60513,卖盘,2017-06-28,2017-06-28 09:51:36
09:51:39,09:51:39,8.78,0.01,833,731374,买盘,2017-06-28,2017-06-28 09:51:39
09:51:42,09:51:42,8.77,-0.01,209,183293,卖盘,2017-06-28,2017-06-28 09:51:42
09:51:45,09:51:45,8.77,--,1317,1155009,卖盘,2017-06-28,2017-06-28 09:51:45
09:51:48,09:51:48,8.81,0.04,342,301302,买盘,2017-06-28,2017-06-28 09:51:48
09:51:51,09:51:51,8.78,-0.03,42,36876,中性盘,2017-06-28,2017-06-28 09:51:51
09:51:54,09:51:54,8.78,--,109,95702,卖盘,2017-06-28,2017-06-28 09:51:54
09:51:57,09:51:57,8.8,0.02,381,335280,中性盘,2017-06-28,2017-06-28 09:51:57
09:52:00,09:52:00,8.78,-0.02,26,22828,卖盘,2017-06-28,2017-06-28 09:52:00
09:52:03,09:52:03,8.78,--,476,417927,卖盘,2017-06-28,2017-06-28 09:52:03
09:52:06,09:52:06,8.8,0.02,28,24640,买盘,2017-06-28,2017-06-28 09:52:06
09:52:09,09:52:09,8.78,-0.02,893,784054,卖盘,2017-06-28,2017-06-28 09:52:09
09:52:12,09:52:12,8.79,0.01,47,41312,买盘,2017-06-28,2017-06-28 09:52:12
09:52:15,09:52:15,8.79,--,54,47465,买盘,2017-06-28,2017-06-28 09:52:15
09:52:18,09:52:18,8.79,--,84,73836,买盘,2017-06-28,2017-06-28 09:52:18
09:52:21,09:52:21,8.79,--,58,50981,买盘,2017-06-28,2017-06-28 09:52:21
09:52:24,09:52:24,8.79,--,145,127454,买盘,2017-06-28,2017-06-28 09:52:24
09:52:27,09:52:27,8.78,-0.01,89,78142,卖盘,2017-06-28,2017-06-28 09:52:27
09:52:30,09:52:30,8.79,0.01,315,276885,中性盘,2017-06-28,2017-06-28 09:52:30
09:52:33,09:52:33,8.79,--,32,28127,卖盘,2017-06-28,2017-06-28 09:52:33
09:52:36,09:52:36,8.79,--,73,64166,卖盘,2017-06-28,2017-06-28 09:52:36
09:52:39,09:52:39,8.79,--,471,414008,卖盘,2017-06-28,2017-06-28 09:52:39
09:52:42,09:52:42,8.78,-0.01,148,129943,卖盘,2017-06-28,2017-06-28 09:52:42
09:52:45,09:52:45,8.79,0.01,38,33402,买盘,2017-06-28,2017-06-28 09:52:45
09:52:48,09:52:48,8.79,--,35,30764,买盘,2017-06-28,2017-06-28 09:52:48
09:52:51,09:52:51,8.78,-0.01,218,191404,卖盘,2017-06-28,2017-06-28 09:52:51
09:52:54,09:52:54,8.77,-0.01,307,269239,卖盘,2017-06-28,2017-06-28 09:52:54
09:52:57,09:52:57,8.77,--,16,14032,买盘,2017-06-28,2017-06-28 09:52:57
09:53:00,09:53:00,8.78,0.01,470,412659,买盘,2017-06-28,2017-06-28 09:53:00
09:53:03,09:53:03,8.78,--,146,128187,买盘,2017-06-28,2017-06-28 09:53:03
09:53:06,09:53:06,8.75,-0.03,160,140000,卖盘,2017-06-28,2017-06-28 09:53:06
09:53:09,09:53:09,8.77,0.02,153,134181,买盘,2017-06-28,2017-06-28 09:53:09
09:53:12,09:53:12,8.77,--,53,46481,买盘,2017-06-28,2017-06-28 09:53:12
09:53:15,09:53:15,8.77,--,27,23679,买盘,2017-06-28,2017-06-28 09:53:15
09:53:18,09:53:18,8.77,--,630,552510,买盘,2017-06-28,2017-06-28 09:53:18
09:53:21,09:53:21,8.76,-0.01,120,105120,卖盘,2017-06-28,2017-06-28 09:53:21
09:53:24,09:53:24,8.75,-0.01,32,28000,卖盘,2017-06-28,2017-06-28 09:53:24
09:53:27,09:53:27,8.76,0.01,39,34164,买盘,2017-06-28,2017-06-28 09:53:27
09:53:30,09:53:30,8.76,--,33,28908,买盘,2017-06-28,2017-06-28 09:53:30
09:53:33,09:53:33,8.76,--,101,88476,买盘,2017-06-28,2017-06-28 09:53:33
09:53:36,09:53:36,8.76,--,109,95484,卖盘,2017-06-28,2017-06-28 09:53:36
09:53:39,09:53:39,8.75,-0.01,763,667625,卖盘,2017-06-28,2017-06-28 09:53:39
09:53:42,09:53:42,8.75,--,547,478625,卖盘,2017-06-28,2017-06-28 09:53:42
09:53:45,09:53:45,8.75,--,402,351750,卖盘,2017-06-28,2017-06-28 09:53:45
09:53:48,09:53:48,8.75,--,252,220500,买盘,2017-06-28,2017-06-28 09:53:48
09:53:51,09:53:51,8.75,--,81,70875,买盘,2017-06-28,2017-06-28 09:53:51
09:53:54,09:53:54,8.75,--,2279,1994125,买盘,2017-06-28,2017-06-28 09:53:54
09:53:57,09:53:57,8.76,0.01,111,97236,买盘,2017-06-28,2017-06-28 09:53:57
09:54:00,09:54:00,8.76,--,186,162936,卖盘,2017-06-28,2017-06-28 09:54:00
09:54:03,09:54:03,8.76,--,92,80592,卖盘,2017-06-28,2017-06-28 09:54:03
09:54:06,09:54:06,8.76,--,562,492312,卖盘,2017-06-28,2017-06-28 09:54:06
09:54:09,09:54:09,8.79,0.03,1046,919433,买盘,2017-06-28,2017-06-28 09:54:09
09:54:12,09:54:12,8.76,-0.03,50,43800,中性盘,2017-06-28,2017-06-28 09:54:12
09:54:15,09:54:15,8.76,--,52,45552,买盘,2017-06-28,2017-06-28 09:54:15
09:54:18,09:54:18,8.77,0.01,505,442885,买盘,2017-06-28,2017-06-28 09:54:18
09:54:21,09:54:21,8.78,0.01,22,19316,买盘,2017-06-28,2017-06-28 09:54:21
09:54:24,09:54:24,8.76,-0.02,30,26280,卖盘,2017-06-28,2017-06-28 09:54:24
09:54:27,09:54:27,8.78,0.02,84,73752,买盘,2017-06-28,2017-06-28 09:54:27
09:54:30,09:54:30,8.77,-0.01,72,63144,卖盘,2017-06-28,2017-06-28 09:54:30
09:54:33,09:54:33,8.75,-0.02,1537,1344875,卖盘,2017-06-28,2017-06-28 09:54:33
09:54:36,09:54:36,8.78,0.03,491,431097,买盘,2017-06-28,2017-06-28 09:54:36
09:54:39,09:54:39,8.8,0.02,440,387200,买盘,2017-06-28,2017-06-28 09:54:39
09:54:42,09:54:42,8.79,-0.01,11,9668,卖盘,2017-06-28,2017-06-28 09:54:42
09:54:45,09:54:45,8.79,--,2,1757,卖盘,2017-06-28,2017-06-28 09:54:45
09:54:48,09:54:48,8.79,--,136,119543,卖盘,2017-06-28,2017-06-28 09:54:48
09:54:51,09:54:51,8.8,0.01,620,545600,买盘,2017-06-28,2017-06-28 09:54:51
09:54:54,09:54:54,8.78,-0.02,170,149260,卖盘,2017-06-28,2017-06-28 09:54:54
09:54:57,09:54:57,8.81,0.03,276,243156,买盘,2017-06-28,2017-06-28 09:54:57
09:55:00,09:55:00,8.82,0.01,345,304290,买盘,2017-06-28,2017-06-28 09:55:00
09:55:03,09:55:03,8.8,-0.02,267,234960,卖盘,2017-06-28,2017-06-28 09:55:03
09:55:06,09:55:06,8.82,0.02,68,59976,买盘,2017-06-28,2017-06-28 09:55:06
09:55:09,09:55:09,8.8,-0.02,379,333520,卖盘,2017-06-28,2017-06-28 09:55:09
09:55:12,09:55:12,8.8,--,225,198000,买盘,2017-06-28,2017-06-28 09:55:12
09:55:15,09:55:15,8.78,-0.02,104,91312,卖盘,2017-06-28,2017-06-28 09:55:15
09:55:18,09:55:18,8.8,0.02,10,8800,买盘,2017-06-28,2017-06-28 09:55:18
09:55:21,09:55:21,8.8,--,50,44000,买盘,2017-06-28,2017-06-28 09:55:21
09:55:24,09:55:24,8.8,--,72,63360,卖盘,2017-06-28,2017-06-28 09:55:24
09:55:27,09:55:27,8.8,--,65,57200,卖盘,2017-06-28,2017-06-28 09:55:27
09:55:30,09:55:30,8.77,-0.03,328,287656,卖盘,2017-06-28,2017-06-28 09:55:30
09:55:33,09:55:33,8.79,0.02,23,20216,买盘,2017-06-28,2017-06-28 09:55:33
09:55:36,09:55:36,8.76,-0.03,21,18396,卖盘,2017-06-28,2017-06-28 09:55:36
09:55:39,09:55:39,8.77,0.01,136,119272,买盘,2017-06-28,2017-06-28 09:55:39
09:55:42,09:55:42,8.79,0.02,82,72078,买盘,2017-06-28,2017-06-28 09:55:42
09:55:45,09:55:45,8.77,-0.02,104,91208,卖盘,2017-06-28,2017-06-28 09:55:45
09:55:48,09:55:48,8.77,--,105,92085,卖盘,2017-06-28,2017-06-28 09:55:48
09:55:51,09:55:51,8.77,--,6,5262,卖盘,2017-06-28,2017-06-28 09:55:51
09:55:54,09:55:54,8.79,0.02,54,47465,买盘,2017-06-28,2017-06-28 09:55:54
09:55:57,09:55:57,8.79,--,26,22853,买盘,2017-06-28,2017-06-28 09:55:57
09:56:00,09:56:00,8.75,-0.04,536,469000,卖盘,2017-06-28,2017-06-28 09:56:00
09:56:03,09:56:03,8.78,0.03,34,29851,买盘,2017-06-28,2017-06-28 09:56:03
09:56:06,09:56:06,8.79,0.01,126,110753,买盘,2017-06-28,2017-06-28 09:56:06
09:56:09,09:56:09,8.78,-0.01,4,3511,中性盘,2017-06-28,2017-06-28 09:56:09
09:56:12,09:56:12,8.75,-0.03,347,303625,卖盘,2017-06-28,2017-06-28 09:56:12
09:56:15,09:56:15,8.78,0.03,170,149260,买盘,2017-06-28,2017-06-28 09:56:15
09:56:18,09:56:18,8.78,--,13,11414,买盘,2017-06-28,2017-06-28 09:56:18
09:56:21,09:56:21,8.78,--,209,183502,买盘,2017-06-28,2017-06-28 09:56:21
09:56:24,09:56:24,8.76,-0.02,10,8760,卖盘,2017-06-28,2017-06-28 09:56:24
09:56:27,09:56:27,8.75,-0.01,514,449750,卖盘,2017-06-28,2017-06-28 09:56:27
09:56:30,09:56:30,8.76,0.01,346,303096,中性盘,2017-06-28,2017-06-28 09:56:30
09:56:33,09:56:33,8.75,-0.01,800,700000,卖盘,2017-06-28,2017-06-28 09:56:33
09:56:36,09:56:36,8.76,0.01,56,49056,卖盘,2017-06-28,2017-06-28 09:56:36
09:56:39,09:56:39,8.76,--,48,42048,买盘,2017-06-28,2017-06-28 09:56:39
09:56:42,09:56:42,8.76,--,225,197100,买盘,2017-06-28,2017-06-28 09:56:42
09:56:45,09:56:45,8.76,--,282,247032,买盘,2017-06-28,2017-06-28 09:56:45
09:56:48,09:56:48,8.78,0.02,273,239693,买盘,2017-06-28,2017-06-28 09:56:48
09:56:51,09:56:51,8.76,-0.02,659,577284,卖盘,2017-06-28,2017-06-28 09:56:51
09:56:54,09:56:54,8.76,--,324,284279,卖盘,2017-06-28,2017-06-28 09:56:54
09:56:57,09:56:57,8.77,0.01,245,214865,中性盘,2017-06-28,2017-06-28 09:56:57
09:57:00,09:57:00,8.78,0.01,239,209841,中性盘,2017-06-28,2017-06-28 09:57:00
09:57:03,09:57:03,8.78,--,172,151016,卖盘,2017-06-28,2017-06-28 09:57:03
09:57:06,09:57:06,8.8,0.02,550,484000,买盘,2017-06-28,2017-06-28 09:57:06
09:57:09,09:57:09,8.8,--,182,160160,卖盘,2017-06-28,2017-06-28 09:57:09
09:57:12,09:57:12,8.8,--,122,107360,卖盘,2017-06-28,2017-06-28 09:57:12
09:57:15,09:57:15,8.8,--,32,28160,卖盘,2017-06-28,2017-06-28 09:57:15
09:57:18,09:57:18,8.8,--,137,120560,卖盘,2017-06-28,2017-06-28 09:57:18
09:57:21,09:57:21,8.81,0.01,879,774399,买盘,2017-06-28,2017-06-28 09:57:21
09:57:24,09:57:24,8.82,0.01,45,39690,买盘,2017-06-28,2017-06-28 09:57:24
09:57:27,09:57:27,8.82,--,284,250488,买盘,2017-06-28,2017-06-28 09:57:27
09:57:30,09:57:30,8.83,0.01,405,357615,买盘,2017-06-28,2017-06-28 09:57:30
09:57:33,09:57:33,8.84,0.01,331,293160,买盘,2017-06-28,2017-06-28 09:57:33
09:57:36,09:57:36,8.84,--,162,143208,买盘,2017-06-28,2017-06-28 09:57:36
09:57:39,09:57:39,8.84,--,152,134368,买盘,2017-06-28,2017-06-28 09:57:39
09:57:42,09:57:42,8.84,--,656,579904,买盘,2017-06-28,2017-06-28 09:57:42
09:57:45,09:57:45,8.85,0.01,265,234525,买盘,2017-06-28,2017-06-28 09:57:45
09:57:48,09:57:48,8.84,-0.01,627,554268,卖盘,2017-06-28,2017-06-28 09:57:48
09:57:51,09:57:51,8.85,0.01,61,53985,买盘,2017-06-28,2017-06-28 09:57:51
09:57:54,09:57:54,8.86,0.01,1834,1624924,买盘,2017-06-28,2017-06-28 09:57:54
09:57:57,09:57:57,8.87,0.01,508,450595,买盘,2017-06-28,2017-06-28 09:57:57
09:58:00,09:58:00,8.85,-0.02,516,456660,卖盘,2017-06-28,2017-06-28 09:58:00
09:58:03,09:58:03,8.87,0.02,446,395601,中性盘,2017-06-28,2017-06-28 09:58:03
09:58:06,09:58:06,8.87,--,238,211105,买盘,2017-06-28,2017-06-28 09:58:06
09:58:09,09:58:09,8.87,--,149,132163,买盘,2017-06-28,2017-06-28 09:58:09
09:58:12,09:58:12,8.86,-0.01,650,575900,中性盘,2017-06-28,2017-06-28 09:58:12
09:58:15,09:58:15,8.86,--,625,553750,卖盘,2017-06-28,2017-06-28 09:58:15
09:58:18,09:58:18,8.86,--,105,93030,买盘,2017-06-28,2017-06-28 09:58:18
09:58:21,09:58:21,8.84,-0.02,1211,1070524,卖盘,2017-06-28,2017-06-28 09:58:21
09:58:24,09:58:24,8.84,--,19,16796,买盘,2017-06-28,2017-06-28 09:58:24
09:58:27,09:58:27,8.85,0.01,269,238065,买盘,2017-06-28,2017-06-28 09:58:27
09:58:30,09:58:30,8.84,-0.01,165,145860,买盘,2017-06-28,2017-06-28 09:58:30
09:58:33,09:58:33,8.82,-0.02,77,67914,卖盘,2017-06-28,2017-06-28 09:58:33
09:58:36,09:58:36,8.79,-0.03,492,432467,卖盘,2017-06-28,2017-06-28 09:58:36
09:58:39,09:58:39,8.8,0.01,51,44880,买盘,2017-06-28,2017-06-28 09:58:39
09:58:42,09:58:42,8.8,--,70,61600,买盘,2017-06-28,2017-06-28 09:58:42
09:58:45,09:58:45,8.8,--,10,8800,买盘,2017-06-28,2017-06-28 09:58:45
09:58:48,09:58:48,8.8,--,24,21120,买盘,2017-06-28,2017-06-28 09:58:48
09:58:51,09:58:51,8.79,-0.01,297,261062,卖盘,2017-06-28,2017-06-28 09:58:51
09:58:54,09:58:54,8.79,--,86,75593,买盘,2017-06-28,2017-06-28 09:58:54
09:58:57,09:58:57,8.8,0.01,247,217360,买盘,2017-06-28,2017-06-28 09:58:57
09:59:00,09:59:00,8.8,--,66,58080,卖盘,2017-06-28,2017-06-28 09:59:00
09:59:03,09:59:03,8.8,--,67,58960,卖盘,2017-06-28,2017-06-28 09:59:03
09:59:06,09:59:06,8.8,--,81,71280,卖盘,2017-06-28,2017-06-28 09:59:06
09:59:09,09:59:09,8.8,--,635,558800,卖盘,2017-06-28,2017-06-28 09:59:09
09:59:12,09:59:12,8.82,0.02,113,99666,买盘,2017-06-28,2017-06-28 09:59:12
09:59:15,09:59:15,8.8,-0.02,97,85360,卖盘,2017-06-28,2017-06-28 09:59:15
09:59:18,09:59:18,8.8,--,105,92400,卖盘,2017-06-28,2017-06-28 09:59:18
09:59:21,09:59:21,8.79,-0.01,81,71199,卖盘,2017-06-28,2017-06-28 09:59:21
09:59:24,09:59:24,8.82,0.03,394,347508,买盘,2017-06-28,2017-06-28 09:59:24
09:59:27,09:59:27,8.79,-0.03,475,417524,卖盘,2017-06-28,2017-06-28 09:59:27
09:59:30,09:59:30,8.82,0.03,57,50274,买盘,2017-06-28,2017-06-28 09:59:30
09:59:33,09:59:33,8.82,--,112,98784,买盘,2017-06-28,2017-06-28 09:59:33
09:59:36,09:59:36,8.8,-0.02,393,345840,卖盘,2017-06-28,2017-06-28 09:59:36
09:59:39,09:59:39,8.82,0.02,130,114660,买盘,2017-06-28,2017-06-28 09:59:39
09:59:42,09:59:42,8.82,--,65,57330,买盘,2017-06-28,2017-06-28 09:59:42
09:59:45,09:59:45,8.82,--,263,231966,卖盘,2017-06-28,2017-06-28 09:59:45
09:59:48,09:59:48,8.82,--,32,28224,卖盘,2017-06-28,2017-06-28 09:59:48
09:59:51,09:59:51,8.81,-0.01,22,19382,卖盘,2017-06-28,2017-06-28 09:59:51
09:59:54,09:59:54,8.82,0.01,29,25578,买盘,2017-06-28,2017-06-28 09:59:54
09:59:57,09:59:57,8.82,--,41,36162,买盘,2017-06-28,2017-06-28 09:59:57
10:00:00,10:00:00,8.82,--,278,245196,卖盘,2017-06-28,2017-06-28 10:00:00
10:00:03,10:00:03,8.82,--,187,164934,卖盘,2017-06-28,2017-06-28 10:00:03
10:00:06,10:00:06,8.82,--,194,171108,买盘,2017-06-28,2017-06-28 10:00:06
10:00:09,10:00:09,8.81,-0.01,191,168271,卖盘,2017-06-28,2017-06-28 10:00:09
10:00:12,10:00:12,8.8,-0.01,692,608960,卖盘,2017-06-28,2017-06-28 10:00:12
10:00:15,10:00:15,8.81,0.01,64,56384,买盘,2017-06-28,2017-06-28 10:00:15
10:00:18,10:00:18,8.79,-0.02,249,218870,卖盘,2017-06-28,2017-06-28 10:00:18
10:00:21,10:00:21,8.8,0.01,252,221760,买盘,2017-06-28,2017-06-28 10:00:21
10:00:24,10:00:24,8.8,--,309,271920,买盘,2017-06-28,2017-06-28 10:00:24
10:00:27,10:00:27,8.78,-0.02,114,100091,卖盘,2017-06-28,2017-06-28 10:00:27
10:00:30,10:00:30,8.77,-0.01,451,395527,卖盘,2017-06-28,2017-06-28 10:00:30
10:00:33,10:00:33,8.77,--,44,38588,买盘,2017-06-28,2017-06-28 10:00:33
10:00:36,10:00:36,8.77,--,42,36834,买盘,2017-06-28,2017-06-28 10:00:36
10:00:39,10:00:39,8.77,--,123,107871,买盘,2017-06-28,2017-06-28 10:00:39
10:00:42,10:00:42,8.76,-0.01,113,98988,卖盘,2017-06-28,2017-06-28 10:00:42
10:00:45,10:00:45,8.77,0.01,141,123657,买盘,2017-06-28,2017-06-28 10:00:45
10:00:48,10:00:48,8.77,--,385,337645,买盘,2017-06-28,2017-06-28 10:00:48
10:00:51,10:00:51,8.76,-0.01,329,288204,卖盘,2017-06-28,2017-06-28 10:00:51
10:00:54,10:00:54,8.76,--,22,19272,卖盘,2017-06-28,2017-06-28 10:00:54
10:00:57,10:00:57,8.76,--,602,527352,卖盘,2017-06-28,2017-06-28 10:00:57
10:01:00,10:01:00,8.76,--,142,124392,卖盘,2017-06-28,2017-06-28 10:01:00
10:01:03,10:01:03,8.75,-0.01,8,7000,卖盘,2017-06-28,2017-06-28 10:01:03
10:01:06,10:01:06,8.76,0.01,350,306600,买盘,2017-06-28,2017-06-28 10:01:06
10:01:09,10:01:09,8.74,-0.02,236,206264,卖盘,2017-06-28,2017-06-28 10:01:09
10:01:12,10:01:12,8.77,0.03,72,63144,买盘,2017-06-28,2017-06-28 10:01:12
10:01:15,10:01:15,8.77,--,65,57005,买盘,2017-06-28,2017-06-28 10:01:15
10:01:18,10:01:18,8.77,--,10,8770,卖盘,2017-06-28,2017-06-28 10:01:18
10:01:21,10:01:21,8.78,0.01,93,81654,买盘,2017-06-28,2017-06-28 10:01:21
10:01:24,10:01:24,8.78,--,62,54435,卖盘,2017-06-28,2017-06-28 10:01:24
10:01:27,10:01:27,8.77,-0.01,67,58759,卖盘,2017-06-28,2017-06-28 10:01:27
10:01:30,10:01:30,8.79,0.02,106,93173,买盘,2017-06-28,2017-06-28 10:01:30
10:01:33,10:01:33,8.79,--,157,138003,买盘,2017-06-28,2017-06-28 10:01:33
10:01:36,10:01:36,8.78,-0.01,88,77264,卖盘,2017-06-28,2017-06-28 10:01:36
10:01:39,10:01:39,8.78,--,60,52679,买盘,2017-06-28,2017-06-28 10:01:39
10:01:42,10:01:42,8.78,--,9,7901,买盘,2017-06-28,2017-06-28 10:01:42
10:01:45,10:01:45,8.78,--,1213,1065014,买盘,2017-06-28,2017-06-28 10:01:45
10:01:48,10:01:48,8.78,--,105,92190,买盘,2017-06-28,2017-06-28 10:01:48
10:01:51,10:01:51,8.78,--,83,72874,买盘,2017-06-28,2017-06-28 10:01:51
10:01:54,10:01:54,8.77,-0.01,162,142074,卖盘,2017-06-28,2017-06-28 10:01:54
10:02:00,10:02:00,8.8,0.03,24,21120,买盘,2017-06-28,2017-06-28 10:02:00
10:02:03,10:02:03,8.78,-0.02,10,8780,卖盘,2017-06-28,2017-06-28 10:02:03
10:02:06,10:02:06,8.8,0.02,73,64240,买盘,2017-06-28,2017-06-28 10:02:06
10:02:09,10:02:09,8.8,--,93,81840,买盘,2017-06-28,2017-06-28 10:02:09
10:02:12,10:02:12,8.8,--,433,381040,买盘,2017-06-28,2017-06-28 10:02:12
10:02:15,10:02:15,8.77,-0.03,130,114010,卖盘,2017-06-28,2017-06-28 10:02:15
10:02:18,10:02:18,8.78,0.01,2,1755,买盘,2017-06-28,2017-06-28 10:02:18
10:02:21,10:02:21,8.78,--,105,92190,买盘,2017-06-28,2017-06-28 10:02:21
10:02:24,10:02:24,8.78,--,24,21072,买盘,2017-06-28,2017-06-28 10:02:24
10:02:27,10:02:27,8.78,--,89,78142,买盘,2017-06-28,2017-06-28 10:02:27
10:02:30,10:02:30,8.78,--,39,34242,买盘,2017-06-28,2017-06-28 10:02:30
10:02:33,10:02:33,8.78,--,178,156284,买盘,2017-06-28,2017-06-28 10:02:33
10:02:36,10:02:36,8.78,--,109,95702,买盘,2017-06-28,2017-06-28 10:02:36
10:02:39,10:02:39,8.77,-0.01,80,70160,卖盘,2017-06-28,2017-06-28 10:02:39
10:02:42,10:02:42,8.78,0.01,123,107993,买盘,2017-06-28,2017-06-28 10:02:42
10:02:45,10:02:45,8.78,--,179,157162,买盘,2017-06-28,2017-06-28 10:02:45
10:02:48,10:02:48,8.78,--,11,9658,卖盘,2017-06-28,2017-06-28 10:02:48
10:02:51,10:02:51,8.78,--,410,359980,卖盘,2017-06-28,2017-06-28 10:02:51
10:02:54,10:02:54,8.78,--,3,2634,卖盘,2017-06-28,2017-06-28 10:02:54
10:02:57,10:02:57,8.79,0.01,287,252272,买盘,2017-06-28,2017-06-28 10:02:57
10:03:00,10:03:00,8.79,--,788,692651,买盘,2017-06-28,2017-06-28 10:03:00
10:03:03,10:03:03,8.78,-0.01,36,31607,中性盘,2017-06-28,2017-06-28 10:03:03
10:03:06,10:03:06,8.78,--,226,198428,卖盘,2017-06-28,2017-06-28 10:03:06
10:03:09,10:03:09,8.79,0.01,61,53618,买盘,2017-06-28,2017-06-28 10:03:09
10:03:12,10:03:12,8.79,--,4,3515,卖盘,2017-06-28,2017-06-28 10:03:12
10:03:15,10:03:15,8.79,--,39,34281,卖盘,2017-06-28,2017-06-28 10:03:15
10:03:18,10:03:18,8.79,--,37,32522,卖盘,2017-06-28,2017-06-28 10:03:18
10:03:21,10:03:21,8.79,--,145,127454,卖盘,2017-06-28,2017-06-28 10:03:21
10:03:24,10:03:24,8.78,-0.01,35,30729,卖盘,2017-06-28,2017-06-28 10:03:24
10:03:27,10:03:27,8.79,0.01,120,105479,买盘,2017-06-28,2017-06-28 10:03:27
10:03:30,10:03:30,8.79,--,18,15821,买盘,2017-06-28,2017-06-28 10:03:30
10:03:33,10:03:33,8.78,-0.01,27,23706,卖盘,2017-06-28,2017-06-28 10:03:33
10:03:36,10:03:36,8.78,--,68,59703,卖盘,2017-06-28,2017-06-28 10:03:36
10:03:39,10:03:39,8.77,-0.01,955,837535,卖盘,2017-06-28,2017-06-28 10:03:39
10:03:42,10:03:42,8.78,0.01,2,1755,买盘,2017-06-28,2017-06-28 10:03:42
10:03:45,10:03:45,8.78,--,106,93068,买盘,2017-06-28,2017-06-28 10:03:45
10:03:48,10:03:48,8.77,-0.01,212,185924,卖盘,2017-06-28,2017-06-28 10:03:48
10:03:51,10:03:51,8.78,0.01,130,114139,买盘,2017-06-28,2017-06-28 10:03:51
10:03:54,10:03:54,8.77,-0.01,24,21048,中性盘,2017-06-28,2017-06-28 10:03:54
10:03:57,10:03:57,8.77,--,364,319228,卖盘,2017-06-28,2017-06-28 10:03:57
10:04:00,10:04:00,8.76,-0.01,331,289956,卖盘,2017-06-28,2017-06-28 10:04:00
10:04:03,10:04:03,8.76,--,25,21900,卖盘,2017-06-28,2017-06-28 10:04:03
10:04:06,10:04:06,8.77,0.01,18,15786,买盘,2017-06-28,2017-06-28 10:04:06
10:04:09,10:04:09,8.76,-0.01,108,94608,卖盘,2017-06-28,2017-06-28 10:04:09
10:04:12,10:04:12,8.77,0.01,39,34203,买盘,2017-06-28,2017-06-28 10:04:12
10:04:15,10:04:15,8.76,-0.01,316,276816,卖盘,2017-06-28,2017-06-28 10:04:15
10:04:18,10:04:18,8.76,--,14,12264,卖盘,2017-06-28,2017-06-28 10:04:18
10:04:21,10:04:21,8.76,--,72,63072,卖盘,2017-06-28,2017-06-28 10:04:21
10:04:24,10:04:24,8.77,0.01,448,392896,买盘,2017-06-28,2017-06-28 10:04:24
10:04:27,10:04:27,8.76,-0.01,23,20148,买盘,2017-06-28,2017-06-28 10:04:27
10:04:30,10:04:30,8.76,--,7,6132,买盘,2017-06-28,2017-06-28 10:04:30
10:04:33,10:04:33,8.76,--,16,14016,买盘,2017-06-28,2017-06-28 10:04:33
10:04:36,10:04:36,8.76,--,49,42924,买盘,2017-06-28,2017-06-28 10:04:36
10:04:39,10:04:39,8.75,-0.01,71,62125,卖盘,2017-06-28,2017-06-28 10:04:39
10:04:42,10:04:42,8.76,0.01,13,11388,买盘,2017-06-28,2017-06-28 10:04:42
10:04:45,10:04:45,8.75,-0.01,7,6125,卖盘,2017-06-28,2017-06-28 10:04:45
10:04:48,10:04:48,8.75,--,122,106750,卖盘,2017-06-28,2017-06-28 10:04:48
10:04:51,10:04:51,8.76,0.01,75,65700,买盘,2017-06-28,2017-06-28 10:04:51
10:04:54,10:04:54,8.76,--,205,179580,买盘,2017-06-28,2017-06-28 10:04:54
10:04:57,10:04:57,8.76,--,24,21024,买盘,2017-06-28,2017-06-28 10:04:57
10:05:00,10:05:00,8.76,--,282,247032,买盘,2017-06-28,2017-06-28 10:05:00
10:05:03,10:05:03,8.75,-0.01,23,20125,卖盘,2017-06-28,2017-06-28 10:05:03
10:05:06,10:05:06,8.77,0.02,65,57005,买盘,2017-06-28,2017-06-28 10:05:06
10:05:09,10:05:09,8.76,-0.01,8,7008,卖盘,2017-06-28,2017-06-28 10:05:09
10:05:12,10:05:12,8.76,--,114,99864,卖盘,2017-06-28,2017-06-28 10:05:12
10:05:15,10:05:15,8.76,--,13,11388,买盘,2017-06-28,2017-06-28 10:05:15
10:05:18,10:05:18,8.74,-0.02,885,773490,卖盘,2017-06-28,2017-06-28 10:05:18
10:05:21,10:05:21,8.76,0.02,386,338136,买盘,2017-06-28,2017-06-28 10:05:21
10:05:24,10:05:24,8.76,--,97,84972,卖盘,2017-06-28,2017-06-28 10:05:24
10:05:27,10:05:27,8.77,0.01,3,2631,买盘,2017-06-28,2017-06-28 10:05:27
10:05:30,10:05:30,8.77,--,1,877,卖盘,2017-06-28,2017-06-28 10:05:30
10:05:33,10:05:33,8.73,-0.04,97,84681,卖盘,2017-06-28,2017-06-28 10:05:33
10:05:36,10:05:36,8.77,0.04,18,15786,买盘,2017-06-28,2017-06-28 10:05:36
10:05:42,10:05:42,8.76,-0.01,10,8760,卖盘,2017-06-28,2017-06-28 10:05:42
10:05:45,10:05:45,8.77,0.01,189,165753,买盘,2017-06-28,2017-06-28 10:05:45
10:05:48,10:05:48,8.76,-0.01,21,18396,卖盘,2017-06-28,2017-06-28 10:05:48
10:05:51,10:05:51,8.73,-0.03,20,17460,卖盘,2017-06-28,2017-06-28 10:05:51
10:05:57,10:05:57,8.76,0.03,165,144540,买盘,2017-06-28,2017-06-28 10:05:57
10:06:00,10:06:00,8.76,--,1,876,买盘,2017-06-28,2017-06-28 10:06:00
10:06:03,10:06:03,8.74,-0.02,168,146832,卖盘,2017-06-28,2017-06-28 10:06:03
10:06:06,10:06:06,8.74,--,40,34960,卖盘,2017-06-28,2017-06-28 10:06:06
10:06:09,10:06:09,8.75,0.01,16,14000,中性盘,2017-06-28,2017-06-28 10:06:09
10:06:12,10:06:12,8.75,--,1,875,买盘,2017-06-28,2017-06-28 10:06:12
10:06:15,10:06:15,8.74,-0.01,778,679972,卖盘,2017-06-28,2017-06-28 10:06:15
10:06:18,10:06:18,8.75,0.01,50,43750,买盘,2017-06-28,2017-06-28 10:06:18
10:06:21,10:06:21,8.75,--,89,77875,卖盘,2017-06-28,2017-06-28 10:06:21
10:06:24,10:06:24,8.74,-0.01,111,97014,卖盘,2017-06-28,2017-06-28 10:06:24
10:06:27,10:06:27,8.75,0.01,37,32375,卖盘,2017-06-28,2017-06-28 10:06:27
10:06:30,10:06:30,8.74,-0.01,3,2622,卖盘,2017-06-28,2017-06-28 10:06:30
10:06:33,10:06:33,8.74,--,139,121486,卖盘,2017-06-28,2017-06-28 10:06:33
10:06:36,10:06:36,8.75,0.01,93,81375,买盘,2017-06-28,2017-06-28 10:06:36
10:06:39,10:06:39,8.75,--,15,13125,买盘,2017-06-28,2017-06-28 10:06:39
10:06:42,10:06:42,8.75,--,15,13125,卖盘,2017-06-28,2017-06-28 10:06:42
10:06:45,10:06:45,8.75,--,14,12250,卖盘,2017-06-28,2017-06-28 10:06:45
10:06:48,10:06:48,8.75,--,22,19250,卖盘,2017-06-28,2017-06-28 10:06:48
10:06:51,10:06:51,8.75,--,60,52500,卖盘,2017-06-28,2017-06-28 10:06:51
10:06:54,10:06:54,8.76,0.01,71,62196,买盘,2017-06-28,2017-06-28 10:06:54
10:06:57,10:06:57,8.75,-0.01,105,91875,卖盘,2017-06-28,2017-06-28 10:06:57
10:07:00,10:07:00,8.77,0.02,121,106117,买盘,2017-06-28,2017-06-28 10:07:00
10:07:03,10:07:03,8.76,-0.01,15,13140,卖盘,2017-06-28,2017-06-28 10:07:03
10:07:06,10:07:06,8.76,--,16,14016,卖盘,2017-06-28,2017-06-28 10:07:06
10:07:09,10:07:09,8.76,--,72,63072,卖盘,2017-06-28,2017-06-28 10:07:09
10:07:12,10:07:12,8.76,--,4,3504,卖盘,2017-06-28,2017-06-28 10:07:12
10:07:15,10:07:15,8.76,--,73,63948,卖盘,2017-06-28,2017-06-28 10:07:15
10:07:18,10:07:18,8.76,--,141,123516,买盘,2017-06-28,2017-06-28 10:07:18
10:07:21,10:07:21,8.76,--,126,110376,买盘,2017-06-28,2017-06-28 10:07:21
10:07:24,10:07:24,8.76,--,46,40296,买盘,2017-06-28,2017-06-28 10:07:24
10:07:27,10:07:27,8.76,--,2,1752,买盘,2017-06-28,2017-06-28 10:07:27
10:07:30,10:07:30,8.75,-0.01,343,300125,卖盘,2017-06-28,2017-06-28 10:07:30
10:07:33,10:07:33,8.76,0.01,266,233016,买盘,2017-06-28,2017-06-28 10:07:33
10:07:36,10:07:36,8.77,0.01,13,11401,买盘,2017-06-28,2017-06-28 10:07:36
10:07:39,10:07:39,8.76,-0.01,14,12264,卖盘,2017-06-28,2017-06-28 10:07:39
10:07:42,10:07:42,8.76,--,1,876,卖盘,2017-06-28,2017-06-28 10:07:42
10:07:45,10:07:45,8.76,--,6,5256,卖盘,2017-06-28,2017-06-28 10:07:45
10:07:48,10:07:48,8.77,0.01,50,43850,买盘,2017-06-28,2017-06-28 10:07:48
10:07:51,10:07:51,8.77,--,143,125411,买盘,2017-06-28,2017-06-28 10:07:51
10:07:54,10:07:54,8.77,--,88,77176,买盘,2017-06-28,2017-06-28 10:07:54
10:07:57,10:07:57,8.77,--,3,2631,买盘,2017-06-28,2017-06-28 10:07:57
10:08:00,10:08:00,8.77,--,46,40342,买盘,2017-06-28,2017-06-28 10:08:00
10:08:03,10:08:03,8.77,--,31,27187,买盘,2017-06-28,2017-06-28 10:08:03
10:08:06,10:08:06,8.77,--,154,135058,买盘,2017-06-28,2017-06-28 10:08:06
10:08:09,10:08:09,8.76,-0.01,14,12264,卖盘,2017-06-28,2017-06-28 10:08:09
10:08:12,10:08:12,8.76,--,74,64824,卖盘,2017-06-28,2017-06-28 10:08:12
10:08:15,10:08:15,8.77,0.01,19,16663,买盘,2017-06-28,2017-06-28 10:08:15
10:08:18,10:08:18,8.76,-0.01,67,58692,卖盘,2017-06-28,2017-06-28 10:08:18
10:08:21,10:08:21,8.77,0.01,11,9647,买盘,2017-06-28,2017-06-28 10:08:21
10:08:24,10:08:24,8.76,-0.01,21,18396,卖盘,2017-06-28,2017-06-28 10:08:24
10:08:27,10:08:27,8.77,0.01,24,21048,买盘,2017-06-28,2017-06-28 10:08:27
10:08:30,10:08:30,8.76,-0.01,143,125268,卖盘,2017-06-28,2017-06-28 10:08:30
10:08:33,10:08:33,8.77,0.01,43,37711,买盘,2017-06-28,2017-06-28 10:08:33
10:08:36,10:08:36,8.77,--,45,39465,卖盘,2017-06-28,2017-06-28 10:08:36
10:08:39,10:08:39,8.77,--,13,11401,卖盘,2017-06-28,2017-06-28 10:08:39
10:08:42,10:08:42,8.77,--,45,39465,卖盘,2017-06-28,2017-06-28 10:08:42
10:08:45,10:08:45,8.78,0.01,8,7023,买盘,2017-06-28,2017-06-28 10:08:45
10:08:48,10:08:48,8.77,-0.01,284,249068,卖盘,2017-06-28,2017-06-28 10:08:48
10:08:51,10:08:51,8.77,--,50,43850,卖盘,2017-06-28,2017-06-28 10:08:51
10:08:54,10:08:54,8.76,-0.01,66,57816,卖盘,2017-06-28,2017-06-28 10:08:54
10:08:57,10:08:57,8.78,0.02,63,55313,买盘,2017-06-28,2017-06-28 10:08:57
10:09:03,10:09:03,8.77,-0.01,47,41219,卖盘,2017-06-28,2017-06-28 10:09:03
10:09:06,10:09:06,8.77,--,47,41219,买盘,2017-06-28,2017-06-28 10:09:06
10:09:12,10:09:12,8.76,-0.01,4,3504,卖盘,2017-06-28,2017-06-28 10:09:12
10:09:15,10:09:15,8.77,0.01,100,87700,买盘,2017-06-28,2017-06-28 10:09:15
10:09:18,10:09:18,8.77,--,20,17540,卖盘,2017-06-28,2017-06-28 10:09:18
10:09:21,10:09:21,8.76,-0.01,124,108624,卖盘,2017-06-28,2017-06-28 10:09:21
10:09:24,10:09:24,8.77,0.01,81,71037,买盘,2017-06-28,2017-06-28 10:09:24
10:09:27,10:09:27,8.76,-0.01,10,8760,卖盘,2017-06-28,2017-06-28 10:09:27
10:09:30,10:09:30,8.76,--,338,296088,卖盘,2017-06-28,2017-06-28 10:09:30
10:09:33,10:09:33,8.76,--,174,152424,卖盘,2017-06-28,2017-06-28 10:09:33
10:09:36,10:09:36,8.76,--,231,202356,卖盘,2017-06-28,2017-06-28 10:09:36
10:09:39,10:09:39,8.76,--,243,212868,买盘,2017-06-28,2017-06-28 10:09:39
10:09:42,10:09:42,8.76,--,22,19272,买盘,2017-06-28,2017-06-28 10:09:42
10:09:48,10:09:48,8.76,--,19,16644,买盘,2017-06-28,2017-06-28 10:09:48
10:09:51,10:09:51,8.75,-0.01,181,158375,卖盘,2017-06-28,2017-06-28 10:09:51
10:09:54,10:09:54,8.75,--,26,22750,卖盘,2017-06-28,2017-06-28 10:09:54
10:09:57,10:09:57,8.75,--,202,176750,卖盘,2017-06-28,2017-06-28 10:09:57
10:10:00,10:10:00,8.74,-0.01,13,11362,卖盘,2017-06-28,2017-06-28 10:10:00
10:10:03,10:10:03,8.75,0.01,10,8750,买盘,2017-06-28,2017-06-28 10:10:03
10:10:06,10:10:06,8.74,-0.01,31,27094,卖盘,2017-06-28,2017-06-28 10:10:06
10:10:09,10:10:09,8.74,--,74,64676,卖盘,2017-06-28,2017-06-28 10:10:09
10:10:12,10:10:12,8.74,--,95,83030,卖盘,2017-06-28,2017-06-28 10:10:12
10:10:15,10:10:15,8.74,--,23,20102,卖盘,2017-06-28,2017-06-28 10:10:15
10:10:18,10:10:18,8.75,0.01,103,90125,买盘,2017-06-28,2017-06-28 10:10:18
10:10:21,10:10:21,8.74,-0.01,68,59432,卖盘,2017-06-28,2017-06-28 10:10:21
10:10:24,10:10:24,8.73,-0.01,98,85554,卖盘,2017-06-28,2017-06-28 10:10:24
10:10:27,10:10:27,8.75,0.02,437,382375,买盘,2017-06-28,2017-06-28 10:10:27
10:10:30,10:10:30,8.73,-0.02,235,205155,卖盘,2017-06-28,2017-06-28 10:10:30
10:10:36,10:10:36,8.74,0.01,614,536636,买盘,2017-06-28,2017-06-28 10:10:36
10:10:39,10:10:39,8.74,--,70,61180,卖盘,2017-06-28,2017-06-28 10:10:39
10:10:42,10:10:42,8.74,--,169,147706,卖盘,2017-06-28,2017-06-28 10:10:42
10:10:45,10:10:45,8.74,--,222,194028,卖盘,2017-06-28,2017-06-28 10:10:45
10:10:48,10:10:48,8.75,0.01,92,80500,买盘,2017-06-28,2017-06-28 10:10:48
10:10:51,10:10:51,8.74,-0.01,349,305026,卖盘,2017-06-28,2017-06-28 10:10:51
10:10:54,10:10:54,8.74,--,67,58558,买盘,2017-06-28,2017-06-28 10:10:54
10:10:57,10:10:57,8.74,--,237,207138,买盘,2017-06-28,2017-06-28 10:10:57
10:11:00,10:11:00,8.74,--,8,6992,买盘,2017-06-28,2017-06-28 10:11:00
10:11:03,10:11:03,8.73,-0.01,62,54126,卖盘,2017-06-28,2017-06-28 10:11:03
10:11:06,10:11:06,8.73,--,82,71586,卖盘,2017-06-28,2017-06-28 10:11:06
10:11:09,10:11:09,8.73,--,20,17460,买盘,2017-06-28,2017-06-28 10:11:09
10:11:12,10:11:12,8.73,--,34,29682,买盘,2017-06-28,2017-06-28 10:11:12
10:11:15,10:11:15,8.73,--,143,124839,买盘,2017-06-28,2017-06-28 10:11:15
10:11:18,10:11:18,8.73,--,429,374517,买盘,2017-06-28,2017-06-28 10:11:18
10:11:21,10:11:21,8.73,--,131,114363,卖盘,2017-06-28,2017-06-28 10:11:21
10:11:24,10:11:24,8.73,--,189,164997,卖盘,2017-06-28,2017-06-28 10:11:24
10:11:27,10:11:27,8.73,--,15,13095,买盘,2017-06-28,2017-06-28 10:11:27
10:11:30,10:11:30,8.72,-0.01,106,92432,卖盘,2017-06-28,2017-06-28 10:11:30
10:11:33,10:11:33,8.73,0.01,110,96030,买盘,2017-06-28,2017-06-28 10:11:33
10:11:36,10:11:36,8.73,--,73,63729,买盘,2017-06-28,2017-06-28 10:11:36
10:11:39,10:11:39,8.72,-0.01,91,79352,卖盘,2017-06-28,2017-06-28 10:11:39
10:11:42,10:11:42,8.73,0.01,36,31428,买盘,2017-06-28,2017-06-28 10:11:42
10:11:45,10:11:45,8.72,-0.01,268,233696,卖盘,2017-06-28,2017-06-28 10:11:45
10:11:48,10:11:48,8.72,--,183,159576,卖盘,2017-06-28,2017-06-28 10:11:48
10:11:51,10:11:51,8.72,--,367,320024,卖盘,2017-06-28,2017-06-28 10:11:51
10:11:54,10:11:54,8.73,0.01,194,169362,买盘,2017-06-28,2017-06-28 10:11:54
10:11:57,10:11:57,8.72,-0.01,98,85456,卖盘,2017-06-28,2017-06-28 10:11:57
10:12:00,10:12:00,8.72,--,159,138648,卖盘,2017-06-28,2017-06-28 10:12:00
10:12:03,10:12:03,8.72,--,45,39240,卖盘,2017-06-28,2017-06-28 10:12:03
10:12:06,10:12:06,8.73,0.01,288,251424,买盘,2017-06-28,2017-06-28 10:12:06
10:12:09,10:12:09,8.73,--,47,41031,卖盘,2017-06-28,2017-06-28 10:12:09
10:12:12,10:12:12,8.73,--,7,6111,卖盘,2017-06-28,2017-06-28 10:12:12
10:12:15,10:12:15,8.73,--,12,10476,卖盘,2017-06-28,2017-06-28 10:12:15
10:12:18,10:12:18,8.73,--,124,108252,卖盘,2017-06-28,2017-06-28 10:12:18
10:12:21,10:12:21,8.74,0.01,10,8740,买盘,2017-06-28,2017-06-28 10:12:21
10:12:24,10:12:24,8.74,--,474,414276,买盘,2017-06-28,2017-06-28 10:12:24
10:12:27,10:12:27,8.74,--,14,12236,买盘,2017-06-28,2017-06-28 10:12:27
10:12:30,10:12:30,8.74,--,25,21850,买盘,2017-06-28,2017-06-28 10:12:30
10:12:33,10:12:33,8.73,-0.01,76,66348,卖盘,2017-06-28,2017-06-28 10:12:33
10:12:36,10:12:36,8.76,0.03,499,437124,买盘,2017-06-28,2017-06-28 10:12:36
10:12:39,10:12:39,8.74,-0.02,112,97888,卖盘,2017-06-28,2017-06-28 10:12:39
10:12:42,10:12:42,8.74,--,43,37582,买盘,2017-06-28,2017-06-28 10:12:42
10:12:45,10:12:45,8.74,--,85,74290,买盘,2017-06-28,2017-06-28 10:12:45
10:12:48,10:12:48,8.74,--,111,97014,卖盘,2017-06-28,2017-06-28 10:12:48
10:12:51,10:12:51,8.77,0.03,134,117518,买盘,2017-06-28,2017-06-28 10:12:51
10:12:54,10:12:54,8.77,--,9,7893,买盘,2017-06-28,2017-06-28 10:12:54
10:12:57,10:12:57,8.74,-0.03,68,59676,卖盘,2017-06-28,2017-06-28 10:12:57
10:13:00,10:13:00,8.77,0.03,62,54374,买盘,2017-06-28,2017-06-28 10:13:00
10:13:03,10:13:03,8.75,-0.02,24,21000,中性盘,2017-06-28,2017-06-28 10:13:03
10:13:06,10:13:06,8.75,--,126,110250,卖盘,2017-06-28,2017-06-28 10:13:06
10:13:09,10:13:09,8.75,--,24,21000,卖盘,2017-06-28,2017-06-28 10:13:09
10:13:12,10:13:12,8.79,0.04,438,385001,买盘,2017-06-28,2017-06-28 10:13:12
10:13:15,10:13:15,8.77,-0.02,845,741065,买盘,2017-06-28,2017-06-28 10:13:15
10:13:18,10:13:18,8.75,-0.02,11,9625,卖盘,2017-06-28,2017-06-28 10:13:18
10:13:21,10:13:21,8.8,0.05,2575,2266844,买盘,2017-06-28,2017-06-28 10:13:21
10:13:24,10:13:24,8.8,--,71,62480,卖盘,2017-06-28,2017-06-28 10:13:24
10:13:30,10:13:30,8.81,0.01,80,70480,买盘,2017-06-28,2017-06-28 10:13:30
10:13:33,10:13:33,8.82,0.01,59,52038,买盘,2017-06-28,2017-06-28 10:13:33
10:13:36,10:13:36,8.82,--,21,18522,买盘,2017-06-28,2017-06-28 10:13:36
10:13:39,10:13:39,8.82,--,82,72324,买盘,2017-06-28,2017-06-28 10:13:39
10:13:42,10:13:42,8.81,-0.01,306,269586,卖盘,2017-06-28,2017-06-28 10:13:42
10:13:45,10:13:45,8.85,0.04,1233,1091205,买盘,2017-06-28,2017-06-28 10:13:45
10:13:48,10:13:48,8.83,-0.02,5,4415,中性盘,2017-06-28,2017-06-28 10:13:48
10:13:51,10:13:51,8.85,0.02,154,136290,买盘,2017-06-28,2017-06-28 10:13:51
10:13:54,10:13:54,8.86,0.01,749,663614,买盘,2017-06-28,2017-06-28 10:13:54
10:13:57,10:13:57,8.85,-0.01,636,562860,卖盘,2017-06-28,2017-06-28 10:13:57
10:14:00,10:14:00,8.86,0.01,216,191376,买盘,2017-06-28,2017-06-28 10:14:00
10:14:03,10:14:03,8.86,--,76,67336,卖盘,2017-06-28,2017-06-28 10:14:03
10:14:06,10:14:06,8.86,--,209,185174,卖盘,2017-06-28,2017-06-28 10:14:06
10:14:09,10:14:09,8.86,--,674,597164,卖盘,2017-06-28,2017-06-28 10:14:09
10:14:12,10:14:12,8.83,-0.03,161,142163,卖盘,2017-06-28,2017-06-28 10:14:12
10:14:15,10:14:15,8.86,0.03,402,356172,买盘,2017-06-28,2017-06-28 10:14:15
10:14:18,10:14:18,8.84,-0.02,62,54808,中性盘,2017-06-28,2017-06-28 10:14:18
10:14:21,10:14:21,8.86,0.02,50,44300,买盘,2017-06-28,2017-06-28 10:14:21
10:14:24,10:14:24,8.85,-0.01,267,236295,卖盘,2017-06-28,2017-06-28 10:14:24
10:14:27,10:14:27,8.86,0.01,168,148848,买盘,2017-06-28,2017-06-28 10:14:27
10:14:30,10:14:30,8.86,--,181,160366,买盘,2017-06-28,2017-06-28 10:14:30
10:14:33,10:14:33,8.85,-0.01,356,315060,卖盘,2017-06-28,2017-06-28 10:14:33
10:14:36,10:14:36,8.84,-0.01,119,105196,卖盘,2017-06-28,2017-06-28 10:14:36
10:14:39,10:14:39,8.84,--,226,199784,卖盘,2017-06-28,2017-06-28 10:14:39
10:14:42,10:14:42,8.85,0.01,52,46020,买盘,2017-06-28,2017-06-28 10:14:42
10:14:45,10:14:45,8.84,-0.01,138,121992,卖盘,2017-06-28,2017-06-28 10:14:45
10:14:48,10:14:48,8.84,--,10,8840,买盘,2017-06-28,2017-06-28 10:14:48
10:14:51,10:14:51,8.84,--,138,121992,买盘,2017-06-28,2017-06-28 10:14:51
10:14:54,10:14:54,8.84,--,71,62764,买盘,2017-06-28,2017-06-28 10:14:54
10:14:57,10:14:57,8.83,-0.01,824,727592,卖盘,2017-06-28,2017-06-28 10:14:57
10:15:00,10:15:00,8.83,--,254,224282,卖盘,2017-06-28,2017-06-28 10:15:00
10:15:03,10:15:03,8.83,--,104,91832,买盘,2017-06-28,2017-06-28 10:15:03
10:15:06,10:15:06,8.82,-0.01,127,112014,中性盘,2017-06-28,2017-06-28 10:15:06
10:15:09,10:15:09,8.83,0.01,19,16777,买盘,2017-06-28,2017-06-28 10:15:09
10:15:12,10:15:12,8.83,--,85,75055,买盘,2017-06-28,2017-06-28 10:15:12
10:15:15,10:15:15,8.83,--,40,35320,买盘,2017-06-28,2017-06-28 10:15:15
10:15:18,10:15:18,8.82,-0.01,52,45864,卖盘,2017-06-28,2017-06-28 10:15:18
10:15:21,10:15:21,8.83,0.01,42,37086,买盘,2017-06-28,2017-06-28 10:15:21
10:15:24,10:15:24,8.82,-0.01,47,41454,卖盘,2017-06-28,2017-06-28 10:15:24
10:15:27,10:15:27,8.83,0.01,102,90066,买盘,2017-06-28,2017-06-28 10:15:27
10:15:30,10:15:30,8.83,--,93,82119,卖盘,2017-06-28,2017-06-28 10:15:30
10:15:33,10:15:33,8.83,--,49,43267,卖盘,2017-06-28,2017-06-28 10:15:33
10:15:36,10:15:36,8.84,0.01,162,143208,买盘,2017-06-28,2017-06-28 10:15:36
10:15:39,10:15:39,8.82,-0.02,201,177282,卖盘,2017-06-28,2017-06-28 10:15:39
10:15:42,10:15:42,8.82,--,61,53802,卖盘,2017-06-28,2017-06-28 10:15:42
10:15:45,10:15:45,8.83,0.01,43,37969,买盘,2017-06-28,2017-06-28 10:15:45
10:15:48,10:15:48,8.82,-0.01,211,186102,卖盘,2017-06-28,2017-06-28 10:15:48
10:15:51,10:15:51,8.82,--,45,39690,卖盘,2017-06-28,2017-06-28 10:15:51
10:15:54,10:15:54,8.83,0.01,155,136865,买盘,2017-06-28,2017-06-28 10:15:54
10:15:57,10:15:57,8.82,-0.01,78,68796,卖盘,2017-06-28,2017-06-28 10:15:57
10:16:00,10:16:00,8.82,--,274,241668,卖盘,2017-06-28,2017-06-28 10:16:00
10:16:03,10:16:03,8.83,0.01,41,36203,买盘,2017-06-28,2017-06-28 10:16:03
10:16:06,10:16:06,8.82,-0.01,326,287532,卖盘,2017-06-28,2017-06-28 10:16:06
10:16:09,10:16:09,8.82,--,57,50274,卖盘,2017-06-28,2017-06-28 10:16:09
10:16:12,10:16:12,8.82,--,51,44982,卖盘,2017-06-28,2017-06-28 10:16:12
10:16:15,10:16:15,8.82,--,23,20286,卖盘,2017-06-28,2017-06-28 10:16:15
10:16:18,10:16:18,8.82,--,46,40572,买盘,2017-06-28,2017-06-28 10:16:18
10:16:21,10:16:21,8.82,--,7,6174,买盘,2017-06-28,2017-06-28 10:16:21
10:16:24,10:16:24,8.82,--,38,33516,买盘,2017-06-28,2017-06-28 10:16:24
10:16:27,10:16:27,8.82,--,42,37044,买盘,2017-06-28,2017-06-28 10:16:27
10:16:30,10:16:30,8.81,-0.01,64,56384,卖盘,2017-06-28,2017-06-28 10:16:30
10:16:33,10:16:33,8.82,0.01,54,47628,买盘,2017-06-28,2017-06-28 10:16:33
10:16:36,10:16:36,8.81,-0.01,27,23787,卖盘,2017-06-28,2017-06-28 10:16:36
10:16:39,10:16:39,8.82,0.01,95,83790,买盘,2017-06-28,2017-06-28 10:16:39
10:16:42,10:16:42,8.82,--,307,270774,买盘,2017-06-28,2017-06-28 10:16:42
10:16:45,10:16:45,8.82,--,7,6174,买盘,2017-06-28,2017-06-28 10:16:45
10:16:48,10:16:48,8.82,--,39,34398,买盘,2017-06-28,2017-06-28 10:16:48
10:16:51,10:16:51,8.82,--,11,9702,买盘,2017-06-28,2017-06-28 10:16:51
10:16:54,10:16:54,8.81,-0.01,459,404379,卖盘,2017-06-28,2017-06-28 10:16:54
10:16:57,10:16:57,8.81,--,186,163866,卖盘,2017-06-28,2017-06-28 10:16:57
10:17:00,10:17:00,8.83,0.02,245,216335,买盘,2017-06-28,2017-06-28 10:17:00
10:17:03,10:17:03,8.82,-0.01,88,77616,中性盘,2017-06-28,2017-06-28 10:17:03
10:17:06,10:17:06,8.82,--,52,45864,卖盘,2017-06-28,2017-06-28 10:17:06
10:17:09,10:17:09,8.83,0.01,419,369977,买盘,2017-06-28,2017-06-28 10:17:09
10:17:12,10:17:12,8.83,--,296,261368,买盘,2017-06-28,2017-06-28 10:17:12
10:17:15,10:17:15,8.82,-0.01,4,3528,卖盘,2017-06-28,2017-06-28 10:17:15
10:17:18,10:17:18,8.81,-0.01,114,100434,卖盘,2017-06-28,2017-06-28 10:17:18
10:17:21,10:17:21,8.81,--,62,54622,卖盘,2017-06-28,2017-06-28 10:17:21
10:17:24,10:17:24,8.81,--,126,111006,卖盘,2017-06-28,2017-06-28 10:17:24
10:17:27,10:17:27,8.82,0.01,47,41454,买盘,2017-06-28,2017-06-28 10:17:27
10:17:30,10:17:30,8.82,--,116,102312,买盘,2017-06-28,2017-06-28 10:17:30
10:17:33,10:17:33,8.82,--,75,66150,买盘,2017-06-28,2017-06-28 10:17:33
10:17:36,10:17:36,8.81,-0.01,209,184129,卖盘,2017-06-28,2017-06-28 10:17:36
10:17:39,10:17:39,8.82,0.01,297,261954,买盘,2017-06-28,2017-06-28 10:17:39
10:17:42,10:17:42,8.82,--,165,145530,买盘,2017-06-28,2017-06-28 10:17:42
10:17:45,10:17:45,8.82,--,148,130536,买盘,2017-06-28,2017-06-28 10:17:45
10:17:48,10:17:48,8.81,-0.01,10,8810,卖盘,2017-06-28,2017-06-28 10:17:48
10:17:51,10:17:51,8.81,--,91,80171,卖盘,2017-06-28,2017-06-28 10:17:51
10:17:54,10:17:54,8.81,--,73,64313,卖盘,2017-06-28,2017-06-28 10:17:54
10:17:57,10:17:57,8.81,--,20,17620,卖盘,2017-06-28,2017-06-28 10:17:57
10:18:00,10:18:00,8.81,--,269,236989,卖盘,2017-06-28,2017-06-28 10:18:00
10:18:03,10:18:03,8.82,0.01,181,159642,买盘,2017-06-28,2017-06-28 10:18:03
10:18:06,10:18:06,8.81,-0.01,113,99553,卖盘,2017-06-28,2017-06-28 10:18:06
10:18:09,10:18:09,8.8,-0.01,153,134640,卖盘,2017-06-28,2017-06-28 10:18:09
10:18:12,10:18:12,8.81,0.01,43,37883,买盘,2017-06-28,2017-06-28 10:18:12
10:18:15,10:18:15,8.8,-0.01,34,29920,卖盘,2017-06-28,2017-06-28 10:18:15
10:18:18,10:18:18,8.8,--,108,95040,卖盘,2017-06-28,2017-06-28 10:18:18
10:18:21,10:18:21,8.8,--,225,198000,卖盘,2017-06-28,2017-06-28 10:18:21
10:18:24,10:18:24,8.8,--,12,10560,卖盘,2017-06-28,2017-06-28 10:18:24
10:18:27,10:18:27,8.8,--,30,26400,买盘,2017-06-28,2017-06-28 10:18:27
10:18:30,10:18:30,8.8,--,94,82720,买盘,2017-06-28,2017-06-28 10:18:30
10:18:33,10:18:33,8.8,--,106,93280,买盘,2017-06-28,2017-06-28 10:18:33
10:18:36,10:18:36,8.8,--,21,18480,买盘,2017-06-28,2017-06-28 10:18:36
10:18:39,10:18:39,8.79,-0.01,35,30764,买盘,2017-06-28,2017-06-28 10:18:39
10:18:42,10:18:42,8.78,-0.01,8,7023,卖盘,2017-06-28,2017-06-28 10:18:42
10:18:45,10:18:45,8.79,0.01,22,19337,买盘,2017-06-28,2017-06-28 10:18:45
10:18:48,10:18:48,8.78,-0.01,9,7901,卖盘,2017-06-28,2017-06-28 10:18:48
10:18:51,10:18:51,8.79,0.01,92,80867,买盘,2017-06-28,2017-06-28 10:18:51
10:18:54,10:18:54,8.78,-0.01,10,8780,中性盘,2017-06-28,2017-06-28 10:18:54
10:19:03,10:19:03,8.75,-0.03,976,854000,卖盘,2017-06-28,2017-06-28 10:19:03
10:19:06,10:19:06,8.75,--,17,14875,买盘,2017-06-28,2017-06-28 10:19:06
10:19:09,10:19:09,8.75,--,39,34125,买盘,2017-06-28,2017-06-28 10:19:09
10:19:12,10:19:12,8.72,-0.03,441,384552,卖盘,2017-06-28,2017-06-28 10:19:12
10:19:15,10:19:15,8.75,0.03,27,23625,买盘,2017-06-28,2017-06-28 10:19:15
10:19:18,10:19:18,8.74,-0.01,259,226366,卖盘,2017-06-28,2017-06-28 10:19:18
10:19:21,10:19:21,8.75,0.01,84,73500,买盘,2017-06-28,2017-06-28 10:19:21
10:19:24,10:19:24,8.75,--,18,15750,卖盘,2017-06-28,2017-06-28 10:19:24
10:19:27,10:19:27,8.75,--,11,9625,卖盘,2017-06-28,2017-06-28 10:19:27
10:19:30,10:19:30,8.75,--,82,71750,卖盘,2017-06-28,2017-06-28 10:19:30
10:19:33,10:19:33,8.77,0.02,22,19294,买盘,2017-06-28,2017-06-28 10:19:33
10:19:36,10:19:36,8.77,--,20,17540,买盘,2017-06-28,2017-06-28 10:19:36
10:19:39,10:19:39,8.75,-0.02,16,14000,卖盘,2017-06-28,2017-06-28 10:19:39
10:19:42,10:19:42,8.74,-0.01,63,55062,卖盘,2017-06-28,2017-06-28 10:19:42
10:19:45,10:19:45,8.74,--,10,8740,卖盘,2017-06-28,2017-06-28 10:19:45
10:19:48,10:19:48,8.77,0.03,5,4385,买盘,2017-06-28,2017-06-28 10:19:48
10:19:51,10:19:51,8.75,-0.02,17,14875,卖盘,2017-06-28,2017-06-28 10:19:51
10:19:54,10:19:54,8.75,--,9,7875,卖盘,2017-06-28,2017-06-28 10:19:54
10:19:57,10:19:57,8.75,--,22,19250,卖盘,2017-06-28,2017-06-28 10:19:57
10:20:00,10:20:00,8.75,--,116,101500,卖盘,2017-06-28,2017-06-28 10:20:00
10:20:03,10:20:03,8.75,--,87,76125,卖盘,2017-06-28,2017-06-28 10:20:03
10:20:06,10:20:06,8.75,--,43,37625,买盘,2017-06-28,2017-06-28 10:20:06
10:20:09,10:20:09,8.74,-0.01,98,85652,卖盘,2017-06-28,2017-06-28 10:20:09
10:20:12,10:20:12,8.74,--,42,36708,卖盘,2017-06-28,2017-06-28 10:20:12
10:20:15,10:20:15,8.75,0.01,84,73500,买盘,2017-06-28,2017-06-28 10:20:15
10:20:18,10:20:18,8.75,--,24,21000,买盘,2017-06-28,2017-06-28 10:20:18
10:20:21,10:20:21,8.74,-0.01,34,29716,卖盘,2017-06-28,2017-06-28 10:20:21
10:20:24,10:20:24,8.75,0.01,119,104125,买盘,2017-06-28,2017-06-28 10:20:24
10:20:27,10:20:27,8.75,--,35,30625,买盘,2017-06-28,2017-06-28 10:20:27
10:20:30,10:20:30,8.75,--,124,108500,买盘,2017-06-28,2017-06-28 10:20:30
10:20:33,10:20:33,8.77,0.02,13,11401,买盘,2017-06-28,2017-06-28 10:20:33
10:20:39,10:20:39,8.75,-0.02,9,7875,卖盘,2017-06-28,2017-06-28 10:20:39
10:20:42,10:20:42,8.77,0.02,6,5262,买盘,2017-06-28,2017-06-28 10:20:42
10:20:45,10:20:45,8.77,--,173,151721,买盘,2017-06-28,2017-06-28 10:20:45
10:20:48,10:20:48,8.77,--,13,11401,买盘,2017-06-28,2017-06-28 10:20:48
10:20:51,10:20:51,8.78,0.01,27,23706,买盘,2017-06-28,2017-06-28 10:20:51
10:20:54,10:20:54,8.78,--,63,55313,买盘,2017-06-28,2017-06-28 10:20:54
10:20:57,10:20:57,8.75,-0.03,1628,1424500,卖盘,2017-06-28,2017-06-28 10:20:57
10:21:00,10:21:00,8.75,--,10,8750,买盘,2017-06-28,2017-06-28 10:21:00
10:21:03,10:21:03,8.75,--,165,144375,买盘,2017-06-28,2017-06-28 10:21:03
10:21:06,10:21:06,8.74,-0.01,305,266570,卖盘,2017-06-28,2017-06-28 10:21:06
10:21:09,10:21:09,8.75,0.01,10,8750,买盘,2017-06-28,2017-06-28 10:21:09
10:21:12,10:21:12,8.75,--,121,105875,买盘,2017-06-28,2017-06-28 10:21:12
10:21:15,10:21:15,8.75,--,7,6125,买盘,2017-06-28,2017-06-28 10:21:15
10:21:18,10:21:18,8.75,--,86,75250,买盘,2017-06-28,2017-06-28 10:21:18
10:21:21,10:21:21,8.74,-0.01,497,434378,卖盘,2017-06-28,2017-06-28 10:21:21
10:21:24,10:21:24,8.75,0.01,93,81375,买盘,2017-06-28,2017-06-28 10:21:24
10:21:27,10:21:27,8.75,--,46,40250,买盘,2017-06-28,2017-06-28 10:21:27
10:21:30,10:21:30,8.75,--,37,32375,卖盘,2017-06-28,2017-06-28 10:21:30
10:21:36,10:21:36,8.75,--,20,17500,卖盘,2017-06-28,2017-06-28 10:21:36
10:21:39,10:21:39,8.75,--,95,83125,卖盘,2017-06-28,2017-06-28 10:21:39
10:21:42,10:21:42,8.76,0.01,67,58692,买盘,2017-06-28,2017-06-28 10:21:42
10:21:45,10:21:45,8.75,-0.01,101,88375,卖盘,2017-06-28,2017-06-28 10:21:45
10:21:48,10:21:48,8.76,0.01,48,42048,买盘,2017-06-28,2017-06-28 10:21:48
10:21:51,10:21:51,8.77,0.01,56,49112,买盘,2017-06-28,2017-06-28 10:21:51
10:21:54,10:21:54,8.76,-0.01,20,17520,卖盘,2017-06-28,2017-06-28 10:21:54
10:21:57,10:21:57,8.76,--,8,7008,卖盘,2017-06-28,2017-06-28 10:21:57
10:22:00,10:22:00,8.77,0.01,70,61390,买盘,2017-06-28,2017-06-28 10:22:00
10:22:03,10:22:03,8.78,0.01,10,8780,买盘,2017-06-28,2017-06-28 10:22:03
10:22:06,10:22:06,8.77,-0.01,6,5262,卖盘,2017-06-28,2017-06-28 10:22:06
10:22:09,10:22:09,8.77,--,4,3508,卖盘,2017-06-28,2017-06-28 10:22:09
10:22:12,10:22:12,8.78,0.01,87,76386,买盘,2017-06-28,2017-06-28 10:22:12
10:22:15,10:22:15,8.77,-0.01,5,4385,中性盘,2017-06-28,2017-06-28 10:22:15
10:22:18,10:22:18,8.77,--,7,6139,买盘,2017-06-28,2017-06-28 10:22:18
10:22:21,10:22:21,8.77,--,41,35957,买盘,2017-06-28,2017-06-28 10:22:21
10:22:24,10:22:24,8.76,-0.01,10,8760,卖盘,2017-06-28,2017-06-28 10:22:24
10:22:27,10:22:27,8.77,0.01,14,12278,买盘,2017-06-28,2017-06-28 10:22:27
10:22:30,10:22:30,8.76,-0.01,115,100740,卖盘,2017-06-28,2017-06-28 10:22:30
10:22:36,10:22:36,8.76,--,12,10512,卖盘,2017-06-28,2017-06-28 10:22:36
10:22:39,10:22:39,8.77,0.01,64,56128,买盘,2017-06-28,2017-06-28 10:22:39
10:22:42,10:22:42,8.76,-0.01,16,14016,卖盘,2017-06-28,2017-06-28 10:22:42
10:22:45,10:22:45,8.76,--,161,141036,卖盘,2017-06-28,2017-06-28 10:22:45
10:22:48,10:22:48,8.76,--,54,47304,卖盘,2017-06-28,2017-06-28 10:22:48
10:22:51,10:22:51,8.77,0.01,88,77176,买盘,2017-06-28,2017-06-28 10:22:51
10:22:54,10:22:54,8.76,-0.01,5,4380,卖盘,2017-06-28,2017-06-28 10:22:54
10:22:57,10:22:57,8.77,0.01,34,29818,买盘,2017-06-28,2017-06-28 10:22:57
10:23:00,10:23:00,8.77,--,59,51743,买盘,2017-06-28,2017-06-28 10:23:00
10:23:03,10:23:03,8.77,--,33,28941,卖盘,2017-06-28,2017-06-28 10:23:03
10:23:06,10:23:06,8.77,--,24,21048,卖盘,2017-06-28,2017-06-28 10:23:06
10:23:09,10:23:09,8.77,--,2,1754,卖盘,2017-06-28,2017-06-28 10:23:09
10:23:12,10:23:12,8.77,--,14,12278,卖盘,2017-06-28,2017-06-28 10:23:12
10:23:15,10:23:15,8.76,-0.01,65,56940,卖盘,2017-06-28,2017-06-28 10:23:15
10:23:18,10:23:18,8.76,--,70,61320,卖盘,2017-06-28,2017-06-28 10:23:18
10:23:21,10:23:21,8.75,-0.01,214,187250,卖盘,2017-06-28,2017-06-28 10:23:21
10:23:27,10:23:27,8.75,--,142,124250,卖盘,2017-06-28,2017-06-28 10:23:27
10:23:30,10:23:30,8.75,--,9,7875,买盘,2017-06-28,2017-06-28 10:23:30
10:23:33,10:23:33,8.75,--,15,13125,买盘,2017-06-28,2017-06-28 10:23:33
10:23:36,10:23:36,8.72,-0.03,1202,1048144,卖盘,2017-06-28,2017-06-28 10:23:36
10:23:39,10:23:39,8.72,--,23,20056,卖盘,2017-06-28,2017-06-28 10:23:39
10:23:42,10:23:42,8.72,--,62,54064,卖盘,2017-06-28,2017-06-28 10:23:42
10:23:45,10:23:45,8.71,-0.01,1515,1319565,卖盘,2017-06-28,2017-06-28 10:23:45
10:23:48,10:23:48,8.71,--,61,53131,卖盘,2017-06-28,2017-06-28 10:23:48
10:23:51,10:23:51,8.72,0.01,1105,963560,买盘,2017-06-28,2017-06-28 10:23:51
10:23:54,10:23:54,8.71,-0.01,69,60099,卖盘,2017-06-28,2017-06-28 10:23:54
10:23:57,10:23:57,8.7,-0.01,632,549840,卖盘,2017-06-28,2017-06-28 10:23:57
10:24:00,10:24:00,8.71,0.01,95,82745,买盘,2017-06-28,2017-06-28 10:24:00
10:24:03,10:24:03,8.71,--,143,124553,买盘,2017-06-28,2017-06-28 10:24:03
10:24:06,10:24:06,8.7,-0.01,193,167910,卖盘,2017-06-28,2017-06-28 10:24:06
10:24:09,10:24:09,8.71,0.01,100,87100,买盘,2017-06-28,2017-06-28 10:24:09
10:24:12,10:24:12,8.7,-0.01,245,213149,卖盘,2017-06-28,2017-06-28 10:24:12
10:24:15,10:24:15,8.71,0.01,73,63583,买盘,2017-06-28,2017-06-28 10:24:15
10:24:18,10:24:18,8.7,-0.01,269,234029,卖盘,2017-06-28,2017-06-28 10:24:18
10:24:21,10:24:21,8.71,0.01,335,291785,买盘,2017-06-28,2017-06-28 10:24:21
10:24:24,10:24:24,8.71,--,95,82745,卖盘,2017-06-28,2017-06-28 10:24:24
10:24:27,10:24:27,8.71,--,396,344916,卖盘,2017-06-28,2017-06-28 10:24:27
10:24:30,10:24:30,8.72,0.01,81,70632,买盘,2017-06-28,2017-06-28 10:24:30
10:24:33,10:24:33,8.72,--,237,206664,卖盘,2017-06-28,2017-06-28 10:24:33
10:24:36,10:24:36,8.72,--,15,13080,卖盘,2017-06-28,2017-06-28 10:24:36
10:24:39,10:24:39,8.73,0.01,37,32301,买盘,2017-06-28,2017-06-28 10:24:39
10:24:42,10:24:42,8.72,-0.01,60,52320,卖盘,2017-06-28,2017-06-28 10:24:42
10:24:45,10:24:45,8.72,--,33,28776,卖盘,2017-06-28,2017-06-28 10:24:45
10:24:48,10:24:48,8.76,0.04,36,31536,买盘,2017-06-28,2017-06-28 10:24:48
10:24:51,10:24:51,8.72,-0.04,7,6104,卖盘,2017-06-28,2017-06-28 10:24:51
10:24:54,10:24:54,8.74,0.02,38,33212,中性盘,2017-06-28,2017-06-28 10:24:54
10:24:57,10:24:57,8.73,-0.01,133,116109,中性盘,2017-06-28,2017-06-28 10:24:57
10:25:00,10:25:00,8.73,--,96,83808,卖盘,2017-06-28,2017-06-28 10:25:00
10:25:03,10:25:03,8.73,--,27,23571,卖盘,2017-06-28,2017-06-28 10:25:03
10:25:06,10:25:06,8.73,--,12,10476,卖盘,2017-06-28,2017-06-28 10:25:06
10:25:09,10:25:09,8.73,--,13,11349,卖盘,2017-06-28,2017-06-28 10:25:09
10:25:12,10:25:12,8.73,--,22,19206,卖盘,2017-06-28,2017-06-28 10:25:12
10:25:18,10:25:18,8.75,0.02,377,329875,买盘,2017-06-28,2017-06-28 10:25:18
10:25:21,10:25:21,8.74,-0.01,109,95266,中性盘,2017-06-28,2017-06-28 10:25:21
10:25:24,10:25:24,8.75,0.01,41,35875,买盘,2017-06-28,2017-06-28 10:25:24
10:25:27,10:25:27,8.73,-0.02,1594,1391562,卖盘,2017-06-28,2017-06-28 10:25:27
10:25:33,10:25:33,8.72,-0.01,76,66272,中性盘,2017-06-28,2017-06-28 10:25:33
10:25:36,10:25:36,8.72,--,10,8720,买盘,2017-06-28,2017-06-28 10:25:36
10:25:39,10:25:39,8.72,--,210,183120,买盘,2017-06-28,2017-06-28 10:25:39
10:25:42,10:25:42,8.72,--,79,68888,买盘,2017-06-28,2017-06-28 10:25:42
10:25:45,10:25:45,8.72,--,10,8720,卖盘,2017-06-28,2017-06-28 10:25:45
10:25:48,10:25:48,8.72,--,104,90688,卖盘,2017-06-28,2017-06-28 10:25:48
10:25:51,10:25:51,8.72,--,46,40112,卖盘,2017-06-28,2017-06-28 10:25:51
10:25:54,10:25:54,8.73,0.01,149,130077,买盘,2017-06-28,2017-06-28 10:25:54
10:26:00,10:26:00,8.73,--,714,623322,买盘,2017-06-28,2017-06-28 10:26:00
10:26:03,10:26:03,8.71,-0.02,261,227331,卖盘,2017-06-28,2017-06-28 10:26:03
10:26:06,10:26:06,8.72,0.01,35,30520,买盘,2017-06-28,2017-06-28 10:26:06
10:26:09,10:26:09,8.72,--,153,133416,买盘,2017-06-28,2017-06-28 10:26:09
10:26:12,10:26:12,8.71,-0.01,108,94068,卖盘,2017-06-28,2017-06-28 10:26:12
10:26:15,10:26:15,8.72,0.01,49,42728,买盘,2017-06-28,2017-06-28 10:26:15
10:26:18,10:26:18,8.72,--,127,110744,买盘,2017-06-28,2017-06-28 10:26:18
10:26:21,10:26:21,8.72,--,73,63656,买盘,2017-06-28,2017-06-28 10:26:21
10:26:24,10:26:24,8.72,--,164,143008,买盘,2017-06-28,2017-06-28 10:26:24
10:26:27,10:26:27,8.71,-0.01,282,245622,卖盘,2017-06-28,2017-06-28 10:26:27
10:26:30,10:26:30,8.72,0.01,426,371472,买盘,2017-06-28,2017-06-28 10:26:30
10:26:33,10:26:33,8.72,--,99,86328,卖盘,2017-06-28,2017-06-28 10:26:33
10:26:36,10:26:36,8.72,--,20,17440,卖盘,2017-06-28,2017-06-28 10:26:36
10:26:39,10:26:39,8.71,-0.01,96,83616,卖盘,2017-06-28,2017-06-28 10:26:39
10:26:42,10:26:42,8.72,0.01,32,27904,中性盘,2017-06-28,2017-06-28 10:26:42
10:26:45,10:26:45,8.72,--,183,159576,卖盘,2017-06-28,2017-06-28 10:26:45
10:26:48,10:26:48,8.72,--,17,14824,买盘,2017-06-28,2017-06-28 10:26:48
10:26:51,10:26:51,8.72,--,45,39240,买盘,2017-06-28,2017-06-28 10:26:51
10:26:54,10:26:54,8.72,--,109,95048,买盘,2017-06-28,2017-06-28 10:26:54
10:26:57,10:26:57,8.73,0.01,146,127458,买盘,2017-06-28,2017-06-28 10:26:57
10:27:00,10:27:00,8.71,-0.02,126,109746,卖盘,2017-06-28,2017-06-28 10:27:00
10:27:03,10:27:03,8.73,0.02,3,2619,买盘,2017-06-28,2017-06-28 10:27:03
10:27:06,10:27:06,8.72,-0.01,69,60168,卖盘,2017-06-28,2017-06-28 10:27:06
10:27:09,10:27:09,8.72,--,9,7848,卖盘,2017-06-28,2017-06-28 10:27:09
10:27:12,10:27:12,8.73,0.01,50,43650,买盘,2017-06-28,2017-06-28 10:27:12
10:27:15,10:27:15,8.72,-0.01,15,13080,卖盘,2017-06-28,2017-06-28 10:27:15
10:27:18,10:27:18,8.74,0.02,420,367080,买盘,2017-06-28,2017-06-28 10:27:18
10:27:21,10:27:21,8.74,--,31,27094,卖盘,2017-06-28,2017-06-28 10:27:21
10:27:24,10:27:24,8.74,--,3,2622,卖盘,2017-06-28,2017-06-28 10:27:24
10:27:27,10:27:27,8.74,--,50,43700,卖盘,2017-06-28,2017-06-28 10:27:27
10:27:30,10:27:30,8.74,--,80,69920,卖盘,2017-06-28,2017-06-28 10:27:30
10:27:36,10:27:36,8.75,0.01,50,43750,买盘,2017-06-28,2017-06-28 10:27:36
10:27:42,10:27:42,8.74,-0.01,112,97888,卖盘,2017-06-28,2017-06-28 10:27:42
10:27:45,10:27:45,8.75,0.01,19,16625,买盘,2017-06-28,2017-06-28 10:27:45
10:27:48,10:27:48,8.75,--,1,875,买盘,2017-06-28,2017-06-28 10:27:48
10:27:54,10:27:54,8.74,-0.01,8,6992,卖盘,2017-06-28,2017-06-28 10:27:54
10:27:57,10:27:57,8.75,0.01,13,11375,买盘,2017-06-28,2017-06-28 10:27:57
10:28:00,10:28:00,8.74,-0.01,140,122360,卖盘,2017-06-28,2017-06-28 10:28:00
10:28:03,10:28:03,8.74,--,6,5244,买盘,2017-06-28,2017-06-28 10:28:03
10:28:06,10:28:06,8.75,0.01,80,70000,买盘,2017-06-28,2017-06-28 10:28:06
10:28:09,10:28:09,8.75,--,25,21875,买盘,2017-06-28,2017-06-28 10:28:09
10:28:12,10:28:12,8.74,-0.01,115,100510,卖盘,2017-06-28,2017-06-28 10:28:12
10:28:15,10:28:15,8.75,0.01,19,16625,买盘,2017-06-28,2017-06-28 10:28:15
10:28:18,10:28:18,8.74,-0.01,17,14858,卖盘,2017-06-28,2017-06-28 10:28:18
10:28:21,10:28:21,8.74,--,73,63802,卖盘,2017-06-28,2017-06-28 10:28:21
10:28:24,10:28:24,8.75,0.01,30,26250,买盘,2017-06-28,2017-06-28 10:28:24
10:28:27,10:28:27,8.75,--,3,2625,买盘,2017-06-28,2017-06-28 10:28:27
10:28:30,10:28:30,8.73,-0.02,41,35793,卖盘,2017-06-28,2017-06-28 10:28:30
10:28:33,10:28:33,8.75,0.02,77,67375,买盘,2017-06-28,2017-06-28 10:28:33
10:28:39,10:28:39,8.74,-0.01,83,72542,中性盘,2017-06-28,2017-06-28 10:28:39
10:28:42,10:28:42,8.73,-0.01,126,109998,卖盘,2017-06-28,2017-06-28 10:28:42
10:28:45,10:28:45,8.75,0.02,3,2625,买盘,2017-06-28,2017-06-28 10:28:45
10:28:48,10:28:48,8.73,-0.02,30,26190,卖盘,2017-06-28,2017-06-28 10:28:48
10:28:51,10:28:51,8.75,0.02,51,44625,买盘,2017-06-28,2017-06-28 10:28:51
10:28:54,10:28:54,8.73,-0.02,23,20079,卖盘,2017-06-28,2017-06-28 10:28:54
10:28:57,10:28:57,8.75,0.02,1,875,买盘,2017-06-28,2017-06-28 10:28:57
10:29:00,10:29:00,8.75,--,630,551250,买盘,2017-06-28,2017-06-28 10:29:00
10:29:03,10:29:03,8.75,--,3141,2748375,买盘,2017-06-28,2017-06-28 10:29:03
10:29:06,10:29:06,8.72,-0.03,70,61040,卖盘,2017-06-28,2017-06-28 10:29:06
10:29:09,10:29:09,8.72,--,343,299096,买盘,2017-06-28,2017-06-28 10:29:09
10:29:12,10:29:12,8.7,-0.02,123,107009,卖盘,2017-06-28,2017-06-28 10:29:12
10:29:15,10:29:15,8.7,--,18,15659,卖盘,2017-06-28,2017-06-28 10:29:15
10:29:18,10:29:18,8.7,--,7,6089,卖盘,2017-06-28,2017-06-28 10:29:18
10:29:21,10:29:21,8.7,--,63,54809,卖盘,2017-06-28,2017-06-28 10:29:21
10:29:24,10:29:24,8.7,--,64,55679,卖盘,2017-06-28,2017-06-28 10:29:24
10:29:27,10:29:27,8.69,-0.01,376,326744,卖盘,2017-06-28,2017-06-28 10:29:27
10:29:30,10:29:30,8.7,0.01,84,73080,买盘,2017-06-28,2017-06-28 10:29:30
10:29:33,10:29:33,8.7,--,40,34800,买盘,2017-06-28,2017-06-28 10:29:33
10:29:36,10:29:36,8.68,-0.02,1032,895776,卖盘,2017-06-28,2017-06-28 10:29:36
10:29:39,10:29:39,8.69,0.01,31,26939,买盘,2017-06-28,2017-06-28 10:29:39
10:29:42,10:29:42,8.68,-0.01,133,115444,卖盘,2017-06-28,2017-06-28 10:29:42
10:29:45,10:29:45,8.68,--,716,621488,卖盘,2017-06-28,2017-06-28 10:29:45
10:29:48,10:29:48,8.68,--,809,702212,卖盘,2017-06-28,2017-06-28 10:29:48
10:29:51,10:29:51,8.69,0.01,312,271128,买盘,2017-06-28,2017-06-28 10:29:51
10:29:54,10:29:54,8.69,--,245,212905,卖盘,2017-06-28,2017-06-28 10:29:54
10:29:57,10:29:57,8.69,--,135,117315,卖盘,2017-06-28,2017-06-28 10:29:57
10:30:00,10:30:00,8.68,-0.01,399,346332,卖盘,2017-06-28,2017-06-28 10:30:00
10:30:03,10:30:03,8.7,0.02,174,151380,买盘,2017-06-28,2017-06-28 10:30:03
10:30:09,10:30:09,8.7,--,51,44370,卖盘,2017-06-28,2017-06-28 10:30:09
10:30:12,10:30:12,8.71,0.01,69,60099,买盘,2017-06-28,2017-06-28 10:30:12
10:30:15,10:30:15,8.71,--,40,34840,卖盘,2017-06-28,2017-06-28 10:30:15
10:30:18,10:30:18,8.71,--,33,28743,卖盘,2017-06-28,2017-06-28 10:30:18
10:30:21,10:30:21,8.71,--,11,9581,卖盘,2017-06-28,2017-06-28 10:30:21
10:30:24,10:30:24,8.72,0.01,84,73248,买盘,2017-06-28,2017-06-28 10:30:24
10:30:27,10:30:27,8.71,-0.01,161,140231,中性盘,2017-06-28,2017-06-28 10:30:27
10:30:30,10:30:30,8.71,--,171,148941,买盘,2017-06-28,2017-06-28 10:30:30
10:30:33,10:30:33,8.7,-0.01,189,164430,卖盘,2017-06-28,2017-06-28 10:30:33
10:30:36,10:30:36,8.71,0.01,79,68809,买盘,2017-06-28,2017-06-28 10:30:36
10:30:39,10:30:39,8.71,--,21,18291,买盘,2017-06-28,2017-06-28 10:30:39
10:30:42,10:30:42,8.7,-0.01,88,76560,卖盘,2017-06-28,2017-06-28 10:30:42
10:30:45,10:30:45,8.71,0.01,102,88842,买盘,2017-06-28,2017-06-28 10:30:45
10:30:51,10:30:51,8.71,--,17,14807,买盘,2017-06-28,2017-06-28 10:30:51
10:30:54,10:30:54,8.68,-0.03,1501,1302868,卖盘,2017-06-28,2017-06-28 10:30:54
10:30:57,10:30:57,8.7,0.02,10,8700,买盘,2017-06-28,2017-06-28 10:30:57
10:31:00,10:31:00,8.7,--,41,35670,买盘,2017-06-28,2017-06-28 10:31:00
10:31:03,10:31:03,8.7,--,109,94829,买盘,2017-06-28,2017-06-28 10:31:03
10:31:06,10:31:06,8.69,-0.01,3,2607,卖盘,2017-06-28,2017-06-28 10:31:06
10:31:09,10:31:09,8.7,0.01,11,9570,买盘,2017-06-28,2017-06-28 10:31:09
10:31:12,10:31:12,8.69,-0.01,72,62568,卖盘,2017-06-28,2017-06-28 10:31:12
10:31:15,10:31:15,8.7,0.01,48,41760,买盘,2017-06-28,2017-06-28 10:31:15
10:31:18,10:31:18,8.7,--,22,19140,买盘,2017-06-28,2017-06-28 10:31:18
10:31:21,10:31:21,8.68,-0.02,60,52080,卖盘,2017-06-28,2017-06-28 10:31:21
10:31:24,10:31:24,8.69,0.01,5,4345,中性盘,2017-06-28,2017-06-28 10:31:24
10:31:27,10:31:27,8.69,--,50,43450,卖盘,2017-06-28,2017-06-28 10:31:27
10:31:30,10:31:30,8.68,-0.01,53,46004,卖盘,2017-06-28,2017-06-28 10:31:30
10:31:33,10:31:33,8.69,0.01,50,43450,买盘,2017-06-28,2017-06-28 10:31:33
10:31:36,10:31:36,8.69,--,51,44319,买盘,2017-06-28,2017-06-28 10:31:36
10:31:39,10:31:39,8.68,-0.01,319,276892,卖盘,2017-06-28,2017-06-28 10:31:39
10:31:42,10:31:42,8.68,--,221,191828,卖盘,2017-06-28,2017-06-28 10:31:42
10:31:45,10:31:45,8.69,0.01,30,26070,卖盘,2017-06-28,2017-06-28 10:31:45
10:31:48,10:31:48,8.7,0.01,79,68730,买盘,2017-06-28,2017-06-28 10:31:48
10:31:51,10:31:51,8.69,-0.01,88,76472,卖盘,2017-06-28,2017-06-28 10:31:51
10:31:57,10:31:57,8.69,--,34,29546,买盘,2017-06-28,2017-06-28 10:31:57
10:32:00,10:32:00,8.69,--,106,92114,买盘,2017-06-28,2017-06-28 10:32:00
10:32:03,10:32:03,8.68,-0.01,40,34720,卖盘,2017-06-28,2017-06-28 10:32:03
10:32:06,10:32:06,8.68,--,417,361956,卖盘,2017-06-28,2017-06-28 10:32:06
10:32:09,10:32:09,8.69,0.01,173,150337,买盘,2017-06-28,2017-06-28 10:32:09
10:32:12,10:32:12,8.68,-0.01,111,96348,卖盘,2017-06-28,2017-06-28 10:32:12
10:32:15,10:32:15,8.68,--,20,17360,卖盘,2017-06-28,2017-06-28 10:32:15
10:32:18,10:32:18,8.68,--,65,56420,卖盘,2017-06-28,2017-06-28 10:32:18
10:32:21,10:32:21,8.69,0.01,55,47795,买盘,2017-06-28,2017-06-28 10:32:21
10:32:24,10:32:24,8.68,-0.01,122,105896,卖盘,2017-06-28,2017-06-28 10:32:24
10:32:27,10:32:27,8.68,--,60,52080,卖盘,2017-06-28,2017-06-28 10:32:27
10:32:30,10:32:30,8.68,--,229,198772,卖盘,2017-06-28,2017-06-28 10:32:30
10:32:33,10:32:33,8.68,--,191,165788,卖盘,2017-06-28,2017-06-28 10:32:33
10:32:36,10:32:36,8.68,--,31,26908,卖盘,2017-06-28,2017-06-28 10:32:36
10:32:39,10:32:39,8.68,--,115,99820,卖盘,2017-06-28,2017-06-28 10:32:39
10:32:42,10:32:42,8.69,0.01,71,61699,买盘,2017-06-28,2017-06-28 10:32:42
10:32:45,10:32:45,8.69,--,44,38236,买盘,2017-06-28,2017-06-28 10:32:45
10:32:48,10:32:48,8.68,-0.01,925,802900,卖盘,2017-06-28,2017-06-28 10:32:48
10:32:51,10:32:51,8.69,0.01,7,6083,中性盘,2017-06-28,2017-06-28 10:32:51
10:32:54,10:32:54,8.7,0.01,113,98309,买盘,2017-06-28,2017-06-28 10:32:54
10:32:57,10:32:57,8.69,-0.01,141,122529,卖盘,2017-06-28,2017-06-28 10:32:57
10:33:00,10:33:00,8.69,--,124,107756,卖盘,2017-06-28,2017-06-28 10:33:00
10:33:03,10:33:03,8.69,--,53,46057,买盘,2017-06-28,2017-06-28 10:33:03
10:33:06,10:33:06,8.69,--,346,300674,买盘,2017-06-28,2017-06-28 10:33:06
10:33:09,10:33:09,8.69,--,17,14773,卖盘,2017-06-28,2017-06-28 10:33:09
10:33:12,10:33:12,8.69,--,1,869,卖盘,2017-06-28,2017-06-28 10:33:12
10:33:15,10:33:15,8.69,--,38,33022,卖盘,2017-06-28,2017-06-28 10:33:15
10:33:18,10:33:18,8.7,0.01,121,105269,买盘,2017-06-28,2017-06-28 10:33:18
10:33:21,10:33:21,8.69,-0.01,20,17380,卖盘,2017-06-28,2017-06-28 10:33:21
10:33:24,10:33:24,8.7,0.01,123,107009,买盘,2017-06-28,2017-06-28 10:33:24
10:33:27,10:33:27,8.7,--,3,2610,卖盘,2017-06-28,2017-06-28 10:33:27
10:33:30,10:33:30,8.7,--,24,20880,卖盘,2017-06-28,2017-06-28 10:33:30
10:33:36,10:33:36,8.7,--,312,271440,卖盘,2017-06-28,2017-06-28 10:33:36
10:33:39,10:33:39,8.7,--,104,90479,卖盘,2017-06-28,2017-06-28 10:33:39
10:33:42,10:33:42,8.7,--,416,361919,卖盘,2017-06-28,2017-06-28 10:33:42
10:33:45,10:33:45,8.71,0.01,7,6097,中性盘,2017-06-28,2017-06-28 10:33:45
10:33:51,10:33:51,8.71,--,15,13065,卖盘,2017-06-28,2017-06-28 10:33:51
10:33:54,10:33:54,8.72,0.01,161,140392,买盘,2017-06-28,2017-06-28 10:33:54
10:33:57,10:33:57,8.69,-0.03,1593,1384317,卖盘,2017-06-28,2017-06-28 10:33:57
10:34:00,10:34:00,8.69,--,11,9559,卖盘,2017-06-28,2017-06-28 10:34:00
10:34:03,10:34:03,8.71,0.02,130,113230,买盘,2017-06-28,2017-06-28 10:34:03
10:34:06,10:34:06,8.7,-0.01,34,29579,卖盘,2017-06-28,2017-06-28 10:34:06
10:34:09,10:34:09,8.7,--,38,33060,卖盘,2017-06-28,2017-06-28 10:34:09
10:34:12,10:34:12,8.7,--,12,10440,买盘,2017-06-28,2017-06-28 10:34:12
10:34:15,10:34:15,8.7,--,39,33930,买盘,2017-06-28,2017-06-28 10:34:15
10:34:21,10:34:21,8.7,--,35,30449,买盘,2017-06-28,2017-06-28 10:34:21
10:34:24,10:34:24,8.7,--,295,256649,买盘,2017-06-28,2017-06-28 10:34:24
10:34:27,10:34:27,8.7,--,2,1739,卖盘,2017-06-28,2017-06-28 10:34:27
10:34:36,10:34:36,8.7,--,91,79170,卖盘,2017-06-28,2017-06-28 10:34:36
10:34:39,10:34:39,8.71,0.01,19,16549,买盘,2017-06-28,2017-06-28 10:34:39
10:34:42,10:34:42,8.7,-0.01,10,8700,卖盘,2017-06-28,2017-06-28 10:34:42
10:34:45,10:34:45,8.71,0.01,133,115843,买盘,2017-06-28,2017-06-28 10:34:45
10:34:48,10:34:48,8.72,0.01,64,55808,买盘,2017-06-28,2017-06-28 10:34:48
10:34:54,10:34:54,8.71,-0.01,28,24388,卖盘,2017-06-28,2017-06-28 10:34:54
10:34:57,10:34:57,8.71,--,53,46163,卖盘,2017-06-28,2017-06-28 10:34:57
10:35:00,10:35:00,8.71,--,19,16549,卖盘,2017-06-28,2017-06-28 10:35:00
10:35:03,10:35:03,8.7,-0.01,480,417599,卖盘,2017-06-28,2017-06-28 10:35:03
10:35:06,10:35:06,8.71,0.01,76,66196,中性盘,2017-06-28,2017-06-28 10:35:06
10:35:09,10:35:09,8.71,--,50,43550,买盘,2017-06-28,2017-06-28 10:35:09
10:35:12,10:35:12,8.71,--,1,871,买盘,2017-06-28,2017-06-28 10:35:12
10:35:15,10:35:15,8.71,--,4,3484,买盘,2017-06-28,2017-06-28 10:35:15
10:35:18,10:35:18,8.71,--,28,24388,买盘,2017-06-28,2017-06-28 10:35:18
10:35:21,10:35:21,8.71,--,1,871,买盘,2017-06-28,2017-06-28 10:35:21
10:35:24,10:35:24,8.7,-0.01,74,64379,卖盘,2017-06-28,2017-06-28 10:35:24
10:35:27,10:35:27,8.7,--,23,20010,卖盘,2017-06-28,2017-06-28 10:35:27
10:35:30,10:35:30,8.7,--,10,8700,卖盘,2017-06-28,2017-06-28 10:35:30
10:35:33,10:35:33,8.71,0.01,3,2613,卖盘,2017-06-28,2017-06-28 10:35:33
10:35:36,10:35:36,8.71,--,27,23517,卖盘,2017-06-28,2017-06-28 10:35:36
10:35:42,10:35:42,8.71,--,47,40937,卖盘,2017-06-28,2017-06-28 10:35:42
10:35:45,10:35:45,8.71,--,116,101036,卖盘,2017-06-28,2017-06-28 10:35:45
10:35:48,10:35:48,8.71,--,17,14807,买盘,2017-06-28,2017-06-28 10:35:48
10:35:51,10:35:51,8.71,--,4,3484,卖盘,2017-06-28,2017-06-28 10:35:51
10:36:00,10:36:00,8.72,0.01,182,158704,买盘,2017-06-28,2017-06-28 10:36:00
10:36:03,10:36:03,8.71,-0.01,14,12194,卖盘,2017-06-28,2017-06-28 10:36:03
10:36:06,10:36:06,8.72,0.01,55,47960,买盘,2017-06-28,2017-06-28 10:36:06
10:36:09,10:36:09,8.72,--,32,27904,买盘,2017-06-28,2017-06-28 10:36:09
10:36:12,10:36:12,8.71,-0.01,2,1742,卖盘,2017-06-28,2017-06-28 10:36:12
10:36:15,10:36:15,8.71,--,74,64454,卖盘,2017-06-28,2017-06-28 10:36:15
10:36:21,10:36:21,8.72,0.01,39,34008,买盘,2017-06-28,2017-06-28 10:36:21
10:36:24,10:36:24,8.72,--,105,91560,买盘,2017-06-28,2017-06-28 10:36:24
10:36:27,10:36:27,8.71,-0.01,208,181168,卖盘,2017-06-28,2017-06-28 10:36:27
10:36:30,10:36:30,8.71,--,7,6097,买盘,2017-06-28,2017-06-28 10:36:30
10:36:33,10:36:33,8.71,--,18,15678,买盘,2017-06-28,2017-06-28 10:36:33
10:36:36,10:36:36,8.71,--,5,4355,买盘,2017-06-28,2017-06-28 10:36:36
10:36:39,10:36:39,8.71,--,8,6968,买盘,2017-06-28,2017-06-28 10:36:39
10:36:42,10:36:42,8.71,--,4,3484,买盘,2017-06-28,2017-06-28 10:36:42
10:36:48,10:36:48,8.71,--,10,8710,买盘,2017-06-28,2017-06-28 10:36:48
10:36:51,10:36:51,8.7,-0.01,38,33060,卖盘,2017-06-28,2017-06-28 10:36:51
10:36:54,10:36:54,8.7,--,25,21750,卖盘,2017-06-28,2017-06-28 10:36:54
10:36:57,10:36:57,8.7,--,25,21750,卖盘,2017-06-28,2017-06-28 10:36:57
10:37:00,10:37:00,8.71,0.01,58,50518,买盘,2017-06-28,2017-06-28 10:37:00
10:37:03,10:37:03,8.71,--,595,518245,买盘,2017-06-28,2017-06-28 10:37:03
10:37:06,10:37:06,8.7,-0.01,1769,1539029,卖盘,2017-06-28,2017-06-28 10:37:06
10:37:09,10:37:09,8.7,--,135,117449,卖盘,2017-06-28,2017-06-28 10:37:09
10:37:12,10:37:12,8.69,-0.01,22,19118,卖盘,2017-06-28,2017-06-28 10:37:12
10:37:15,10:37:15,8.7,0.01,20,17400,买盘,2017-06-28,2017-06-28 10:37:15
10:37:18,10:37:18,8.7,--,22,19140,买盘,2017-06-28,2017-06-28 10:37:18
10:37:24,10:37:24,8.69,-0.01,257,223333,卖盘,2017-06-28,2017-06-28 10:37:24
10:37:27,10:37:27,8.7,0.01,136,118319,买盘,2017-06-28,2017-06-28 10:37:27
10:37:30,10:37:30,8.7,--,67,58289,买盘,2017-06-28,2017-06-28 10:37:30
10:37:33,10:37:33,8.68,-0.02,1293,1122324,卖盘,2017-06-28,2017-06-28 10:37:33
10:37:36,10:37:36,8.68,--,300,260400,卖盘,2017-06-28,2017-06-28 10:37:36
10:37:39,10:37:39,8.69,0.01,100,86900,中性盘,2017-06-28,2017-06-28 10:37:39
10:37:42,10:37:42,8.69,--,25,21725,卖盘,2017-06-28,2017-06-28 10:37:42
10:37:48,10:37:48,8.69,--,6,5214,卖盘,2017-06-28,2017-06-28 10:37:48
10:37:51,10:37:51,8.69,--,36,31284,卖盘,2017-06-28,2017-06-28 10:37:51
10:37:54,10:37:54,8.69,--,211,183359,卖盘,2017-06-28,2017-06-28 10:37:54
10:37:57,10:37:57,8.7,0.01,106,92219,买盘,2017-06-28,2017-06-28 10:37:57
10:38:00,10:38:00,8.69,-0.01,30,26070,买盘,2017-06-28,2017-06-28 10:38:00
10:38:03,10:38:03,8.69,--,686,596134,买盘,2017-06-28,2017-06-28 10:38:03
10:38:06,10:38:06,8.69,--,12,10428,买盘,2017-06-28,2017-06-28 10:38:06
10:38:09,10:38:09,8.67,-0.02,629,545343,卖盘,2017-06-28,2017-06-28 10:38:09
10:38:12,10:38:12,8.68,0.01,74,64232,买盘,2017-06-28,2017-06-28 10:38:12
10:38:15,10:38:15,8.68,--,29,25172,买盘,2017-06-28,2017-06-28 10:38:15
10:38:18,10:38:18,8.68,--,303,263004,买盘,2017-06-28,2017-06-28 10:38:18
10:38:21,10:38:21,8.67,-0.01,59,51153,卖盘,2017-06-28,2017-06-28 10:38:21
10:38:24,10:38:24,8.67,--,1050,910350,卖盘,2017-06-28,2017-06-28 10:38:24
10:38:27,10:38:27,8.67,--,46,39882,买盘,2017-06-28,2017-06-28 10:38:27
10:38:30,10:38:30,8.67,--,239,207213,买盘,2017-06-28,2017-06-28 10:38:30
10:38:33,10:38:33,8.67,--,799,692733,买盘,2017-06-28,2017-06-28 10:38:33
10:38:36,10:38:36,8.67,--,64,55488,卖盘,2017-06-28,2017-06-28 10:38:36
10:38:39,10:38:39,8.68,0.01,501,434868,买盘,2017-06-28,2017-06-28 10:38:39
10:38:42,10:38:42,8.66,-0.02,50,43300,卖盘,2017-06-28,2017-06-28 10:38:42
10:38:45,10:38:45,8.69,0.03,633,550077,买盘,2017-06-28,2017-06-28 10:38:45
10:38:48,10:38:48,8.69,--,88,76472,卖盘,2017-06-28,2017-06-28 10:38:48
10:38:51,10:38:51,8.69,--,238,206822,卖盘,2017-06-28,2017-06-28 10:38:51
10:38:54,10:38:54,8.69,--,254,220726,卖盘,2017-06-28,2017-06-28 10:38:54
10:38:57,10:38:57,8.69,--,7,6083,卖盘,2017-06-28,2017-06-28 10:38:57
10:39:00,10:39:00,8.69,--,50,43450,卖盘,2017-06-28,2017-06-28 10:39:00
10:39:03,10:39:03,8.7,0.01,33,28709,买盘,2017-06-28,2017-06-28 10:39:03
10:39:06,10:39:06,8.7,--,124,107879,买盘,2017-06-28,2017-06-28 10:39:06
10:39:09,10:39:09,8.69,-0.01,19,16511,中性盘,2017-06-28,2017-06-28 10:39:09
10:39:12,10:39:12,8.69,--,644,559636,买盘,2017-06-28,2017-06-28 10:39:12
10:39:15,10:39:15,8.69,--,30,26070,买盘,2017-06-28,2017-06-28 10:39:15
10:39:18,10:39:18,8.68,-0.01,19,16492,中性盘,2017-06-28,2017-06-28 10:39:18
10:39:21,10:39:21,8.69,0.01,93,80817,买盘,2017-06-28,2017-06-28 10:39:21
10:39:24,10:39:24,8.68,-0.01,52,45136,卖盘,2017-06-28,2017-06-28 10:39:24
10:39:27,10:39:27,8.69,0.01,113,98197,买盘,2017-06-28,2017-06-28 10:39:27
10:39:30,10:39:30,8.69,--,100,86900,买盘,2017-06-28,2017-06-28 10:39:30
10:39:33,10:39:33,8.68,-0.01,75,65100,卖盘,2017-06-28,2017-06-28 10:39:33
10:39:36,10:39:36,8.68,--,37,32116,卖盘,2017-06-28,2017-06-28 10:39:36
10:39:39,10:39:39,8.68,--,368,319424,卖盘,2017-06-28,2017-06-28 10:39:39
10:39:42,10:39:42,8.69,0.01,14,12166,买盘,2017-06-28,2017-06-28 10:39:42
10:39:45,10:39:45,8.68,-0.01,122,105896,卖盘,2017-06-28,2017-06-28 10:39:45
10:39:48,10:39:48,8.69,0.01,186,161634,买盘,2017-06-28,2017-06-28 10:39:48
10:39:51,10:39:51,8.68,-0.01,103,89404,卖盘,2017-06-28,2017-06-28 10:39:51
10:39:54,10:39:54,8.68,--,67,58156,卖盘,2017-06-28,2017-06-28 10:39:54
10:39:57,10:39:57,8.69,0.01,25,21725,买盘,2017-06-28,2017-06-28 10:39:57
10:40:00,10:40:00,8.68,-0.01,15,13020,卖盘,2017-06-28,2017-06-28 10:40:00
10:40:03,10:40:03,8.69,0.01,44,38236,买盘,2017-06-28,2017-06-28 10:40:03
10:40:06,10:40:06,8.68,-0.01,79,68572,卖盘,2017-06-28,2017-06-28 10:40:06
10:40:09,10:40:09,8.68,--,205,177940,卖盘,2017-06-28,2017-06-28 10:40:09
10:40:12,10:40:12,8.69,0.01,45,39105,中性盘,2017-06-28,2017-06-28 10:40:12
10:40:15,10:40:15,8.69,--,106,92114,买盘,2017-06-28,2017-06-28 10:40:15
10:40:18,10:40:18,8.68,-0.01,130,112840,卖盘,2017-06-28,2017-06-28 10:40:18
10:40:24,10:40:24,8.69,0.01,72,62568,买盘,2017-06-28,2017-06-28 10:40:24
10:40:27,10:40:27,8.68,-0.01,10,8680,卖盘,2017-06-28,2017-06-28 10:40:27
10:40:30,10:40:30,8.68,--,16,13888,卖盘,2017-06-28,2017-06-28 10:40:30
10:40:33,10:40:33,8.68,--,30,26040,买盘,2017-06-28,2017-06-28 10:40:33
10:40:36,10:40:36,8.67,-0.01,84,72828,卖盘,2017-06-28,2017-06-28 10:40:36
10:40:39,10:40:39,8.68,0.01,106,92008,买盘,2017-06-28,2017-06-28 10:40:39
10:40:42,10:40:42,8.68,--,96,83328,卖盘,2017-06-28,2017-06-28 10:40:42
10:40:45,10:40:45,8.67,-0.01,99,85833,卖盘,2017-06-28,2017-06-28 10:40:45
10:40:48,10:40:48,8.68,0.01,53,46004,中性盘,2017-06-28,2017-06-28 10:40:48
10:40:51,10:40:51,8.68,--,18,15624,买盘,2017-06-28,2017-06-28 10:40:51
10:40:54,10:40:54,8.67,-0.01,6,5202,卖盘,2017-06-28,2017-06-28 10:40:54
10:40:57,10:40:57,8.68,0.01,18,15624,买盘,2017-06-28,2017-06-28 10:40:57
10:41:00,10:41:00,8.67,-0.01,78,67626,卖盘,2017-06-28,2017-06-28 10:41:00
10:41:03,10:41:03,8.67,--,210,182070,卖盘,2017-06-28,2017-06-28 10:41:03
10:41:06,10:41:06,8.67,--,49,42483,卖盘,2017-06-28,2017-06-28 10:41:06
10:41:09,10:41:09,8.67,--,21,18207,卖盘,2017-06-28,2017-06-28 10:41:09
10:41:12,10:41:12,8.67,--,26,22542,卖盘,2017-06-28,2017-06-28 10:41:12
10:41:15,10:41:15,8.68,0.01,271,235228,买盘,2017-06-28,2017-06-28 10:41:15
10:41:18,10:41:18,8.66,-0.02,92,79672,卖盘,2017-06-28,2017-06-28 10:41:18
10:41:21,10:41:21,8.67,0.01,65,56355,买盘,2017-06-28,2017-06-28 10:41:21
10:41:24,10:41:24,8.68,0.01,422,366296,买盘,2017-06-28,2017-06-28 10:41:24
10:41:27,10:41:27,8.68,--,7,6076,卖盘,2017-06-28,2017-06-28 10:41:27
10:41:30,10:41:30,8.68,--,472,409696,卖盘,2017-06-28,2017-06-28 10:41:30
10:41:33,10:41:33,8.68,--,65,56420,卖盘,2017-06-28,2017-06-28 10:41:33
10:41:36,10:41:36,8.66,-0.02,769,665954,卖盘,2017-06-28,2017-06-28 10:41:36
10:41:39,10:41:39,8.67,0.01,42,36414,中性盘,2017-06-28,2017-06-28 10:41:39
10:41:42,10:41:42,8.67,--,33,28611,买盘,2017-06-28,2017-06-28 10:41:42
10:41:45,10:41:45,8.67,--,14,12138,买盘,2017-06-28,2017-06-28 10:41:45
10:41:48,10:41:48,8.66,-0.01,183,158478,卖盘,2017-06-28,2017-06-28 10:41:48
10:41:51,10:41:51,8.66,--,64,55424,卖盘,2017-06-28,2017-06-28 10:41:51
