idx_time,time,price,change,volume,amount,type,date,date_time
09:25:03,09:25:03,14.36,14.36,6,8616,买盘,2017-08-03,2017-08-03 09:25:03
09:30:03,09:30:03,14.36,--,1,1436,卖盘,2017-08-03,2017-08-03 09:30:03
09:30:06,09:30:06,14.3,-0.06,35,50050,卖盘,2017-08-03,2017-08-03 09:30:06
09:30:09,09:30:09,14.3,--,2,2860,买盘,2017-08-03,2017-08-03 09:30:09
09:30:33,09:30:33,14.42,0.12,5,7210,买盘,2017-08-03,2017-08-03 09:30:33
09:30:36,09:30:36,14.35,-0.07,18,25830,卖盘,2017-08-03,2017-08-03 09:30:36
09:30:39,09:30:39,14.35,--,20,28700,买盘,2017-08-03,2017-08-03 09:30:39
09:30:57,09:30:57,14.35,--,18,25830,买盘,2017-08-03,2017-08-03 09:30:57
09:31:15,09:31:15,14.41,0.06,9,12969,买盘,2017-08-03,2017-08-03 09:31:15
09:31:21,09:31:21,14.35,-0.06,14,20090,卖盘,2017-08-03,2017-08-03 09:31:21
09:31:39,09:31:39,14.36,0.01,10,14360,中性盘,2017-08-03,2017-08-03 09:31:39
09:31:51,09:31:51,14.36,--,31,44516,买盘,2017-08-03,2017-08-03 09:31:51
09:32:00,09:32:00,14.35,-0.01,11,15785,卖盘,2017-08-03,2017-08-03 09:32:00
09:32:39,09:32:39,14.3,-0.05,28,40040,中性盘,2017-08-03,2017-08-03 09:32:39
09:32:45,09:32:45,14.35,0.05,10,14350,中性盘,2017-08-03,2017-08-03 09:32:45
09:33:00,09:33:00,14.35,--,11,15785,卖盘,2017-08-03,2017-08-03 09:33:00
09:33:21,09:33:21,14.3,-0.05,21,30030,卖盘,2017-08-03,2017-08-03 09:33:21
09:33:27,09:33:27,14.35,0.05,20,28700,买盘,2017-08-03,2017-08-03 09:33:27
09:33:42,09:33:42,14.35,--,4,5740,买盘,2017-08-03,2017-08-03 09:33:42
09:33:54,09:33:54,14.35,--,58,83230,买盘,2017-08-03,2017-08-03 09:33:54
09:34:06,09:34:06,14.33,-0.02,20,28660,卖盘,2017-08-03,2017-08-03 09:34:06
09:34:15,09:34:15,14.33,--,4,5732,买盘,2017-08-03,2017-08-03 09:34:15
09:34:18,09:34:18,14.33,--,4,5732,买盘,2017-08-03,2017-08-03 09:34:18
09:34:36,09:34:36,14.33,--,20,28660,买盘,2017-08-03,2017-08-03 09:34:36
09:34:39,09:34:39,14.31,-0.02,3,4293,卖盘,2017-08-03,2017-08-03 09:34:39
09:34:57,09:34:57,14.33,0.02,10,14330,买盘,2017-08-03,2017-08-03 09:34:57
09:35:09,09:35:09,14.33,--,8,11464,买盘,2017-08-03,2017-08-03 09:35:09
09:35:15,09:35:15,14.31,-0.02,5,7155,卖盘,2017-08-03,2017-08-03 09:35:15
09:35:18,09:35:18,14.31,--,11,15741,卖盘,2017-08-03,2017-08-03 09:35:18
09:35:21,09:35:21,14.33,0.02,50,71650,买盘,2017-08-03,2017-08-03 09:35:21
09:35:24,09:35:24,14.33,--,44,63052,买盘,2017-08-03,2017-08-03 09:35:24
09:35:27,09:35:27,14.33,--,4,5732,卖盘,2017-08-03,2017-08-03 09:35:27
09:35:36,09:35:36,14.33,--,13,18629,卖盘,2017-08-03,2017-08-03 09:35:36
09:35:42,09:35:42,14.35,0.02,88,127141,买盘,2017-08-03,2017-08-03 09:35:42
09:35:57,09:35:57,14.35,--,6,8610,卖盘,2017-08-03,2017-08-03 09:35:57
09:36:03,09:36:03,14.35,--,20,28700,卖盘,2017-08-03,2017-08-03 09:36:03
09:36:24,09:36:24,14.38,0.03,5,7190,买盘,2017-08-03,2017-08-03 09:36:24
09:36:48,09:36:48,14.38,--,5,7190,买盘,2017-08-03,2017-08-03 09:36:48
09:37:03,09:37:03,14.38,--,20,28760,买盘,2017-08-03,2017-08-03 09:37:03
09:37:09,09:37:09,14.38,--,3,4314,买盘,2017-08-03,2017-08-03 09:37:09
09:37:18,09:37:18,14.36,-0.02,5,7180,卖盘,2017-08-03,2017-08-03 09:37:18
09:37:33,09:37:33,14.36,--,59,84724,买盘,2017-08-03,2017-08-03 09:37:33
09:37:51,09:37:51,14.35,-0.01,4,6314,卖盘,2017-08-03,2017-08-03 09:37:51
09:38:18,09:38:18,14.35,--,4,5740,买盘,2017-08-03,2017-08-03 09:38:18
09:38:24,09:38:24,14.35,--,3,5166,买盘,2017-08-03,2017-08-03 09:38:24
09:38:36,09:38:36,14.34,-0.01,44,63096,卖盘,2017-08-03,2017-08-03 09:38:36
09:38:48,09:38:48,14.36,0.02,1,1436,买盘,2017-08-03,2017-08-03 09:38:48
09:39:09,09:39:09,14.34,-0.02,21,30114,卖盘,2017-08-03,2017-08-03 09:39:09
09:39:12,09:39:12,14.36,0.02,4,5744,买盘,2017-08-03,2017-08-03 09:39:12
09:39:18,09:39:18,14.36,--,11,15796,买盘,2017-08-03,2017-08-03 09:39:18
09:39:27,09:39:27,14.36,--,4,5744,买盘,2017-08-03,2017-08-03 09:39:27
09:39:30,09:39:30,14.36,--,4,5744,卖盘,2017-08-03,2017-08-03 09:39:30
09:39:39,09:39:39,14.38,0.02,7,10066,买盘,2017-08-03,2017-08-03 09:39:39
09:40:09,09:40:09,14.37,-0.01,4,6322,中性盘,2017-08-03,2017-08-03 09:40:09
09:40:42,09:40:42,14.35,-0.02,9,12915,卖盘,2017-08-03,2017-08-03 09:40:42
09:41:03,09:41:03,14.38,0.03,50,71900,买盘,2017-08-03,2017-08-03 09:41:03
09:41:06,09:41:06,14.35,-0.03,5,8036,卖盘,2017-08-03,2017-08-03 09:41:06
09:41:15,09:41:15,14.37,0.02,6,9196,买盘,2017-08-03,2017-08-03 09:41:15
09:41:27,09:41:27,14.35,-0.02,10,14350,卖盘,2017-08-03,2017-08-03 09:41:27
09:41:39,09:41:39,14.37,0.02,13,18681,买盘,2017-08-03,2017-08-03 09:41:39
09:41:42,09:41:42,14.37,--,5,7185,卖盘,2017-08-03,2017-08-03 09:41:42
09:41:45,09:41:45,14.37,--,21,30177,卖盘,2017-08-03,2017-08-03 09:41:45
09:41:51,09:41:51,14.38,0.01,15,21570,买盘,2017-08-03,2017-08-03 09:41:51
09:41:54,09:41:54,14.37,-0.01,10,14370,卖盘,2017-08-03,2017-08-03 09:41:54
09:42:15,09:42:15,14.37,--,2,2874,卖盘,2017-08-03,2017-08-03 09:42:15
09:42:27,09:42:27,14.36,-0.01,5,7180,买盘,2017-08-03,2017-08-03 09:42:27
09:42:30,09:42:30,14.35,-0.01,10,14350,卖盘,2017-08-03,2017-08-03 09:42:30
09:42:39,09:42:39,14.36,0.01,10,14360,买盘,2017-08-03,2017-08-03 09:42:39
09:43:00,09:43:00,14.36,--,20,28720,买盘,2017-08-03,2017-08-03 09:43:00
09:43:03,09:43:03,14.36,--,1,1436,买盘,2017-08-03,2017-08-03 09:43:03
09:43:06,09:43:06,14.36,--,10,14360,买盘,2017-08-03,2017-08-03 09:43:06
09:43:12,09:43:12,14.36,--,32,45952,买盘,2017-08-03,2017-08-03 09:43:12
09:43:15,09:43:15,14.36,--,9,12924,买盘,2017-08-03,2017-08-03 09:43:15
09:43:30,09:43:30,14.36,--,10,14360,卖盘,2017-08-03,2017-08-03 09:43:30
09:43:36,09:43:36,14.38,0.02,2,2876,买盘,2017-08-03,2017-08-03 09:43:36
09:43:42,09:43:42,14.38,--,3,4314,买盘,2017-08-03,2017-08-03 09:43:42
09:43:48,09:43:48,14.36,-0.02,1,1436,卖盘,2017-08-03,2017-08-03 09:43:48
09:43:57,09:43:57,14.36,--,17,24412,卖盘,2017-08-03,2017-08-03 09:43:57
09:44:24,09:44:24,14.36,--,50,71800,卖盘,2017-08-03,2017-08-03 09:44:24
09:44:33,09:44:33,14.38,0.02,10,14380,买盘,2017-08-03,2017-08-03 09:44:33
09:44:45,09:44:45,14.38,--,20,28760,买盘,2017-08-03,2017-08-03 09:44:45
09:44:57,09:44:57,14.38,--,1,1438,买盘,2017-08-03,2017-08-03 09:44:57
09:45:00,09:45:00,14.36,-0.02,1,2584,卖盘,2017-08-03,2017-08-03 09:45:00
09:45:15,09:45:15,14.39,0.03,60,86340,买盘,2017-08-03,2017-08-03 09:45:15
09:45:18,09:45:18,14.35,-0.04,83,120253,卖盘,2017-08-03,2017-08-03 09:45:18
09:45:57,09:45:57,14.34,-0.01,7,10038,卖盘,2017-08-03,2017-08-03 09:45:57
09:46:15,09:46:15,14.34,--,11,15774,卖盘,2017-08-03,2017-08-03 09:46:15
09:46:30,09:46:30,14.33,-0.01,10,14330,卖盘,2017-08-03,2017-08-03 09:46:30
09:46:36,09:46:36,14.34,0.01,5,7170,买盘,2017-08-03,2017-08-03 09:46:36
09:46:39,09:46:39,14.34,--,2,2868,买盘,2017-08-03,2017-08-03 09:46:39
09:46:42,09:46:42,14.33,-0.01,10,14330,卖盘,2017-08-03,2017-08-03 09:46:42
09:46:54,09:46:54,14.33,--,11,15763,买盘,2017-08-03,2017-08-03 09:46:54
09:47:15,09:47:15,14.32,-0.01,14,20048,卖盘,2017-08-03,2017-08-03 09:47:15
09:47:36,09:47:36,14.32,--,3,4296,卖盘,2017-08-03,2017-08-03 09:47:36
09:47:51,09:47:51,14.31,-0.01,16,22896,卖盘,2017-08-03,2017-08-03 09:47:51
09:48:00,09:48:00,14.32,0.01,5,7160,买盘,2017-08-03,2017-08-03 09:48:00
09:48:06,09:48:06,14.31,-0.01,44,62964,卖盘,2017-08-03,2017-08-03 09:48:06
09:48:21,09:48:21,14.32,0.01,8,11456,买盘,2017-08-03,2017-08-03 09:48:21
09:48:24,09:48:24,14.31,-0.01,24,34344,卖盘,2017-08-03,2017-08-03 09:48:24
09:48:54,09:48:54,14.33,0.02,2,2866,中性盘,2017-08-03,2017-08-03 09:48:54
09:49:00,09:49:00,14.34,0.01,5,7170,买盘,2017-08-03,2017-08-03 09:49:00
09:49:06,09:49:06,14.34,--,16,22944,卖盘,2017-08-03,2017-08-03 09:49:06
09:49:18,09:49:18,14.34,--,106,152004,买盘,2017-08-03,2017-08-03 09:49:18
09:49:27,09:49:27,14.34,--,9,14053,买盘,2017-08-03,2017-08-03 09:49:27
09:49:33,09:49:33,14.35,0.01,3,4305,买盘,2017-08-03,2017-08-03 09:49:33
09:49:39,09:49:39,14.35,--,5,7175,买盘,2017-08-03,2017-08-03 09:49:39
09:49:42,09:49:42,14.35,--,123,177079,买盘,2017-08-03,2017-08-03 09:49:42
09:50:00,09:50:00,14.39,0.04,16,23024,买盘,2017-08-03,2017-08-03 09:50:00
09:50:18,09:50:18,14.39,--,14,20146,买盘,2017-08-03,2017-08-03 09:50:18
09:50:33,09:50:33,14.4,0.01,1,1440,买盘,2017-08-03,2017-08-03 09:50:33
09:50:54,09:50:54,14.4,--,3,4320,买盘,2017-08-03,2017-08-03 09:50:54
09:50:57,09:50:57,14.4,--,1,1440,买盘,2017-08-03,2017-08-03 09:50:57
09:51:00,09:51:00,14.4,--,23,33120,买盘,2017-08-03,2017-08-03 09:51:00
09:51:06,09:51:06,14.4,--,9,12960,买盘,2017-08-03,2017-08-03 09:51:06
09:51:33,09:51:33,14.4,--,1,1440,买盘,2017-08-03,2017-08-03 09:51:33
09:51:39,09:51:39,14.39,-0.01,1,1439,中性盘,2017-08-03,2017-08-03 09:51:39
09:52:15,09:52:15,14.39,--,3,4317,卖盘,2017-08-03,2017-08-03 09:52:15
09:52:42,09:52:42,14.4,0.01,5,7200,买盘,2017-08-03,2017-08-03 09:52:42
09:52:45,09:52:45,14.39,-0.01,7,10073,卖盘,2017-08-03,2017-08-03 09:52:45
09:53:15,09:53:15,14.4,0.01,35,50400,买盘,2017-08-03,2017-08-03 09:53:15
09:53:24,09:53:24,14.4,--,1,1440,买盘,2017-08-03,2017-08-03 09:53:24
09:53:30,09:53:30,14.39,-0.01,6,8634,卖盘,2017-08-03,2017-08-03 09:53:30
09:53:45,09:53:45,14.4,0.01,14,20160,买盘,2017-08-03,2017-08-03 09:53:45
09:53:54,09:53:54,14.4,--,2,2880,买盘,2017-08-03,2017-08-03 09:53:54
09:54:09,09:54:09,14.39,-0.01,63,90657,卖盘,2017-08-03,2017-08-03 09:54:09
09:54:36,09:54:36,14.38,-0.01,51,73338,卖盘,2017-08-03,2017-08-03 09:54:36
09:54:45,09:54:45,14.38,--,1,1438,卖盘,2017-08-03,2017-08-03 09:54:45
09:54:48,09:54:48,14.38,--,14,20132,卖盘,2017-08-03,2017-08-03 09:54:48
09:54:54,09:54:54,14.38,--,23,33074,卖盘,2017-08-03,2017-08-03 09:54:54
09:55:06,09:55:06,14.36,-0.02,49,70364,卖盘,2017-08-03,2017-08-03 09:55:06
09:55:09,09:55:09,14.38,0.02,11,15818,买盘,2017-08-03,2017-08-03 09:55:09
09:55:27,09:55:27,14.38,--,5,7190,买盘,2017-08-03,2017-08-03 09:55:27
09:55:54,09:55:54,14.38,--,30,43140,买盘,2017-08-03,2017-08-03 09:55:54
09:56:33,09:56:33,14.38,--,10,14380,买盘,2017-08-03,2017-08-03 09:56:33
09:56:45,09:56:45,14.36,-0.02,3,4308,卖盘,2017-08-03,2017-08-03 09:56:45
09:57:33,09:57:33,14.39,0.03,20,28780,买盘,2017-08-03,2017-08-03 09:57:33
09:57:39,09:57:39,14.39,--,50,71950,买盘,2017-08-03,2017-08-03 09:57:39
09:57:42,09:57:42,14.39,--,10,14390,买盘,2017-08-03,2017-08-03 09:57:42
09:57:45,09:57:45,14.39,--,25,35975,买盘,2017-08-03,2017-08-03 09:57:45
09:57:57,09:57:57,14.39,--,30,43170,买盘,2017-08-03,2017-08-03 09:57:57
09:58:00,09:58:00,14.39,--,35,50652,买盘,2017-08-03,2017-08-03 09:58:00
09:58:12,09:58:12,14.4,0.01,25,36000,买盘,2017-08-03,2017-08-03 09:58:12
09:58:27,09:58:27,14.42,0.02,111,160062,买盘,2017-08-03,2017-08-03 09:58:27
09:58:36,09:58:36,14.42,--,14,20188,买盘,2017-08-03,2017-08-03 09:58:36
09:58:42,09:58:42,14.42,--,7,11449,买盘,2017-08-03,2017-08-03 09:58:42
09:58:45,09:58:45,14.43,0.01,2,2886,买盘,2017-08-03,2017-08-03 09:58:45
09:59:00,09:59:00,14.45,0.02,48,69360,卖盘,2017-08-03,2017-08-03 09:59:00
09:59:09,09:59:09,14.45,--,7,10115,买盘,2017-08-03,2017-08-03 09:59:09
09:59:12,09:59:12,14.45,--,72,104040,买盘,2017-08-03,2017-08-03 09:59:12
09:59:18,09:59:18,14.44,-0.01,2,2888,中性盘,2017-08-03,2017-08-03 09:59:18
09:59:24,09:59:24,14.44,--,3,4332,买盘,2017-08-03,2017-08-03 09:59:24
09:59:30,09:59:30,14.44,--,35,50540,买盘,2017-08-03,2017-08-03 09:59:30
09:59:33,09:59:33,14.44,--,14,20216,买盘,2017-08-03,2017-08-03 09:59:33
09:59:36,09:59:36,14.44,--,2,2888,买盘,2017-08-03,2017-08-03 09:59:36
09:59:39,09:59:39,14.45,0.01,10,14450,买盘,2017-08-03,2017-08-03 09:59:39
09:59:42,09:59:42,14.44,-0.01,14,20216,卖盘,2017-08-03,2017-08-03 09:59:42
10:00:03,10:00:03,14.44,--,7,10108,买盘,2017-08-03,2017-08-03 10:00:03
10:00:12,10:00:12,14.44,--,14,20216,买盘,2017-08-03,2017-08-03 10:00:12
10:00:21,10:00:21,14.43,-0.01,2,2886,卖盘,2017-08-03,2017-08-03 10:00:21
10:00:24,10:00:24,14.44,0.01,4,5776,买盘,2017-08-03,2017-08-03 10:00:24
10:00:30,10:00:30,14.44,--,2,2888,买盘,2017-08-03,2017-08-03 10:00:30
10:00:45,10:00:45,14.44,--,10,14440,买盘,2017-08-03,2017-08-03 10:00:45
10:00:48,10:00:48,14.44,--,2,2888,买盘,2017-08-03,2017-08-03 10:00:48
10:00:51,10:00:51,14.44,--,13,18772,买盘,2017-08-03,2017-08-03 10:00:51
10:00:54,10:00:54,14.44,--,3,4332,买盘,2017-08-03,2017-08-03 10:00:54
10:01:03,10:01:03,14.42,-0.02,119,171598,卖盘,2017-08-03,2017-08-03 10:01:03
10:01:30,10:01:30,14.41,-0.01,6,8646,卖盘,2017-08-03,2017-08-03 10:01:30
10:01:54,10:01:54,14.42,0.01,103,148526,买盘,2017-08-03,2017-08-03 10:01:54
10:01:57,10:01:57,14.42,--,21,30282,卖盘,2017-08-03,2017-08-03 10:01:57
10:02:06,10:02:06,14.42,--,3,4326,卖盘,2017-08-03,2017-08-03 10:02:06
10:02:09,10:02:09,14.42,--,13,19986,卖盘,2017-08-03,2017-08-03 10:02:09
10:02:12,10:02:12,14.44,0.02,1,1444,买盘,2017-08-03,2017-08-03 10:02:12
10:02:27,10:02:27,14.43,-0.01,0,288,中性盘,2017-08-03,2017-08-03 10:02:27
10:02:30,10:02:30,14.44,0.01,8,11552,买盘,2017-08-03,2017-08-03 10:02:30
10:02:33,10:02:33,14.44,--,6,8664,买盘,2017-08-03,2017-08-03 10:02:33
10:02:42,10:02:42,14.44,--,5,7220,买盘,2017-08-03,2017-08-03 10:02:42
10:02:54,10:02:54,14.45,0.01,100,144500,买盘,2017-08-03,2017-08-03 10:02:54
10:03:09,10:03:09,14.44,-0.01,21,30324,卖盘,2017-08-03,2017-08-03 10:03:09
10:03:12,10:03:12,14.44,--,1,1444,买盘,2017-08-03,2017-08-03 10:03:12
10:03:21,10:03:21,14.43,-0.01,22,32900,卖盘,2017-08-03,2017-08-03 10:03:21
10:03:24,10:03:24,14.44,0.01,85,123028,买盘,2017-08-03,2017-08-03 10:03:24
10:03:30,10:03:30,14.48,0.04,229,331592,买盘,2017-08-03,2017-08-03 10:03:30
10:03:39,10:03:39,14.44,-0.04,0,577,卖盘,2017-08-03,2017-08-03 10:03:39
10:03:48,10:03:48,14.48,0.04,81,117288,买盘,2017-08-03,2017-08-03 10:03:48
10:03:51,10:03:51,14.44,-0.04,10,14440,卖盘,2017-08-03,2017-08-03 10:03:51
10:03:57,10:03:57,14.47,0.03,2,2894,买盘,2017-08-03,2017-08-03 10:03:57
10:04:03,10:04:03,14.47,--,21,30387,买盘,2017-08-03,2017-08-03 10:04:03
10:04:06,10:04:06,14.47,--,10,14470,卖盘,2017-08-03,2017-08-03 10:04:06
10:04:12,10:04:12,14.47,--,2,2894,卖盘,2017-08-03,2017-08-03 10:04:12
10:04:15,10:04:15,14.47,--,1,1736,卖盘,2017-08-03,2017-08-03 10:04:15
10:04:18,10:04:18,14.48,0.01,20,28960,买盘,2017-08-03,2017-08-03 10:04:18
10:04:21,10:04:21,14.48,--,14,20272,买盘,2017-08-03,2017-08-03 10:04:21
10:04:30,10:04:30,14.47,-0.01,2,2894,买盘,2017-08-03,2017-08-03 10:04:30
10:04:39,10:04:39,14.47,--,6,8682,买盘,2017-08-03,2017-08-03 10:04:39
10:05:03,10:05:03,14.47,--,3,4341,买盘,2017-08-03,2017-08-03 10:05:03
10:05:24,10:05:24,14.46,-0.01,20,28920,卖盘,2017-08-03,2017-08-03 10:05:24
10:05:39,10:05:39,14.46,--,5,7230,卖盘,2017-08-03,2017-08-03 10:05:39
10:05:45,10:05:45,14.47,0.01,4,5788,买盘,2017-08-03,2017-08-03 10:05:45
10:05:48,10:05:48,14.46,-0.01,20,28920,卖盘,2017-08-03,2017-08-03 10:05:48
10:05:51,10:05:51,14.48,0.02,53,76744,买盘,2017-08-03,2017-08-03 10:05:51
10:05:57,10:05:57,14.46,-0.02,206,297876,卖盘,2017-08-03,2017-08-03 10:05:57
10:06:00,10:06:00,14.46,--,10,14460,买盘,2017-08-03,2017-08-03 10:06:00
10:06:09,10:06:09,14.46,--,60,86760,买盘,2017-08-03,2017-08-03 10:06:09
10:06:24,10:06:24,14.46,--,14,20244,买盘,2017-08-03,2017-08-03 10:06:24
10:06:27,10:06:27,14.46,--,30,44247,买盘,2017-08-03,2017-08-03 10:06:27
10:06:30,10:06:30,14.49,0.03,3,4347,买盘,2017-08-03,2017-08-03 10:06:30
10:06:45,10:06:45,14.46,-0.03,30,43380,卖盘,2017-08-03,2017-08-03 10:06:45
10:06:54,10:06:54,14.49,0.03,10,14490,买盘,2017-08-03,2017-08-03 10:06:54
10:07:09,10:07:09,14.49,--,20,28980,买盘,2017-08-03,2017-08-03 10:07:09
10:07:27,10:07:27,14.47,-0.02,30,43438,中性盘,2017-08-03,2017-08-03 10:07:27
10:07:45,10:07:45,14.47,--,3,4341,卖盘,2017-08-03,2017-08-03 10:07:45
10:08:00,10:08:00,14.49,0.02,33,47817,买盘,2017-08-03,2017-08-03 10:08:00
10:08:03,10:08:03,14.48,-0.01,10,14480,卖盘,2017-08-03,2017-08-03 10:08:03
10:08:12,10:08:12,14.48,--,3,4344,卖盘,2017-08-03,2017-08-03 10:08:12
10:08:18,10:08:18,14.47,-0.01,5,7235,卖盘,2017-08-03,2017-08-03 10:08:18
10:08:27,10:08:27,14.49,0.02,143,208366,买盘,2017-08-03,2017-08-03 10:08:27
10:09:09,10:09:09,14.49,--,37,53613,卖盘,2017-08-03,2017-08-03 10:09:09
10:09:21,10:09:21,14.49,--,14,20286,卖盘,2017-08-03,2017-08-03 10:09:21
10:09:30,10:09:30,14.5,0.01,8,12760,买盘,2017-08-03,2017-08-03 10:09:30
10:09:39,10:09:39,14.47,-0.03,100,144700,卖盘,2017-08-03,2017-08-03 10:09:39
10:09:51,10:09:51,14.5,0.03,50,72500,买盘,2017-08-03,2017-08-03 10:09:51
10:10:15,10:10:15,14.49,-0.01,5,7245,中性盘,2017-08-03,2017-08-03 10:10:15
10:10:33,10:10:33,14.49,--,10,14490,卖盘,2017-08-03,2017-08-03 10:10:33
10:10:36,10:10:36,14.49,--,15,21735,卖盘,2017-08-03,2017-08-03 10:10:36
10:10:39,10:10:39,14.49,--,10,14490,买盘,2017-08-03,2017-08-03 10:10:39
10:10:42,10:10:42,14.5,0.01,2,2900,买盘,2017-08-03,2017-08-03 10:10:42
10:10:54,10:10:54,14.49,-0.01,10,14490,中性盘,2017-08-03,2017-08-03 10:10:54
10:11:12,10:11:12,14.48,-0.01,2,2896,卖盘,2017-08-03,2017-08-03 10:11:12
10:11:27,10:11:27,14.48,--,2,2896,卖盘,2017-08-03,2017-08-03 10:11:27
10:11:42,10:11:42,14.48,--,4,5792,卖盘,2017-08-03,2017-08-03 10:11:42
10:11:54,10:11:54,14.48,--,15,21720,卖盘,2017-08-03,2017-08-03 10:11:54
10:12:06,10:12:06,14.5,0.02,119,172550,买盘,2017-08-03,2017-08-03 10:12:06
10:12:09,10:12:09,14.48,-0.02,23,33304,卖盘,2017-08-03,2017-08-03 10:12:09
10:12:12,10:12:12,14.48,--,1,1448,卖盘,2017-08-03,2017-08-03 10:12:12
10:12:24,10:12:24,14.49,0.01,10,14490,中性盘,2017-08-03,2017-08-03 10:12:24
10:12:42,10:12:42,14.5,0.01,119,172550,买盘,2017-08-03,2017-08-03 10:12:42
10:12:54,10:12:54,14.5,--,31,44950,买盘,2017-08-03,2017-08-03 10:12:54
10:12:57,10:12:57,14.51,0.01,17,24667,买盘,2017-08-03,2017-08-03 10:12:57
10:13:09,10:13:09,14.52,0.01,32,46464,买盘,2017-08-03,2017-08-03 10:13:09
10:13:21,10:13:21,14.52,--,16,23232,买盘,2017-08-03,2017-08-03 10:13:21
10:13:30,10:13:30,14.52,--,6,8712,卖盘,2017-08-03,2017-08-03 10:13:30
10:13:36,10:13:36,14.52,--,23,33396,买盘,2017-08-03,2017-08-03 10:13:36
10:13:42,10:13:42,14.51,-0.01,5,7255,卖盘,2017-08-03,2017-08-03 10:13:42
10:13:45,10:13:45,14.51,--,3,4353,买盘,2017-08-03,2017-08-03 10:13:45
10:13:57,10:13:57,14.52,0.01,17,24684,买盘,2017-08-03,2017-08-03 10:13:57
10:14:15,10:14:15,14.54,0.02,22,31987,买盘,2017-08-03,2017-08-03 10:14:15
10:14:21,10:14:21,14.54,--,2,2908,卖盘,2017-08-03,2017-08-03 10:14:21
10:14:24,10:14:24,14.54,--,4,5816,卖盘,2017-08-03,2017-08-03 10:14:24
10:14:27,10:14:27,14.56,0.02,76,111529,买盘,2017-08-03,2017-08-03 10:14:27
10:14:39,10:14:39,14.56,--,96,140358,卖盘,2017-08-03,2017-08-03 10:14:39
10:14:45,10:14:45,14.57,0.01,20,29140,买盘,2017-08-03,2017-08-03 10:14:45
10:14:48,10:14:48,14.58,0.01,19,27702,买盘,2017-08-03,2017-08-03 10:14:48
10:15:00,10:15:00,14.58,--,24,34992,买盘,2017-08-03,2017-08-03 10:15:00
10:15:03,10:15:03,14.55,-0.03,1,1455,卖盘,2017-08-03,2017-08-03 10:15:03
10:15:06,10:15:06,14.58,0.03,26,37908,买盘,2017-08-03,2017-08-03 10:15:06
10:15:15,10:15:15,14.56,-0.02,2,2912,卖盘,2017-08-03,2017-08-03 10:15:15
10:15:18,10:15:18,14.58,0.02,45,65610,买盘,2017-08-03,2017-08-03 10:15:18
10:15:21,10:15:21,14.59,0.01,167,243653,买盘,2017-08-03,2017-08-03 10:15:21
10:15:33,10:15:33,14.59,--,93,135687,买盘,2017-08-03,2017-08-03 10:15:33
10:15:36,10:15:36,14.58,-0.01,6,8748,买盘,2017-08-03,2017-08-03 10:15:36
10:15:45,10:15:45,14.58,--,7,10206,买盘,2017-08-03,2017-08-03 10:15:45
10:15:48,10:15:48,14.59,0.01,51,74409,买盘,2017-08-03,2017-08-03 10:15:48
10:15:54,10:15:54,14.58,-0.01,5,7290,中性盘,2017-08-03,2017-08-03 10:15:54
10:16:00,10:16:00,14.58,--,9,13122,买盘,2017-08-03,2017-08-03 10:16:00
10:16:06,10:16:06,14.58,--,3,4374,买盘,2017-08-03,2017-08-03 10:16:06
10:16:15,10:16:15,14.58,--,7,10206,买盘,2017-08-03,2017-08-03 10:16:15
10:16:18,10:16:18,14.58,--,60,87480,买盘,2017-08-03,2017-08-03 10:16:18
10:16:24,10:16:24,14.57,-0.01,10,14570,卖盘,2017-08-03,2017-08-03 10:16:24
10:16:45,10:16:45,14.57,--,3,4371,买盘,2017-08-03,2017-08-03 10:16:45
10:17:00,10:17:00,14.55,-0.02,10,14550,卖盘,2017-08-03,2017-08-03 10:17:00
10:17:03,10:17:03,14.55,--,2,2910,卖盘,2017-08-03,2017-08-03 10:17:03
10:17:06,10:17:06,14.56,0.01,5,7280,买盘,2017-08-03,2017-08-03 10:17:06
10:17:27,10:17:27,14.55,-0.01,10,14550,卖盘,2017-08-03,2017-08-03 10:17:27
10:17:48,10:17:48,14.55,--,4,5820,中性盘,2017-08-03,2017-08-03 10:17:48
10:17:54,10:17:54,14.56,0.01,7,10192,买盘,2017-08-03,2017-08-03 10:17:54
10:18:00,10:18:00,14.53,-0.03,10,14530,卖盘,2017-08-03,2017-08-03 10:18:00
10:18:09,10:18:09,14.55,0.02,3,4365,中性盘,2017-08-03,2017-08-03 10:18:09
10:18:18,10:18:18,14.55,--,2,2910,买盘,2017-08-03,2017-08-03 10:18:18
10:18:33,10:18:33,14.55,--,2,2910,买盘,2017-08-03,2017-08-03 10:18:33
10:18:45,10:18:45,14.55,--,7,10185,买盘,2017-08-03,2017-08-03 10:18:45
10:19:12,10:19:12,14.56,0.01,62,90272,买盘,2017-08-03,2017-08-03 10:19:12
10:19:27,10:19:27,14.56,--,67,97552,卖盘,2017-08-03,2017-08-03 10:19:27
10:19:30,10:19:30,14.56,--,9,13104,卖盘,2017-08-03,2017-08-03 10:19:30
10:19:42,10:19:42,14.56,--,8,11648,卖盘,2017-08-03,2017-08-03 10:19:42
10:19:51,10:19:51,14.56,--,20,29120,卖盘,2017-08-03,2017-08-03 10:19:51
10:19:57,10:19:57,14.56,--,6,8736,卖盘,2017-08-03,2017-08-03 10:19:57
10:20:03,10:20:03,14.56,--,7,10192,买盘,2017-08-03,2017-08-03 10:20:03
10:20:18,10:20:18,14.56,--,5,7280,买盘,2017-08-03,2017-08-03 10:20:18
10:20:33,10:20:33,14.57,0.01,40,58280,买盘,2017-08-03,2017-08-03 10:20:33
10:20:45,10:20:45,14.56,-0.01,12,17472,中性盘,2017-08-03,2017-08-03 10:20:45
10:20:48,10:20:48,14.55,-0.01,10,14550,卖盘,2017-08-03,2017-08-03 10:20:48
10:20:54,10:20:54,14.56,0.01,5,7280,买盘,2017-08-03,2017-08-03 10:20:54
10:20:57,10:20:57,14.55,-0.01,100,145500,卖盘,2017-08-03,2017-08-03 10:20:57
10:21:00,10:21:00,14.55,--,50,72750,卖盘,2017-08-03,2017-08-03 10:21:00
10:21:09,10:21:09,14.55,--,10,14550,卖盘,2017-08-03,2017-08-03 10:21:09
10:21:15,10:21:15,14.56,0.01,4,5824,买盘,2017-08-03,2017-08-03 10:21:15
10:21:24,10:21:24,14.55,-0.01,5,7275,卖盘,2017-08-03,2017-08-03 10:21:24
10:21:30,10:21:30,14.55,--,3,4365,卖盘,2017-08-03,2017-08-03 10:21:30
10:21:33,10:21:33,14.55,--,10,14550,卖盘,2017-08-03,2017-08-03 10:21:33
10:21:39,10:21:39,14.55,--,39,56745,卖盘,2017-08-03,2017-08-03 10:21:39
10:22:15,10:22:15,14.53,-0.02,3,4359,卖盘,2017-08-03,2017-08-03 10:22:15
10:22:18,10:22:18,14.5,-0.03,31,44950,卖盘,2017-08-03,2017-08-03 10:22:18
10:22:30,10:22:30,14.5,--,20,29000,卖盘,2017-08-03,2017-08-03 10:22:30
10:22:48,10:22:48,14.5,--,24,34800,卖盘,2017-08-03,2017-08-03 10:22:48
10:23:06,10:23:06,14.51,0.01,9,13059,中性盘,2017-08-03,2017-08-03 10:23:06
10:23:33,10:23:33,14.51,--,1,1451,买盘,2017-08-03,2017-08-03 10:23:33
10:23:51,10:23:51,14.51,--,22,31922,卖盘,2017-08-03,2017-08-03 10:23:51
10:24:00,10:24:00,14.51,--,5,7255,买盘,2017-08-03,2017-08-03 10:24:00
10:24:03,10:24:03,14.51,--,1,1451,买盘,2017-08-03,2017-08-03 10:24:03
10:24:30,10:24:30,14.52,0.01,23,33396,买盘,2017-08-03,2017-08-03 10:24:30
10:24:54,10:24:54,14.54,0.02,10,14540,买盘,2017-08-03,2017-08-03 10:24:54
10:25:36,10:25:36,14.54,--,10,14540,中性盘,2017-08-03,2017-08-03 10:25:36
10:25:45,10:25:45,14.53,-0.01,5,7265,卖盘,2017-08-03,2017-08-03 10:25:45
10:25:57,10:25:57,14.52,-0.01,25,36300,卖盘,2017-08-03,2017-08-03 10:25:57
10:26:18,10:26:18,14.55,0.03,88,128040,买盘,2017-08-03,2017-08-03 10:26:18
10:26:27,10:26:27,14.54,-0.01,2,2908,中性盘,2017-08-03,2017-08-03 10:26:27
10:26:30,10:26:30,14.53,-0.01,1,1453,买盘,2017-08-03,2017-08-03 10:26:30
10:26:36,10:26:36,14.53,--,7,10171,买盘,2017-08-03,2017-08-03 10:26:36
10:26:57,10:26:57,14.54,0.01,31,45074,中性盘,2017-08-03,2017-08-03 10:26:57
10:27:09,10:27:09,14.54,--,5,7270,中性盘,2017-08-03,2017-08-03 10:27:09
10:27:18,10:27:18,14.55,0.01,43,62565,买盘,2017-08-03,2017-08-03 10:27:18
10:27:27,10:27:27,14.53,-0.02,26,37778,卖盘,2017-08-03,2017-08-03 10:27:27
10:27:30,10:27:30,14.53,--,4,5812,买盘,2017-08-03,2017-08-03 10:27:30
10:27:39,10:27:39,14.54,0.01,1,1454,卖盘,2017-08-03,2017-08-03 10:27:39
10:27:57,10:27:57,14.54,--,8,11632,卖盘,2017-08-03,2017-08-03 10:27:57
10:28:03,10:28:03,14.54,--,11,15993,买盘,2017-08-03,2017-08-03 10:28:03
10:28:45,10:28:45,14.54,--,22,31987,买盘,2017-08-03,2017-08-03 10:28:45
10:28:54,10:28:54,14.54,--,8,11632,卖盘,2017-08-03,2017-08-03 10:28:54
10:29:36,10:29:36,14.53,-0.01,2,2906,卖盘,2017-08-03,2017-08-03 10:29:36
10:30:21,10:30:21,14.54,0.01,59,85786,买盘,2017-08-03,2017-08-03 10:30:21
10:30:27,10:30:27,14.52,-0.02,1,1742,卖盘,2017-08-03,2017-08-03 10:30:27
10:30:42,10:30:42,14.52,--,1,1452,卖盘,2017-08-03,2017-08-03 10:30:42
10:31:18,10:31:18,14.54,0.02,24,34896,买盘,2017-08-03,2017-08-03 10:31:18
10:31:24,10:31:24,14.55,0.01,17,24735,买盘,2017-08-03,2017-08-03 10:31:24
10:31:30,10:31:30,14.55,--,62,90210,买盘,2017-08-03,2017-08-03 10:31:30
10:31:33,10:31:33,14.56,0.01,32,46592,买盘,2017-08-03,2017-08-03 10:31:33
10:31:51,10:31:51,14.55,-0.01,2,2910,中性盘,2017-08-03,2017-08-03 10:31:51
10:32:00,10:32:00,14.56,0.01,69,101628,买盘,2017-08-03,2017-08-03 10:32:00
10:32:03,10:32:03,14.58,0.02,79,115182,买盘,2017-08-03,2017-08-03 10:32:03
10:32:18,10:32:18,14.58,--,10,14580,买盘,2017-08-03,2017-08-03 10:32:18
10:32:24,10:32:24,14.57,-0.01,39,56823,卖盘,2017-08-03,2017-08-03 10:32:24
10:32:27,10:32:27,14.58,0.01,14,20412,买盘,2017-08-03,2017-08-03 10:32:27
10:32:30,10:32:30,14.58,--,19,27702,买盘,2017-08-03,2017-08-03 10:32:30
10:32:33,10:32:33,14.6,0.02,366,534944,买盘,2017-08-03,2017-08-03 10:32:33
10:32:42,10:32:42,14.62,0.02,45,65790,买盘,2017-08-03,2017-08-03 10:32:42
10:32:45,10:32:45,14.62,--,17,24854,买盘,2017-08-03,2017-08-03 10:32:45
10:32:48,10:32:48,14.63,0.01,30,43890,买盘,2017-08-03,2017-08-03 10:32:48
10:32:54,10:32:54,14.63,--,2,2926,买盘,2017-08-03,2017-08-03 10:32:54
10:32:57,10:32:57,14.64,0.01,74,108336,买盘,2017-08-03,2017-08-03 10:32:57
10:33:03,10:33:03,14.65,0.01,17,24905,买盘,2017-08-03,2017-08-03 10:33:03
10:33:06,10:33:06,14.65,--,35,51275,买盘,2017-08-03,2017-08-03 10:33:06
10:33:09,10:33:09,14.64,-0.01,34,49776,卖盘,2017-08-03,2017-08-03 10:33:09
10:33:12,10:33:12,14.64,--,9,13176,卖盘,2017-08-03,2017-08-03 10:33:12
10:33:15,10:33:15,14.65,0.01,3,4395,买盘,2017-08-03,2017-08-03 10:33:15
10:33:18,10:33:18,14.65,--,7,10255,买盘,2017-08-03,2017-08-03 10:33:18
10:33:21,10:33:21,14.64,-0.01,16,23424,卖盘,2017-08-03,2017-08-03 10:33:21
10:33:24,10:33:24,14.63,-0.01,2,2926,卖盘,2017-08-03,2017-08-03 10:33:24
10:33:30,10:33:30,14.64,0.01,15,21960,买盘,2017-08-03,2017-08-03 10:33:30
10:33:33,10:33:33,14.64,--,5,7320,买盘,2017-08-03,2017-08-03 10:33:33
10:33:36,10:33:36,14.65,0.01,14,20510,买盘,2017-08-03,2017-08-03 10:33:36
10:33:51,10:33:51,14.64,-0.01,1,1464,卖盘,2017-08-03,2017-08-03 10:33:51
10:34:03,10:34:03,14.63,-0.01,50,73150,卖盘,2017-08-03,2017-08-03 10:34:03
10:34:09,10:34:09,14.63,--,5,7315,卖盘,2017-08-03,2017-08-03 10:34:09
10:34:15,10:34:15,14.63,--,12,17556,卖盘,2017-08-03,2017-08-03 10:34:15
10:34:18,10:34:18,14.63,--,8,11704,卖盘,2017-08-03,2017-08-03 10:34:18
10:34:36,10:34:36,14.58,-0.05,45,65610,卖盘,2017-08-03,2017-08-03 10:34:36
10:34:39,10:34:39,14.63,0.05,30,43890,买盘,2017-08-03,2017-08-03 10:34:39
10:34:45,10:34:45,14.62,-0.01,22,32164,中性盘,2017-08-03,2017-08-03 10:34:45
10:35:09,10:35:09,14.6,-0.02,9,13140,中性盘,2017-08-03,2017-08-03 10:35:09
10:35:12,10:35:12,14.6,--,1,1460,卖盘,2017-08-03,2017-08-03 10:35:12
10:35:15,10:35:15,14.62,0.02,39,57018,买盘,2017-08-03,2017-08-03 10:35:15
10:35:24,10:35:24,14.6,-0.02,4,5840,卖盘,2017-08-03,2017-08-03 10:35:24
10:35:27,10:35:27,14.6,--,2,2920,买盘,2017-08-03,2017-08-03 10:35:27
10:35:33,10:35:33,14.6,--,10,14600,买盘,2017-08-03,2017-08-03 10:35:33
10:35:39,10:35:39,14.59,-0.01,3,4377,卖盘,2017-08-03,2017-08-03 10:35:39
10:35:45,10:35:45,14.6,0.01,10,14600,买盘,2017-08-03,2017-08-03 10:35:45
10:35:54,10:35:54,14.59,-0.01,7,10213,中性盘,2017-08-03,2017-08-03 10:35:54
10:36:00,10:36:00,14.6,0.01,31,45260,买盘,2017-08-03,2017-08-03 10:36:00
10:36:12,10:36:12,14.6,--,5,7300,卖盘,2017-08-03,2017-08-03 10:36:12
10:36:24,10:36:24,14.59,-0.01,10,14590,卖盘,2017-08-03,2017-08-03 10:36:24
10:36:33,10:36:33,14.61,0.02,20,29220,买盘,2017-08-03,2017-08-03 10:36:33
10:36:36,10:36:36,14.6,-0.01,4,5840,卖盘,2017-08-03,2017-08-03 10:36:36
10:36:48,10:36:48,14.6,--,5,8176,卖盘,2017-08-03,2017-08-03 10:36:48
10:36:54,10:36:54,14.62,0.02,17,24854,买盘,2017-08-03,2017-08-03 10:36:54
10:36:57,10:36:57,14.62,--,7,10234,买盘,2017-08-03,2017-08-03 10:36:57
10:37:00,10:37:00,14.63,0.01,19,27797,买盘,2017-08-03,2017-08-03 10:37:00
10:37:03,10:37:03,14.63,--,13,19019,买盘,2017-08-03,2017-08-03 10:37:03
10:37:09,10:37:09,14.64,0.01,148,216672,买盘,2017-08-03,2017-08-03 10:37:09
10:37:18,10:37:18,14.65,0.01,17,24905,买盘,2017-08-03,2017-08-03 10:37:18
10:37:21,10:37:21,14.64,-0.01,20,29280,卖盘,2017-08-03,2017-08-03 10:37:21
10:37:24,10:37:24,14.64,--,26,38064,卖盘,2017-08-03,2017-08-03 10:37:24
10:37:27,10:37:27,14.65,0.01,26,38090,买盘,2017-08-03,2017-08-03 10:37:27
10:37:33,10:37:33,14.65,--,58,84970,买盘,2017-08-03,2017-08-03 10:37:33
10:37:36,10:37:36,14.65,--,50,73250,买盘,2017-08-03,2017-08-03 10:37:36
10:37:39,10:37:39,14.65,--,57,83798,买盘,2017-08-03,2017-08-03 10:37:39
10:37:42,10:37:42,14.64,-0.01,31,46555,卖盘,2017-08-03,2017-08-03 10:37:42
10:37:51,10:37:51,14.64,--,5,7320,买盘,2017-08-03,2017-08-03 10:37:51
10:37:54,10:37:54,14.64,--,4,5856,买盘,2017-08-03,2017-08-03 10:37:54
10:37:57,10:37:57,14.66,0.02,20,29320,买盘,2017-08-03,2017-08-03 10:37:57
10:38:06,10:38:06,14.65,-0.01,19,27835,中性盘,2017-08-03,2017-08-03 10:38:06
10:38:15,10:38:15,14.65,--,155,227075,买盘,2017-08-03,2017-08-03 10:38:15
10:38:21,10:38:21,14.65,--,40,58600,买盘,2017-08-03,2017-08-03 10:38:21
10:38:27,10:38:27,14.67,0.02,15,22005,买盘,2017-08-03,2017-08-03 10:38:27
10:38:30,10:38:30,14.65,-0.02,27,39555,中性盘,2017-08-03,2017-08-03 10:38:30
10:38:39,10:38:39,14.65,--,7,10255,买盘,2017-08-03,2017-08-03 10:38:39
10:38:42,10:38:42,14.65,--,16,23440,买盘,2017-08-03,2017-08-03 10:38:42
10:38:45,10:38:45,14.64,-0.01,38,56803,卖盘,2017-08-03,2017-08-03 10:38:45
10:39:09,10:39:09,14.67,0.03,127,186309,买盘,2017-08-03,2017-08-03 10:39:09
10:39:12,10:39:12,14.64,-0.03,10,14640,卖盘,2017-08-03,2017-08-03 10:39:12
10:39:15,10:39:15,14.64,--,3,4684,卖盘,2017-08-03,2017-08-03 10:39:15
10:39:24,10:39:24,14.62,-0.02,5,7310,卖盘,2017-08-03,2017-08-03 10:39:24
10:39:27,10:39:27,14.64,0.02,3,4392,买盘,2017-08-03,2017-08-03 10:39:27
10:39:36,10:39:36,14.64,--,5,7320,买盘,2017-08-03,2017-08-03 10:39:36
10:39:48,10:39:48,14.64,--,2,2928,买盘,2017-08-03,2017-08-03 10:39:48
10:39:57,10:39:57,14.62,-0.02,5,7310,卖盘,2017-08-03,2017-08-03 10:39:57
10:40:12,10:40:12,14.62,--,2,2924,卖盘,2017-08-03,2017-08-03 10:40:12
10:40:21,10:40:21,14.64,0.02,10,14640,买盘,2017-08-03,2017-08-03 10:40:21
10:40:33,10:40:33,14.62,-0.02,10,14620,卖盘,2017-08-03,2017-08-03 10:40:33
10:40:36,10:40:36,14.65,0.03,76,112219,买盘,2017-08-03,2017-08-03 10:40:36
10:40:51,10:40:51,14.65,--,5,7325,卖盘,2017-08-03,2017-08-03 10:40:51
10:40:54,10:40:54,14.65,--,18,26956,卖盘,2017-08-03,2017-08-03 10:40:54
10:41:24,10:41:24,14.65,--,82,121009,买盘,2017-08-03,2017-08-03 10:41:24
10:41:36,10:41:36,14.65,--,20,29300,卖盘,2017-08-03,2017-08-03 10:41:36
10:41:45,10:41:45,14.65,--,2,3516,卖盘,2017-08-03,2017-08-03 10:41:45
10:42:15,10:42:15,14.65,--,75,110754,买盘,2017-08-03,2017-08-03 10:42:15
10:42:21,10:42:21,14.65,--,5,7325,卖盘,2017-08-03,2017-08-03 10:42:21
10:42:27,10:42:27,14.65,--,50,73250,卖盘,2017-08-03,2017-08-03 10:42:27
10:42:33,10:42:33,14.65,--,9,13771,卖盘,2017-08-03,2017-08-03 10:42:33
10:43:06,10:43:06,14.59,-0.06,224,326816,卖盘,2017-08-03,2017-08-03 10:43:06
10:43:09,10:43:09,14.65,0.06,41,60065,买盘,2017-08-03,2017-08-03 10:43:09
10:43:27,10:43:27,14.65,--,59,86435,买盘,2017-08-03,2017-08-03 10:43:27
10:44:30,10:44:30,14.64,-0.01,10,14640,卖盘,2017-08-03,2017-08-03 10:44:30
10:44:39,10:44:39,14.64,--,5,7320,买盘,2017-08-03,2017-08-03 10:44:39
10:45:27,10:45:27,14.61,-0.03,2,2922,卖盘,2017-08-03,2017-08-03 10:45:27
10:45:33,10:45:33,14.61,--,2,2922,卖盘,2017-08-03,2017-08-03 10:45:33
10:45:39,10:45:39,14.65,0.04,84,123060,买盘,2017-08-03,2017-08-03 10:45:39
10:45:51,10:45:51,14.63,-0.02,3,4389,中性盘,2017-08-03,2017-08-03 10:45:51
10:45:54,10:45:54,14.63,--,7,10241,买盘,2017-08-03,2017-08-03 10:45:54
10:46:03,10:46:03,14.65,0.02,40,58600,买盘,2017-08-03,2017-08-03 10:46:03
10:46:06,10:46:06,14.66,0.01,61,89426,买盘,2017-08-03,2017-08-03 10:46:06
10:46:24,10:46:24,14.65,-0.01,2,2930,中性盘,2017-08-03,2017-08-03 10:46:24
10:46:30,10:46:30,14.67,0.02,100,146700,买盘,2017-08-03,2017-08-03 10:46:30
10:46:51,10:46:51,14.66,-0.01,7,10262,中性盘,2017-08-03,2017-08-03 10:46:51
10:46:54,10:46:54,14.68,0.02,156,229008,买盘,2017-08-03,2017-08-03 10:46:54
10:47:12,10:47:12,14.67,-0.01,12,17604,中性盘,2017-08-03,2017-08-03 10:47:12
10:47:30,10:47:30,14.67,--,13,19071,卖盘,2017-08-03,2017-08-03 10:47:30
10:47:36,10:47:36,14.67,--,2,2934,卖盘,2017-08-03,2017-08-03 10:47:36
10:47:48,10:47:48,14.68,0.01,148,217264,买盘,2017-08-03,2017-08-03 10:47:48
10:48:06,10:48:06,14.67,-0.01,20,29340,中性盘,2017-08-03,2017-08-03 10:48:06
10:48:18,10:48:18,14.67,--,57,83619,买盘,2017-08-03,2017-08-03 10:48:18
10:48:21,10:48:21,14.66,-0.01,3,4398,卖盘,2017-08-03,2017-08-03 10:48:21
10:48:30,10:48:30,14.66,--,23,33718,卖盘,2017-08-03,2017-08-03 10:48:30
10:48:39,10:48:39,14.66,--,5,7330,买盘,2017-08-03,2017-08-03 10:48:39
10:49:09,10:49:09,14.66,--,3,4398,买盘,2017-08-03,2017-08-03 10:49:09
10:49:12,10:49:12,14.66,--,3,4398,买盘,2017-08-03,2017-08-03 10:49:12
10:49:18,10:49:18,14.65,-0.01,2,2930,卖盘,2017-08-03,2017-08-03 10:49:18
10:49:30,10:49:30,14.64,-0.01,2,2928,中性盘,2017-08-03,2017-08-03 10:49:30
10:49:33,10:49:33,14.63,-0.01,10,14630,中性盘,2017-08-03,2017-08-03 10:49:33
10:49:39,10:49:39,14.64,0.01,30,43920,买盘,2017-08-03,2017-08-03 10:49:39
10:50:06,10:50:06,14.64,--,37,54168,买盘,2017-08-03,2017-08-03 10:50:06
10:50:12,10:50:12,14.64,--,13,19032,卖盘,2017-08-03,2017-08-03 10:50:12
10:50:15,10:50:15,14.65,0.01,77,112805,买盘,2017-08-03,2017-08-03 10:50:15
10:50:18,10:50:18,14.63,-0.02,2,2926,卖盘,2017-08-03,2017-08-03 10:50:18
10:50:21,10:50:21,14.63,--,20,29260,买盘,2017-08-03,2017-08-03 10:50:21
10:50:42,10:50:42,14.62,-0.01,10,14620,卖盘,2017-08-03,2017-08-03 10:50:42
10:50:54,10:50:54,14.6,-0.02,50,73000,卖盘,2017-08-03,2017-08-03 10:50:54
10:51:00,10:51:00,14.62,0.02,15,21930,买盘,2017-08-03,2017-08-03 10:51:00
10:51:09,10:51:09,14.6,-0.02,2,2920,卖盘,2017-08-03,2017-08-03 10:51:09
10:51:18,10:51:18,14.61,0.01,33,48213,买盘,2017-08-03,2017-08-03 10:51:18
10:51:48,10:51:48,14.61,--,1,1461,买盘,2017-08-03,2017-08-03 10:51:48
10:51:54,10:51:54,14.6,-0.01,82,119720,卖盘,2017-08-03,2017-08-03 10:51:54
10:51:57,10:51:57,14.61,0.01,70,102270,买盘,2017-08-03,2017-08-03 10:51:57
10:52:00,10:52:00,14.61,--,18,26298,买盘,2017-08-03,2017-08-03 10:52:00
10:52:09,10:52:09,14.6,-0.01,6,8760,中性盘,2017-08-03,2017-08-03 10:52:09
10:52:15,10:52:15,14.59,-0.01,1,1750,卖盘,2017-08-03,2017-08-03 10:52:15
10:52:18,10:52:18,14.6,0.01,13,18980,买盘,2017-08-03,2017-08-03 10:52:18
10:52:36,10:52:36,14.61,0.01,10,14610,买盘,2017-08-03,2017-08-03 10:52:36
10:52:51,10:52:51,14.6,-0.01,38,55480,卖盘,2017-08-03,2017-08-03 10:52:51
10:54:24,10:54:24,14.61,0.01,7,10227,买盘,2017-08-03,2017-08-03 10:54:24
10:54:30,10:54:30,14.61,--,2,2922,买盘,2017-08-03,2017-08-03 10:54:30
10:54:54,10:54:54,14.61,--,7,10227,买盘,2017-08-03,2017-08-03 10:54:54
10:55:09,10:55:09,14.61,--,10,14610,买盘,2017-08-03,2017-08-03 10:55:09
10:55:18,10:55:18,14.61,--,69,100809,买盘,2017-08-03,2017-08-03 10:55:18
10:55:27,10:55:27,14.6,-0.01,2,2920,卖盘,2017-08-03,2017-08-03 10:55:27
10:56:24,10:56:24,14.6,--,67,97820,卖盘,2017-08-03,2017-08-03 10:56:24
10:56:36,10:56:36,14.6,--,20,29200,买盘,2017-08-03,2017-08-03 10:56:36
10:56:45,10:56:45,14.6,--,2,2920,买盘,2017-08-03,2017-08-03 10:56:45
10:56:51,10:56:51,14.59,-0.01,71,103589,卖盘,2017-08-03,2017-08-03 10:56:51
10:56:54,10:56:54,14.6,0.01,3,4380,买盘,2017-08-03,2017-08-03 10:56:54
10:56:57,10:56:57,14.6,--,20,29200,买盘,2017-08-03,2017-08-03 10:56:57
10:57:39,10:57:39,14.59,-0.01,5,7295,卖盘,2017-08-03,2017-08-03 10:57:39
10:57:48,10:57:48,14.59,--,20,29180,卖盘,2017-08-03,2017-08-03 10:57:48
10:58:39,10:58:39,14.6,0.01,6,8760,买盘,2017-08-03,2017-08-03 10:58:39
10:59:18,10:59:18,14.59,-0.01,1,1459,卖盘,2017-08-03,2017-08-03 10:59:18
10:59:45,10:59:45,14.59,--,28,41143,卖盘,2017-08-03,2017-08-03 10:59:45
11:00:15,11:00:15,14.58,-0.01,10,14580,卖盘,2017-08-03,2017-08-03 11:00:15
11:00:30,11:00:30,14.59,0.01,9,13131,买盘,2017-08-03,2017-08-03 11:00:30
11:00:36,11:00:36,14.58,-0.01,2,2916,卖盘,2017-08-03,2017-08-03 11:00:36
11:00:51,11:00:51,14.58,--,2,2916,买盘,2017-08-03,2017-08-03 11:00:51
11:01:00,11:01:00,14.58,--,1,1458,买盘,2017-08-03,2017-08-03 11:01:00
11:01:21,11:01:21,14.58,--,7,10206,卖盘,2017-08-03,2017-08-03 11:01:21
11:01:48,11:01:48,14.58,--,4,5832,买盘,2017-08-03,2017-08-03 11:01:48
11:02:24,11:02:24,14.56,-0.02,4,5824,卖盘,2017-08-03,2017-08-03 11:02:24
11:02:51,11:02:51,14.58,0.02,24,34992,买盘,2017-08-03,2017-08-03 11:02:51
11:03:09,11:03:09,14.58,--,5,7290,卖盘,2017-08-03,2017-08-03 11:03:09
11:04:36,11:04:36,14.59,0.01,15,21885,买盘,2017-08-03,2017-08-03 11:04:36
11:04:45,11:04:45,14.59,--,0,1167,买盘,2017-08-03,2017-08-03 11:04:45
11:05:39,11:05:39,14.6,0.01,20,29200,买盘,2017-08-03,2017-08-03 11:05:39
11:05:51,11:05:51,14.6,--,6,9928,买盘,2017-08-03,2017-08-03 11:05:51
11:06:09,11:06:09,14.61,0.01,8,11688,买盘,2017-08-03,2017-08-03 11:06:09
11:06:12,11:06:12,14.6,-0.01,1,1752,卖盘,2017-08-03,2017-08-03 11:06:12
11:06:21,11:06:21,14.6,--,2,2920,买盘,2017-08-03,2017-08-03 11:06:21
11:06:54,11:06:54,14.59,-0.01,1,1459,卖盘,2017-08-03,2017-08-03 11:06:54
11:07:00,11:07:00,14.61,0.02,4,5844,买盘,2017-08-03,2017-08-03 11:07:00
11:07:57,11:07:57,14.61,--,3,4383,买盘,2017-08-03,2017-08-03 11:07:57
11:08:45,11:08:45,14.59,-0.02,10,14590,卖盘,2017-08-03,2017-08-03 11:08:45
11:08:57,11:08:57,14.59,--,6,9045,卖盘,2017-08-03,2017-08-03 11:08:57
11:09:09,11:09:09,14.59,--,3,4377,买盘,2017-08-03,2017-08-03 11:09:09
11:09:48,11:09:48,14.58,-0.01,1,1458,卖盘,2017-08-03,2017-08-03 11:09:48
11:10:06,11:10:06,14.58,--,35,51321,卖盘,2017-08-03,2017-08-03 11:10:06
11:10:15,11:10:15,14.58,--,25,37616,卖盘,2017-08-03,2017-08-03 11:10:15
11:10:42,11:10:42,14.58,--,4,5832,买盘,2017-08-03,2017-08-03 11:10:42
11:10:45,11:10:45,14.55,-0.03,179,260736,卖盘,2017-08-03,2017-08-03 11:10:45
11:10:51,11:10:51,14.55,--,8,11640,买盘,2017-08-03,2017-08-03 11:10:51
11:11:12,11:11:12,14.55,--,6,8730,买盘,2017-08-03,2017-08-03 11:11:12
11:11:15,11:11:15,14.58,0.03,12,17496,买盘,2017-08-03,2017-08-03 11:11:15
11:11:24,11:11:24,14.54,-0.04,5,7270,卖盘,2017-08-03,2017-08-03 11:11:24
11:12:18,11:12:18,14.58,0.04,12,17496,买盘,2017-08-03,2017-08-03 11:12:18
11:12:21,11:12:21,14.58,--,5,7290,买盘,2017-08-03,2017-08-03 11:12:21
11:12:27,11:12:27,14.58,--,7,10497,买盘,2017-08-03,2017-08-03 11:12:27
11:12:33,11:12:33,14.59,0.01,20,29180,买盘,2017-08-03,2017-08-03 11:12:33
11:12:45,11:12:45,14.59,--,20,29180,买盘,2017-08-03,2017-08-03 11:12:45
11:12:54,11:12:54,14.58,-0.01,2,2916,卖盘,2017-08-03,2017-08-03 11:12:54
11:13:42,11:13:42,14.56,-0.02,25,36400,卖盘,2017-08-03,2017-08-03 11:13:42
11:14:03,11:14:03,14.56,--,21,30576,买盘,2017-08-03,2017-08-03 11:14:03
11:14:21,11:14:21,14.56,--,20,29120,卖盘,2017-08-03,2017-08-03 11:14:21
11:14:33,11:14:33,14.55,-0.01,87,126585,卖盘,2017-08-03,2017-08-03 11:14:33
11:14:54,11:14:54,14.55,--,10,14550,买盘,2017-08-03,2017-08-03 11:14:54
11:15:12,11:15:12,14.55,--,2,2910,买盘,2017-08-03,2017-08-03 11:15:12
11:15:48,11:15:48,14.55,--,8,11640,买盘,2017-08-03,2017-08-03 11:15:48
11:16:03,11:16:03,14.55,--,61,88755,买盘,2017-08-03,2017-08-03 11:16:03
11:16:18,11:16:18,14.58,0.03,10,14580,买盘,2017-08-03,2017-08-03 11:16:18
11:17:15,11:17:15,14.56,-0.02,4,5824,中性盘,2017-08-03,2017-08-03 11:17:15
11:17:45,11:17:45,14.56,--,5,7280,卖盘,2017-08-03,2017-08-03 11:17:45
11:18:33,11:18:33,14.57,0.01,9,13113,中性盘,2017-08-03,2017-08-03 11:18:33
11:19:00,11:19:00,14.57,--,20,29140,卖盘,2017-08-03,2017-08-03 11:19:00
11:19:33,11:19:33,14.57,--,4,6410,卖盘,2017-08-03,2017-08-03 11:19:33
11:19:42,11:19:42,14.56,-0.01,14,20384,卖盘,2017-08-03,2017-08-03 11:19:42
11:20:00,11:20:00,14.57,0.01,2,2914,中性盘,2017-08-03,2017-08-03 11:20:00
11:20:03,11:20:03,14.55,-0.02,57,83808,卖盘,2017-08-03,2017-08-03 11:20:03
11:20:27,11:20:27,14.55,--,20,29100,买盘,2017-08-03,2017-08-03 11:20:27
11:20:30,11:20:30,14.55,--,1,1455,买盘,2017-08-03,2017-08-03 11:20:30
11:20:39,11:20:39,14.55,--,5,7275,买盘,2017-08-03,2017-08-03 11:20:39
11:20:48,11:20:48,14.54,-0.01,10,14540,卖盘,2017-08-03,2017-08-03 11:20:48
11:20:51,11:20:51,14.54,--,40,58160,卖盘,2017-08-03,2017-08-03 11:20:51
11:21:03,11:21:03,14.54,--,2,2908,卖盘,2017-08-03,2017-08-03 11:21:03
11:21:06,11:21:06,14.54,--,2,2908,买盘,2017-08-03,2017-08-03 11:21:06
11:21:51,11:21:51,14.53,-0.01,52,76137,卖盘,2017-08-03,2017-08-03 11:21:51
11:22:12,11:22:12,14.53,--,13,18889,卖盘,2017-08-03,2017-08-03 11:22:12
11:23:00,11:23:00,14.53,--,20,29060,卖盘,2017-08-03,2017-08-03 11:23:00
11:23:09,11:23:09,14.53,--,35,51726,卖盘,2017-08-03,2017-08-03 11:23:09
11:23:36,11:23:36,14.52,-0.01,45,65340,卖盘,2017-08-03,2017-08-03 11:23:36
11:23:45,11:23:45,14.53,0.01,50,72650,买盘,2017-08-03,2017-08-03 11:23:45
11:23:48,11:23:48,14.53,--,15,22376,买盘,2017-08-03,2017-08-03 11:23:48
11:23:57,11:23:57,14.53,--,84,122923,卖盘,2017-08-03,2017-08-03 11:23:57
11:24:06,11:24:06,14.53,--,10,14530,买盘,2017-08-03,2017-08-03 11:24:06
11:24:27,11:24:27,14.53,--,5,7846,买盘,2017-08-03,2017-08-03 11:24:27
11:24:51,11:24:51,14.53,--,1,1453,卖盘,2017-08-03,2017-08-03 11:24:51
11:28:21,11:28:21,14.54,0.01,6,9305,中性盘,2017-08-03,2017-08-03 11:28:21
11:28:51,11:28:51,14.54,--,69,101198,卖盘,2017-08-03,2017-08-03 11:28:51
11:28:54,11:28:54,14.54,--,3,4362,买盘,2017-08-03,2017-08-03 11:28:54
11:28:57,11:28:57,14.54,--,10,14540,买盘,2017-08-03,2017-08-03 11:28:57
11:29:03,11:29:03,14.54,--,19,27626,买盘,2017-08-03,2017-08-03 11:29:03
11:29:12,11:29:12,14.54,--,15,22391,买盘,2017-08-03,2017-08-03 11:29:12
11:29:33,11:29:33,14.55,0.01,24,34920,买盘,2017-08-03,2017-08-03 11:29:33
11:29:45,11:29:45,14.54,-0.01,19,27626,卖盘,2017-08-03,2017-08-03 11:29:45
11:30:03,11:30:03,14.54,--,0,0,卖盘,2017-08-03,2017-08-03 11:30:03
13:00:03,13:00:03,14.54,--,0,0,卖盘,2017-08-03,2017-08-03 13:00:03
13:00:06,13:00:06,14.53,-0.01,199,289437,卖盘,2017-08-03,2017-08-03 13:00:06
13:04:45,13:04:45,14.57,0.04,17,25060,买盘,2017-08-03,2017-08-03 13:04:45
13:06:03,13:06:03,14.57,--,5,8450,卖盘,2017-08-03,2017-08-03 13:06:03
13:06:54,13:06:54,14.57,--,4,5828,买盘,2017-08-03,2017-08-03 13:06:54
13:07:54,13:07:54,14.54,-0.03,6,8724,卖盘,2017-08-03,2017-08-03 13:07:54
13:09:33,13:09:33,14.57,0.03,7,10199,买盘,2017-08-03,2017-08-03 13:09:33
13:09:54,13:09:54,14.57,--,7,10199,买盘,2017-08-03,2017-08-03 13:09:54
13:10:24,13:10:24,14.57,--,5,7285,买盘,2017-08-03,2017-08-03 13:10:24
13:11:39,13:11:39,14.54,-0.03,23,33442,卖盘,2017-08-03,2017-08-03 13:11:39
13:13:03,13:13:03,14.54,--,5,7270,买盘,2017-08-03,2017-08-03 13:13:03
13:13:39,13:13:39,14.54,--,3,4362,买盘,2017-08-03,2017-08-03 13:13:39
13:14:06,13:14:06,14.54,--,6,8724,卖盘,2017-08-03,2017-08-03 13:14:06
13:15:03,13:15:03,14.54,--,1,1454,卖盘,2017-08-03,2017-08-03 13:15:03
13:15:54,13:15:54,14.53,-0.01,10,14530,卖盘,2017-08-03,2017-08-03 13:15:54
13:17:12,13:17:12,14.54,0.01,20,29080,买盘,2017-08-03,2017-08-03 13:17:12
13:17:18,13:17:18,14.53,-0.01,35,50855,卖盘,2017-08-03,2017-08-03 13:17:18
13:17:36,13:17:36,14.52,-0.01,18,26136,卖盘,2017-08-03,2017-08-03 13:17:36
13:17:48,13:17:48,14.53,0.01,2,2906,买盘,2017-08-03,2017-08-03 13:17:48
13:17:54,13:17:54,14.53,--,4,5812,买盘,2017-08-03,2017-08-03 13:17:54
13:18:33,13:18:33,14.52,-0.01,14,20328,卖盘,2017-08-03,2017-08-03 13:18:33
13:20:03,13:20:03,14.53,0.01,10,14530,中性盘,2017-08-03,2017-08-03 13:20:03
13:21:00,13:21:00,14.54,0.01,3,4362,买盘,2017-08-03,2017-08-03 13:21:00
13:22:27,13:22:27,14.54,--,12,17448,卖盘,2017-08-03,2017-08-03 13:22:27
13:22:42,13:22:42,14.53,-0.01,10,14530,卖盘,2017-08-03,2017-08-03 13:22:42
13:22:51,13:22:51,14.54,0.01,3,4362,买盘,2017-08-03,2017-08-03 13:22:51
13:23:48,13:23:48,14.54,--,12,17448,卖盘,2017-08-03,2017-08-03 13:23:48
13:24:33,13:24:33,14.54,--,16,23264,买盘,2017-08-03,2017-08-03 13:24:33
13:24:54,13:24:54,14.54,--,1,1454,买盘,2017-08-03,2017-08-03 13:24:54
13:25:18,13:25:18,14.53,-0.01,8,11624,卖盘,2017-08-03,2017-08-03 13:25:18
13:25:57,13:25:57,14.53,--,2,2906,卖盘,2017-08-03,2017-08-03 13:25:57
13:26:57,13:26:57,14.53,--,10,14530,中性盘,2017-08-03,2017-08-03 13:26:57
13:28:15,13:28:15,14.52,-0.01,2,3484,卖盘,2017-08-03,2017-08-03 13:28:15
13:28:36,13:28:36,14.52,--,1,1452,卖盘,2017-08-03,2017-08-03 13:28:36
13:28:39,13:28:39,14.55,0.03,68,98940,买盘,2017-08-03,2017-08-03 13:28:39
13:29:24,13:29:24,14.57,0.02,4,5828,买盘,2017-08-03,2017-08-03 13:29:24
13:30:03,13:30:03,14.57,--,12,17484,买盘,2017-08-03,2017-08-03 13:30:03
13:30:21,13:30:21,14.57,--,8,11656,买盘,2017-08-03,2017-08-03 13:30:21
13:30:57,13:30:57,14.52,-0.05,3,4356,卖盘,2017-08-03,2017-08-03 13:30:57
13:31:06,13:31:06,14.56,0.04,13,18928,买盘,2017-08-03,2017-08-03 13:31:06
13:32:15,13:32:15,14.52,-0.04,16,23232,卖盘,2017-08-03,2017-08-03 13:32:15
13:32:39,13:32:39,14.52,--,2,2904,卖盘,2017-08-03,2017-08-03 13:32:39
13:33:18,13:33:18,14.54,0.02,2,2908,中性盘,2017-08-03,2017-08-03 13:33:18
13:33:21,13:33:21,14.52,-0.02,32,46464,卖盘,2017-08-03,2017-08-03 13:33:21
13:33:33,13:33:33,14.52,--,28,41817,卖盘,2017-08-03,2017-08-03 13:33:33
13:33:36,13:33:36,14.52,--,1,2613,卖盘,2017-08-03,2017-08-03 13:33:36
13:33:48,13:33:48,14.52,--,9,13358,买盘,2017-08-03,2017-08-03 13:33:48
13:34:06,13:34:06,14.52,--,20,30201,卖盘,2017-08-03,2017-08-03 13:34:06
13:34:24,13:34:24,14.5,-0.02,4,5800,卖盘,2017-08-03,2017-08-03 13:34:24
13:34:45,13:34:45,14.5,--,56,81200,卖盘,2017-08-03,2017-08-03 13:34:45
13:34:57,13:34:57,14.5,--,6,8700,卖盘,2017-08-03,2017-08-03 13:34:57
13:35:06,13:35:06,14.5,--,1,1740,卖盘,2017-08-03,2017-08-03 13:35:06
13:35:18,13:35:18,14.5,--,0,870,卖盘,2017-08-03,2017-08-03 13:35:18
13:35:21,13:35:21,14.5,--,27,39150,卖盘,2017-08-03,2017-08-03 13:35:21
13:35:30,13:35:30,14.5,--,33,47850,卖盘,2017-08-03,2017-08-03 13:35:30
13:35:57,13:35:57,14.52,0.02,0,290,买盘,2017-08-03,2017-08-03 13:35:57
13:36:06,13:36:06,14.51,-0.01,5,7255,卖盘,2017-08-03,2017-08-03 13:36:06
13:36:09,13:36:09,14.5,-0.01,6,8700,卖盘,2017-08-03,2017-08-03 13:36:09
13:36:12,13:36:12,14.5,--,4,5800,买盘,2017-08-03,2017-08-03 13:36:12
13:36:48,13:36:48,14.5,--,15,21750,卖盘,2017-08-03,2017-08-03 13:36:48
13:39:06,13:39:06,14.51,0.01,5,7255,中性盘,2017-08-03,2017-08-03 13:39:06
13:39:21,13:39:21,14.51,--,10,14510,买盘,2017-08-03,2017-08-03 13:39:21
13:39:33,13:39:33,14.5,-0.01,100,145000,卖盘,2017-08-03,2017-08-03 13:39:33
13:41:36,13:41:36,14.5,--,30,43500,卖盘,2017-08-03,2017-08-03 13:41:36
13:42:06,13:42:06,14.51,0.01,4,5804,买盘,2017-08-03,2017-08-03 13:42:06
13:42:57,13:42:57,14.51,--,6,8706,卖盘,2017-08-03,2017-08-03 13:42:57
13:44:00,13:44:00,14.5,-0.01,2,2900,卖盘,2017-08-03,2017-08-03 13:44:00
13:44:30,13:44:30,14.5,--,2,2900,卖盘,2017-08-03,2017-08-03 13:44:30
13:45:54,13:45:54,14.51,0.01,91,132041,买盘,2017-08-03,2017-08-03 13:45:54
13:46:03,13:46:03,14.5,-0.01,10,14500,卖盘,2017-08-03,2017-08-03 13:46:03
13:46:27,13:46:27,14.5,--,10,14500,卖盘,2017-08-03,2017-08-03 13:46:27
13:46:36,13:46:36,14.51,0.01,30,43530,卖盘,2017-08-03,2017-08-03 13:46:36
13:47:12,13:47:12,14.52,0.01,6,8712,买盘,2017-08-03,2017-08-03 13:47:12
13:47:51,13:47:51,14.52,--,24,34848,卖盘,2017-08-03,2017-08-03 13:47:51
13:48:03,13:48:03,14.51,-0.01,50,72550,卖盘,2017-08-03,2017-08-03 13:48:03
13:48:33,13:48:33,14.52,0.01,20,29040,买盘,2017-08-03,2017-08-03 13:48:33
13:48:45,13:48:45,14.52,--,7,10164,买盘,2017-08-03,2017-08-03 13:48:45
13:49:24,13:49:24,14.51,-0.01,24,34824,卖盘,2017-08-03,2017-08-03 13:49:24
13:49:27,13:49:27,14.52,0.01,5,7260,买盘,2017-08-03,2017-08-03 13:49:27
13:50:33,13:50:33,14.51,-0.01,4,5804,卖盘,2017-08-03,2017-08-03 13:50:33
13:50:36,13:50:36,14.51,--,1,1741,卖盘,2017-08-03,2017-08-03 13:50:36
13:51:12,13:51:12,14.51,--,3,4353,卖盘,2017-08-03,2017-08-03 13:51:12
13:51:21,13:51:21,14.52,0.01,10,14520,买盘,2017-08-03,2017-08-03 13:51:21
13:51:24,13:51:24,14.51,-0.01,1,1451,卖盘,2017-08-03,2017-08-03 13:51:24
13:51:33,13:51:33,14.51,--,0,290,卖盘,2017-08-03,2017-08-03 13:51:33
13:51:51,13:51:51,14.52,0.01,10,14520,买盘,2017-08-03,2017-08-03 13:51:51
13:52:03,13:52:03,14.51,-0.01,4,6964,卖盘,2017-08-03,2017-08-03 13:52:03
13:52:12,13:52:12,14.51,--,6,9286,卖盘,2017-08-03,2017-08-03 13:52:12
13:52:21,13:52:21,14.51,--,59,86189,卖盘,2017-08-03,2017-08-03 13:52:21
13:52:54,13:52:54,14.51,--,10,14510,买盘,2017-08-03,2017-08-03 13:52:54
13:54:18,13:54:18,14.51,--,10,14510,买盘,2017-08-03,2017-08-03 13:54:18
13:54:21,13:54:21,14.51,--,70,101570,买盘,2017-08-03,2017-08-03 13:54:21
13:54:33,13:54:33,14.51,--,5,7255,买盘,2017-08-03,2017-08-03 13:54:33
13:54:42,13:54:42,14.51,--,10,15380,买盘,2017-08-03,2017-08-03 13:54:42
13:54:48,13:54:48,14.51,--,1,1451,卖盘,2017-08-03,2017-08-03 13:54:48
13:55:18,13:55:18,14.51,--,8,12478,卖盘,2017-08-03,2017-08-03 13:55:18
13:55:39,13:55:39,14.52,0.01,2,2904,买盘,2017-08-03,2017-08-03 13:55:39
13:55:42,13:55:42,14.51,-0.01,17,24667,卖盘,2017-08-03,2017-08-03 13:55:42
13:56:12,13:56:12,14.52,0.01,1,1452,买盘,2017-08-03,2017-08-03 13:56:12
13:57:51,13:57:51,14.52,--,10,14520,买盘,2017-08-03,2017-08-03 13:57:51
13:58:03,13:58:03,14.52,--,10,14520,买盘,2017-08-03,2017-08-03 13:58:03
13:58:24,13:58:24,14.51,-0.01,3,4353,卖盘,2017-08-03,2017-08-03 13:58:24
13:58:57,13:58:57,14.51,--,7,10157,卖盘,2017-08-03,2017-08-03 13:58:57
13:59:45,13:59:45,14.52,0.01,10,14520,买盘,2017-08-03,2017-08-03 13:59:45
14:00:09,14:00:09,14.52,--,147,213444,买盘,2017-08-03,2017-08-03 14:00:09
14:00:12,14:00:12,14.52,--,343,498036,买盘,2017-08-03,2017-08-03 14:00:12
14:00:15,14:00:15,14.52,--,100,145200,买盘,2017-08-03,2017-08-03 14:00:15
14:00:18,14:00:18,14.52,--,39,56628,买盘,2017-08-03,2017-08-03 14:00:18
14:00:21,14:00:21,14.52,--,632,917954,买盘,2017-08-03,2017-08-03 14:00:21
14:00:24,14:00:24,14.56,0.04,183,267030,买盘,2017-08-03,2017-08-03 14:00:24
14:00:33,14:00:33,14.58,0.02,80,116640,买盘,2017-08-03,2017-08-03 14:00:33
14:00:36,14:00:36,14.59,0.01,50,72950,买盘,2017-08-03,2017-08-03 14:00:36
14:00:42,14:00:42,14.59,--,82,119638,买盘,2017-08-03,2017-08-03 14:00:42
14:00:45,14:00:45,14.61,0.02,263,384243,买盘,2017-08-03,2017-08-03 14:00:45
14:00:48,14:00:48,14.61,--,5,7305,卖盘,2017-08-03,2017-08-03 14:00:48
14:00:51,14:00:51,14.65,0.04,353,517145,买盘,2017-08-03,2017-08-03 14:00:51
14:00:54,14:00:54,14.65,--,45,65925,买盘,2017-08-03,2017-08-03 14:00:54
14:00:57,14:00:57,14.66,0.01,100,147479,买盘,2017-08-03,2017-08-03 14:00:57
14:01:00,14:01:00,14.66,--,28,41048,买盘,2017-08-03,2017-08-03 14:01:00
14:01:03,14:01:03,14.67,0.01,66,96822,买盘,2017-08-03,2017-08-03 14:01:03
14:01:06,14:01:06,14.68,0.01,98,143864,买盘,2017-08-03,2017-08-03 14:01:06
14:01:09,14:01:09,14.66,-0.02,10,14660,中性盘,2017-08-03,2017-08-03 14:01:09
14:01:12,14:01:12,14.75,0.09,916,1351690,买盘,2017-08-03,2017-08-03 14:01:12
14:01:18,14:01:18,14.75,--,16,23600,卖盘,2017-08-03,2017-08-03 14:01:18
14:01:21,14:01:21,14.79,0.04,376,556399,买盘,2017-08-03,2017-08-03 14:01:21
14:01:24,14:01:24,14.8,0.01,131,193880,买盘,2017-08-03,2017-08-03 14:01:24
14:01:27,14:01:27,14.8,--,31,45880,买盘,2017-08-03,2017-08-03 14:01:27
14:01:30,14:01:30,14.8,--,6,9768,买盘,2017-08-03,2017-08-03 14:01:30
14:01:33,14:01:33,14.83,0.03,71,105293,买盘,2017-08-03,2017-08-03 14:01:33
14:01:36,14:01:36,14.83,--,34,50422,买盘,2017-08-03,2017-08-03 14:01:36
14:01:39,14:01:39,14.85,0.02,80,118800,买盘,2017-08-03,2017-08-03 14:01:39
14:01:42,14:01:42,14.85,--,247,366795,买盘,2017-08-03,2017-08-03 14:01:42
14:01:45,14:01:45,14.88,0.03,97,144336,买盘,2017-08-03,2017-08-03 14:01:45
14:01:48,14:01:48,14.87,-0.01,39,57993,中性盘,2017-08-03,2017-08-03 14:01:48
14:01:51,14:01:51,14.95,0.08,303,454181,买盘,2017-08-03,2017-08-03 14:01:51
14:01:54,14:01:54,14.92,-0.03,46,68632,卖盘,2017-08-03,2017-08-03 14:01:54
14:01:57,14:01:57,14.92,--,76,113392,卖盘,2017-08-03,2017-08-03 14:01:57
14:02:00,14:02:00,14.98,0.06,181,271138,买盘,2017-08-03,2017-08-03 14:02:00
14:02:03,14:02:03,14.98,--,294,440412,买盘,2017-08-03,2017-08-03 14:02:03
14:02:06,14:02:06,14.98,--,243,364014,买盘,2017-08-03,2017-08-03 14:02:06
14:02:09,14:02:09,14.99,0.01,91,136409,买盘,2017-08-03,2017-08-03 14:02:09
14:02:12,14:02:12,14.99,--,89,134055,买盘,2017-08-03,2017-08-03 14:02:12
14:02:15,14:02:15,14.99,--,64,95936,买盘,2017-08-03,2017-08-03 14:02:15
14:02:18,14:02:18,14.98,-0.01,229,343895,卖盘,2017-08-03,2017-08-03 14:02:18
14:02:21,14:02:21,15.0,0.02,83,124845,买盘,2017-08-03,2017-08-03 14:02:21
14:02:24,14:02:24,14.98,-0.02,160,240833,卖盘,2017-08-03,2017-08-03 14:02:24
14:02:27,14:02:27,15.02,0.04,246,370137,买盘,2017-08-03,2017-08-03 14:02:27
14:02:30,14:02:30,15.03,0.01,162,243486,买盘,2017-08-03,2017-08-03 14:02:30
14:02:33,14:02:33,15.03,--,242,363726,买盘,2017-08-03,2017-08-03 14:02:33
14:02:36,14:02:36,15.0,-0.03,28,42000,卖盘,2017-08-03,2017-08-03 14:02:36
14:02:39,14:02:39,15.03,0.03,145,217935,买盘,2017-08-03,2017-08-03 14:02:39
14:02:42,14:02:42,14.99,-0.04,100,149900,卖盘,2017-08-03,2017-08-03 14:02:42
14:02:45,14:02:45,15.02,0.03,40,60080,买盘,2017-08-03,2017-08-03 14:02:45
14:02:48,14:02:48,14.98,-0.04,26,38948,卖盘,2017-08-03,2017-08-03 14:02:48
14:02:51,14:02:51,14.99,0.01,128,191872,中性盘,2017-08-03,2017-08-03 14:02:51
14:02:54,14:02:54,15.01,0.02,75,112575,买盘,2017-08-03,2017-08-03 14:02:54
14:02:57,14:02:57,14.98,-0.03,131,196238,卖盘,2017-08-03,2017-08-03 14:02:57
14:03:00,14:03:00,15.05,0.07,568,854840,买盘,2017-08-03,2017-08-03 14:03:00
14:03:03,14:03:03,15.05,--,220,331100,卖盘,2017-08-03,2017-08-03 14:03:03
14:03:06,14:03:06,15.09,0.04,121,182589,买盘,2017-08-03,2017-08-03 14:03:06
14:03:09,14:03:09,15.11,0.02,178,268958,买盘,2017-08-03,2017-08-03 14:03:09
14:03:12,14:03:12,15.18,0.07,295,447810,买盘,2017-08-03,2017-08-03 14:03:12
14:03:15,14:03:15,15.1,-0.08,72,109324,卖盘,2017-08-03,2017-08-03 14:03:15
14:03:18,14:03:18,15.23,0.13,155,236674,中性盘,2017-08-03,2017-08-03 14:03:18
14:03:21,14:03:21,15.29,0.06,53,81037,中性盘,2017-08-03,2017-08-03 14:03:21
14:03:24,14:03:24,15.37,0.08,72,111278,买盘,2017-08-03,2017-08-03 14:03:24
14:03:27,14:03:27,15.38,0.01,29,44602,买盘,2017-08-03,2017-08-03 14:03:27
14:03:30,14:03:30,15.35,-0.03,97,148895,卖盘,2017-08-03,2017-08-03 14:03:30
14:03:33,14:03:33,15.4,0.05,78,120428,买盘,2017-08-03,2017-08-03 14:03:33
14:03:36,14:03:36,15.39,-0.01,124,191451,卖盘,2017-08-03,2017-08-03 14:03:36
14:03:39,14:03:39,15.39,--,41,63099,卖盘,2017-08-03,2017-08-03 14:03:39
14:03:42,14:03:42,15.5,0.11,57,88350,买盘,2017-08-03,2017-08-03 14:03:42
14:03:45,14:03:45,15.48,-0.02,138,213624,卖盘,2017-08-03,2017-08-03 14:03:45
14:03:48,14:03:48,15.5,0.02,263,408890,买盘,2017-08-03,2017-08-03 14:03:48
14:03:51,14:03:51,15.49,-0.01,84,130425,中性盘,2017-08-03,2017-08-03 14:03:51
14:03:54,14:03:54,15.48,-0.01,294,456040,中性盘,2017-08-03,2017-08-03 14:03:54
14:03:57,14:03:57,15.5,0.02,164,254200,中性盘,2017-08-03,2017-08-03 14:03:57
14:04:00,14:04:00,15.5,--,73,114390,卖盘,2017-08-03,2017-08-03 14:04:00
14:04:03,14:04:03,15.5,--,74,114700,卖盘,2017-08-03,2017-08-03 14:04:03
14:04:06,14:04:06,15.6,0.1,122,190320,买盘,2017-08-03,2017-08-03 14:04:06
14:04:09,14:04:09,15.6,--,176,275808,买盘,2017-08-03,2017-08-03 14:04:09
14:04:12,14:04:12,15.6,--,110,172224,卖盘,2017-08-03,2017-08-03 14:04:12
14:04:15,14:04:15,15.79,0.19,2001,3160210,卖盘,2017-08-03,2017-08-03 14:04:15
14:04:18,14:04:18,15.79,--,381,601599,卖盘,2017-08-03,2017-08-03 14:04:18
14:04:21,14:04:21,15.79,--,369,583282,卖盘,2017-08-03,2017-08-03 14:04:21
14:04:24,14:04:24,15.79,--,122,193269,卖盘,2017-08-03,2017-08-03 14:04:24
14:04:27,14:04:27,15.79,--,251,397276,卖盘,2017-08-03,2017-08-03 14:04:27
14:04:30,14:04:30,15.79,--,199,314221,卖盘,2017-08-03,2017-08-03 14:04:30
14:04:33,14:04:33,15.79,--,79,124741,卖盘,2017-08-03,2017-08-03 14:04:33
14:04:36,14:04:36,15.79,--,189,298431,卖盘,2017-08-03,2017-08-03 14:04:36
14:04:39,14:04:39,15.79,--,145,229270,卖盘,2017-08-03,2017-08-03 14:04:39
14:04:42,14:04:42,15.79,--,52,83055,卖盘,2017-08-03,2017-08-03 14:04:42
14:04:45,14:04:45,15.79,--,64,101056,卖盘,2017-08-03,2017-08-03 14:04:45
14:04:48,14:04:48,15.79,--,162,256745,卖盘,2017-08-03,2017-08-03 14:04:48
14:04:51,14:04:51,15.79,--,102,161058,卖盘,2017-08-03,2017-08-03 14:04:51
14:04:54,14:04:54,15.79,--,101,159479,卖盘,2017-08-03,2017-08-03 14:04:54
14:04:57,14:04:57,15.79,--,75,118425,卖盘,2017-08-03,2017-08-03 14:04:57
14:05:00,14:05:00,15.79,--,43,67897,卖盘,2017-08-03,2017-08-03 14:05:00
14:05:03,14:05:03,15.79,--,285,450646,卖盘,2017-08-03,2017-08-03 14:05:03
14:05:06,14:05:06,15.79,--,52,82739,卖盘,2017-08-03,2017-08-03 14:05:06
14:05:09,14:05:09,15.79,--,101,159794,卖盘,2017-08-03,2017-08-03 14:05:09
14:05:12,14:05:12,15.79,--,8,13263,卖盘,2017-08-03,2017-08-03 14:05:12
14:05:15,14:05:15,15.79,--,40,63160,卖盘,2017-08-03,2017-08-03 14:05:15
14:05:18,14:05:18,15.79,--,81,128530,卖盘,2017-08-03,2017-08-03 14:05:18
14:05:21,14:05:21,15.79,--,52,82108,卖盘,2017-08-03,2017-08-03 14:05:21
14:05:24,14:05:24,15.79,--,21,33159,卖盘,2017-08-03,2017-08-03 14:05:24
14:05:27,14:05:27,15.79,--,119,188216,卖盘,2017-08-03,2017-08-03 14:05:27
14:05:30,14:05:30,15.79,--,80,126320,卖盘,2017-08-03,2017-08-03 14:05:30
14:05:33,14:05:33,15.79,--,14,22421,卖盘,2017-08-03,2017-08-03 14:05:33
14:05:36,14:05:36,15.79,--,70,111793,卖盘,2017-08-03,2017-08-03 14:05:36
14:05:39,14:05:39,15.79,--,34,53686,卖盘,2017-08-03,2017-08-03 14:05:39
14:05:42,14:05:42,15.79,--,72,114319,卖盘,2017-08-03,2017-08-03 14:05:42
14:05:45,14:05:45,15.79,--,41,65054,卖盘,2017-08-03,2017-08-03 14:05:45
14:05:48,14:05:48,15.79,--,52,82423,卖盘,2017-08-03,2017-08-03 14:05:48
14:05:51,14:05:51,15.79,--,6,9789,卖盘,2017-08-03,2017-08-03 14:05:51
14:05:54,14:05:54,15.79,--,122,192638,卖盘,2017-08-03,2017-08-03 14:05:54
14:05:57,14:05:57,15.79,--,36,57475,卖盘,2017-08-03,2017-08-03 14:05:57
14:06:00,14:06:00,15.79,--,53,84634,卖盘,2017-08-03,2017-08-03 14:06:00
14:06:03,14:06:03,15.79,--,62,98529,卖盘,2017-08-03,2017-08-03 14:06:03
14:06:06,14:06:06,15.79,--,26,41054,卖盘,2017-08-03,2017-08-03 14:06:06
14:06:09,14:06:09,15.79,--,199,314221,卖盘,2017-08-03,2017-08-03 14:06:09
14:06:12,14:06:12,15.79,--,37,58423,卖盘,2017-08-03,2017-08-03 14:06:12
14:06:15,14:06:15,15.79,--,48,75792,卖盘,2017-08-03,2017-08-03 14:06:15
14:06:18,14:06:18,15.79,--,78,123793,卖盘,2017-08-03,2017-08-03 14:06:18
14:06:21,14:06:21,15.79,--,81,127899,卖盘,2017-08-03,2017-08-03 14:06:21
14:06:24,14:06:24,15.79,--,32,50528,卖盘,2017-08-03,2017-08-03 14:06:24
14:06:27,14:06:27,15.79,--,54,86213,卖盘,2017-08-03,2017-08-03 14:06:27
14:06:30,14:06:30,15.79,--,10,15790,卖盘,2017-08-03,2017-08-03 14:06:30
14:06:33,14:06:33,15.79,--,24,38527,卖盘,2017-08-03,2017-08-03 14:06:33
14:06:36,14:06:36,15.79,--,27,42633,卖盘,2017-08-03,2017-08-03 14:06:36
14:06:39,14:06:39,15.79,--,30,47370,卖盘,2017-08-03,2017-08-03 14:06:39
14:06:42,14:06:42,15.79,--,1,1894,卖盘,2017-08-03,2017-08-03 14:06:42
14:06:45,14:06:45,15.79,--,22,35053,卖盘,2017-08-03,2017-08-03 14:06:45
14:06:48,14:06:48,15.79,--,12,18948,卖盘,2017-08-03,2017-08-03 14:06:48
14:06:51,14:06:51,15.79,--,60,94740,卖盘,2017-08-03,2017-08-03 14:06:51
14:06:54,14:06:54,15.79,--,96,151584,卖盘,2017-08-03,2017-08-03 14:06:54
14:06:57,14:06:57,15.79,--,132,208428,卖盘,2017-08-03,2017-08-03 14:06:57
14:07:00,14:07:00,15.79,--,105,165795,卖盘,2017-08-03,2017-08-03 14:07:00
14:07:03,14:07:03,15.79,--,59,93476,卖盘,2017-08-03,2017-08-03 14:07:03
14:07:06,14:07:06,15.79,--,36,58107,卖盘,2017-08-03,2017-08-03 14:07:06
14:07:09,14:07:09,15.79,--,1,1894,卖盘,2017-08-03,2017-08-03 14:07:09
14:07:12,14:07:12,15.79,--,30,47370,卖盘,2017-08-03,2017-08-03 14:07:12
14:07:15,14:07:15,15.79,--,15,23685,卖盘,2017-08-03,2017-08-03 14:07:15
14:07:18,14:07:18,15.79,--,18,29053,卖盘,2017-08-03,2017-08-03 14:07:18
14:07:21,14:07:21,15.79,--,24,39159,卖盘,2017-08-03,2017-08-03 14:07:21
14:07:24,14:07:24,15.79,--,37,59054,卖盘,2017-08-03,2017-08-03 14:07:24
14:07:27,14:07:27,15.79,--,207,327168,卖盘,2017-08-03,2017-08-03 14:07:27
14:07:30,14:07:30,15.79,--,181,287062,卖盘,2017-08-03,2017-08-03 14:07:30
14:07:33,14:07:33,15.79,--,19,30948,卖盘,2017-08-03,2017-08-03 14:07:33
14:07:36,14:07:36,15.79,--,28,44843,卖盘,2017-08-03,2017-08-03 14:07:36
14:07:39,14:07:39,15.79,--,8,12632,卖盘,2017-08-03,2017-08-03 14:07:39
14:07:42,14:07:42,15.79,--,14,22106,卖盘,2017-08-03,2017-08-03 14:07:42
14:07:45,14:07:45,15.79,--,160,252640,卖盘,2017-08-03,2017-08-03 14:07:45
14:07:48,14:07:48,15.79,--,137,217586,卖盘,2017-08-03,2017-08-03 14:07:48
14:07:51,14:07:51,15.79,--,62,97898,卖盘,2017-08-03,2017-08-03 14:07:51
14:07:54,14:07:54,15.79,--,7,11053,卖盘,2017-08-03,2017-08-03 14:07:54
14:07:57,14:07:57,15.79,--,87,137373,卖盘,2017-08-03,2017-08-03 14:07:57
14:08:00,14:08:00,15.79,--,24,39159,卖盘,2017-08-03,2017-08-03 14:08:00
14:08:03,14:08:03,15.79,--,24,38843,卖盘,2017-08-03,2017-08-03 14:08:03
14:08:06,14:08:06,15.79,--,17,26843,卖盘,2017-08-03,2017-08-03 14:08:06
14:08:09,14:08:09,15.79,--,48,75792,卖盘,2017-08-03,2017-08-03 14:08:09
14:08:15,14:08:15,15.79,--,77,121583,卖盘,2017-08-03,2017-08-03 14:08:15
14:08:18,14:08:18,15.79,--,154,243166,卖盘,2017-08-03,2017-08-03 14:08:18
14:08:21,14:08:21,15.79,--,60,94740,卖盘,2017-08-03,2017-08-03 14:08:21
14:08:24,14:08:24,15.79,--,54,86529,卖盘,2017-08-03,2017-08-03 14:08:24
14:08:27,14:08:27,15.79,--,19,30001,卖盘,2017-08-03,2017-08-03 14:08:27
14:08:30,14:08:30,15.79,--,30,47370,卖盘,2017-08-03,2017-08-03 14:08:30
14:08:33,14:08:33,15.79,--,16,25579,卖盘,2017-08-03,2017-08-03 14:08:33
14:08:36,14:08:36,15.79,--,183,288957,卖盘,2017-08-03,2017-08-03 14:08:36
14:08:39,14:08:39,15.79,--,30,47370,卖盘,2017-08-03,2017-08-03 14:08:39
14:08:42,14:08:42,15.79,--,34,54633,卖盘,2017-08-03,2017-08-03 14:08:42
14:08:45,14:08:45,15.79,--,1,1579,卖盘,2017-08-03,2017-08-03 14:08:45
14:08:48,14:08:48,15.79,--,4,6316,卖盘,2017-08-03,2017-08-03 14:08:48
14:08:51,14:08:51,15.79,--,17,26843,卖盘,2017-08-03,2017-08-03 14:08:51
14:08:54,14:08:54,15.79,--,461,728550,卖盘,2017-08-03,2017-08-03 14:08:54
14:08:57,14:08:57,15.79,--,626,988769,卖盘,2017-08-03,2017-08-03 14:08:57
14:09:00,14:09:00,15.79,--,40,63160,卖盘,2017-08-03,2017-08-03 14:09:00
14:09:03,14:09:03,15.79,--,54,86213,卖盘,2017-08-03,2017-08-03 14:09:03
14:09:06,14:09:06,15.79,--,116,183164,卖盘,2017-08-03,2017-08-03 14:09:06
14:09:09,14:09:09,15.79,--,4,6316,卖盘,2017-08-03,2017-08-03 14:09:09
14:09:12,14:09:12,15.79,--,122,192638,卖盘,2017-08-03,2017-08-03 14:09:12
14:09:15,14:09:15,15.79,--,221,348959,卖盘,2017-08-03,2017-08-03 14:09:15
14:09:18,14:09:18,15.79,--,175,276325,卖盘,2017-08-03,2017-08-03 14:09:18
14:09:21,14:09:21,15.79,--,62,98213,卖盘,2017-08-03,2017-08-03 14:09:21
14:09:24,14:09:24,15.79,--,130,205585,卖盘,2017-08-03,2017-08-03 14:09:24
14:09:27,14:09:27,15.79,--,64,101371,卖盘,2017-08-03,2017-08-03 14:09:27
14:09:30,14:09:30,15.79,--,81,129162,卖盘,2017-08-03,2017-08-03 14:09:30
14:09:33,14:09:33,15.79,--,17,26843,卖盘,2017-08-03,2017-08-03 14:09:33
14:09:36,14:09:36,15.79,--,36,56844,卖盘,2017-08-03,2017-08-03 14:09:36
14:09:39,14:09:39,15.79,--,23,36317,卖盘,2017-08-03,2017-08-03 14:09:39
14:09:42,14:09:42,15.79,--,36,56844,卖盘,2017-08-03,2017-08-03 14:09:42
14:09:45,14:09:45,15.79,--,71,112109,卖盘,2017-08-03,2017-08-03 14:09:45
14:09:48,14:09:48,15.79,--,66,104845,卖盘,2017-08-03,2017-08-03 14:09:48
14:09:51,14:09:51,15.79,--,628,991927,卖盘,2017-08-03,2017-08-03 14:09:51
14:09:54,14:09:54,15.79,--,318,502437,卖盘,2017-08-03,2017-08-03 14:09:54
14:09:57,14:09:57,15.79,--,1579,2493556,卖盘,2017-08-03,2017-08-03 14:09:57
14:10:00,14:10:00,15.79,--,2140,3379060,卖盘,2017-08-03,2017-08-03 14:10:00
14:10:03,14:10:03,15.79,--,1845,2913886,卖盘,2017-08-03,2017-08-03 14:10:03
14:10:06,14:10:06,15.79,--,1730,2732301,卖盘,2017-08-03,2017-08-03 14:10:06
14:10:09,14:10:09,15.79,--,1329,2098806,卖盘,2017-08-03,2017-08-03 14:10:09
14:10:12,14:10:12,15.79,--,639,1010244,卖盘,2017-08-03,2017-08-03 14:10:12
14:10:15,14:10:15,15.79,--,1613,2547558,卖盘,2017-08-03,2017-08-03 14:10:15
14:10:18,14:10:18,15.79,--,1820,2874727,卖盘,2017-08-03,2017-08-03 14:10:18
14:10:21,14:10:21,15.79,--,1901,3002310,卖盘,2017-08-03,2017-08-03 14:10:21
14:10:24,14:10:24,15.79,--,537,848870,卖盘,2017-08-03,2017-08-03 14:10:24
14:10:27,14:10:27,15.79,--,571,902556,卖盘,2017-08-03,2017-08-03 14:10:27
14:10:30,14:10:30,15.79,--,247,391276,卖盘,2017-08-03,2017-08-03 14:10:30
14:10:33,14:10:33,15.79,--,359,567176,卖盘,2017-08-03,2017-08-03 14:10:33
14:10:36,14:10:36,15.79,--,35,55265,卖盘,2017-08-03,2017-08-03 14:10:36
14:10:39,14:10:39,15.79,--,52,82423,卖盘,2017-08-03,2017-08-03 14:10:39
14:10:42,14:10:42,15.79,--,51,80529,卖盘,2017-08-03,2017-08-03 14:10:42
14:10:45,14:10:45,15.79,--,85,135478,卖盘,2017-08-03,2017-08-03 14:10:45
14:10:48,14:10:48,15.79,--,24,37896,卖盘,2017-08-03,2017-08-03 14:10:48
14:10:51,14:10:51,15.79,--,26,41054,卖盘,2017-08-03,2017-08-03 14:10:51
14:10:54,14:10:54,15.79,--,52,82108,卖盘,2017-08-03,2017-08-03 14:10:54
14:10:57,14:10:57,15.79,--,17,27790,卖盘,2017-08-03,2017-08-03 14:10:57
14:11:00,14:11:00,15.79,--,48,75792,卖盘,2017-08-03,2017-08-03 14:11:00
14:11:03,14:11:03,15.79,--,78,123162,卖盘,2017-08-03,2017-08-03 14:11:03
14:11:06,14:11:06,15.79,--,18,29369,卖盘,2017-08-03,2017-08-03 14:11:06
14:11:09,14:11:09,15.79,--,43,67897,卖盘,2017-08-03,2017-08-03 14:11:09
14:11:12,14:11:12,15.79,--,18,28737,卖盘,2017-08-03,2017-08-03 14:11:12
14:11:15,14:11:15,15.79,--,65,102950,卖盘,2017-08-03,2017-08-03 14:11:15
14:11:18,14:11:18,15.79,--,2,4105,卖盘,2017-08-03,2017-08-03 14:11:18
14:11:21,14:11:21,15.79,--,22,35685,卖盘,2017-08-03,2017-08-03 14:11:21
14:11:24,14:11:24,15.79,--,31,48949,卖盘,2017-08-03,2017-08-03 14:11:24
14:11:27,14:11:27,15.79,--,86,136741,卖盘,2017-08-03,2017-08-03 14:11:27
14:11:30,14:11:30,15.79,--,94,148426,卖盘,2017-08-03,2017-08-03 14:11:30
14:11:33,14:11:33,15.79,--,220,348011,卖盘,2017-08-03,2017-08-03 14:11:33
14:11:36,14:11:36,15.79,--,93,148110,卖盘,2017-08-03,2017-08-03 14:11:36
14:11:39,14:11:39,15.79,--,10,16421,卖盘,2017-08-03,2017-08-03 14:11:39
14:11:42,14:11:42,15.79,--,7,11053,卖盘,2017-08-03,2017-08-03 14:11:42
14:11:45,14:11:45,15.79,--,22,34738,卖盘,2017-08-03,2017-08-03 14:11:45
14:11:48,14:11:48,15.79,--,16,25264,卖盘,2017-08-03,2017-08-03 14:11:48
14:11:51,14:11:51,15.79,--,14,22106,卖盘,2017-08-03,2017-08-03 14:11:51
14:11:54,14:11:54,15.79,--,18,28737,卖盘,2017-08-03,2017-08-03 14:11:54
14:11:57,14:11:57,15.79,--,5,7895,卖盘,2017-08-03,2017-08-03 14:11:57
14:12:00,14:12:00,15.79,--,27,42633,卖盘,2017-08-03,2017-08-03 14:12:00
14:12:03,14:12:03,15.79,--,100,158531,卖盘,2017-08-03,2017-08-03 14:12:03
14:12:06,14:12:06,15.79,--,4,6316,卖盘,2017-08-03,2017-08-03 14:12:06
14:12:09,14:12:09,15.79,--,314,496437,卖盘,2017-08-03,2017-08-03 14:12:09
14:12:12,14:12:12,15.79,--,1,2842,卖盘,2017-08-03,2017-08-03 14:12:12
14:12:15,14:12:15,15.79,--,151,239376,卖盘,2017-08-03,2017-08-03 14:12:15
14:12:18,14:12:18,15.79,--,63,99477,卖盘,2017-08-03,2017-08-03 14:12:18
14:12:21,14:12:21,15.79,--,16,25895,卖盘,2017-08-03,2017-08-03 14:12:21
14:12:24,14:12:24,15.79,--,63,100108,卖盘,2017-08-03,2017-08-03 14:12:24
14:12:30,14:12:30,15.79,--,24,37896,卖盘,2017-08-03,2017-08-03 14:12:30
14:12:33,14:12:33,15.79,--,5,7895,卖盘,2017-08-03,2017-08-03 14:12:33
14:12:36,14:12:36,15.79,--,15,23685,卖盘,2017-08-03,2017-08-03 14:12:36
14:12:39,14:12:39,15.79,--,12,18948,卖盘,2017-08-03,2017-08-03 14:12:39
14:12:42,14:12:42,15.79,--,109,173374,卖盘,2017-08-03,2017-08-03 14:12:42
14:12:45,14:12:45,15.79,--,10,15790,卖盘,2017-08-03,2017-08-03 14:12:45
14:12:48,14:12:48,15.79,--,104,164847,卖盘,2017-08-03,2017-08-03 14:12:48
14:12:51,14:12:51,15.79,--,113,178427,卖盘,2017-08-03,2017-08-03 14:12:51
14:12:54,14:12:54,15.79,--,1,1579,卖盘,2017-08-03,2017-08-03 14:12:54
14:12:57,14:12:57,15.79,--,6,9474,卖盘,2017-08-03,2017-08-03 14:12:57
14:13:00,14:13:00,15.79,--,5,7895,卖盘,2017-08-03,2017-08-03 14:13:00
14:13:03,14:13:03,15.79,--,14,22421,卖盘,2017-08-03,2017-08-03 14:13:03
14:13:06,14:13:06,15.79,--,3,4737,卖盘,2017-08-03,2017-08-03 14:13:06
14:13:09,14:13:09,15.79,--,41,65370,卖盘,2017-08-03,2017-08-03 14:13:09
14:13:12,14:13:12,15.79,--,106,167374,卖盘,2017-08-03,2017-08-03 14:13:12
14:13:15,14:13:15,15.79,--,10,15790,卖盘,2017-08-03,2017-08-03 14:13:15
14:13:18,14:13:18,15.79,--,10,15790,卖盘,2017-08-03,2017-08-03 14:13:18
14:13:21,14:13:21,15.79,--,5,7895,卖盘,2017-08-03,2017-08-03 14:13:21
14:13:24,14:13:24,15.79,--,8,13263,卖盘,2017-08-03,2017-08-03 14:13:24
14:13:30,14:13:30,15.79,--,6,9474,卖盘,2017-08-03,2017-08-03 14:13:30
14:13:33,14:13:33,15.79,--,23,36317,卖盘,2017-08-03,2017-08-03 14:13:33
14:13:36,14:13:36,15.79,--,41,64739,卖盘,2017-08-03,2017-08-03 14:13:36
14:13:42,14:13:42,15.79,--,30,48317,卖盘,2017-08-03,2017-08-03 14:13:42
14:13:45,14:13:45,15.79,--,5,8526,卖盘,2017-08-03,2017-08-03 14:13:45
14:13:48,14:13:48,15.79,--,5,7895,卖盘,2017-08-03,2017-08-03 14:13:48
14:13:57,14:13:57,15.79,--,1,1579,卖盘,2017-08-03,2017-08-03 14:13:57
14:14:03,14:14:03,15.79,--,15,23685,卖盘,2017-08-03,2017-08-03 14:14:03
14:14:06,14:14:06,15.79,--,11,17369,卖盘,2017-08-03,2017-08-03 14:14:06
14:14:09,14:14:09,15.79,--,10,15790,卖盘,2017-08-03,2017-08-03 14:14:09
14:14:15,14:14:15,15.79,--,1,1579,卖盘,2017-08-03,2017-08-03 14:14:15
14:14:18,14:14:18,15.79,--,63,99477,卖盘,2017-08-03,2017-08-03 14:14:18
14:14:21,14:14:21,15.79,--,10,15790,卖盘,2017-08-03,2017-08-03 14:14:21
14:14:24,14:14:24,15.79,--,15,23685,卖盘,2017-08-03,2017-08-03 14:14:24
14:14:27,14:14:27,15.79,--,142,224218,卖盘,2017-08-03,2017-08-03 14:14:27
14:14:36,14:14:36,15.79,--,33,53054,卖盘,2017-08-03,2017-08-03 14:14:36
14:14:42,14:14:42,15.79,--,18,28422,卖盘,2017-08-03,2017-08-03 14:14:42
14:14:48,14:14:48,15.79,--,21,33159,卖盘,2017-08-03,2017-08-03 14:14:48
14:14:51,14:14:51,15.79,--,5,7895,卖盘,2017-08-03,2017-08-03 14:14:51
14:14:54,14:14:54,15.79,--,3,4737,卖盘,2017-08-03,2017-08-03 14:14:54
14:14:57,14:14:57,15.79,--,1,1579,卖盘,2017-08-03,2017-08-03 14:14:57
14:15:03,14:15:03,15.79,--,25,39475,卖盘,2017-08-03,2017-08-03 14:15:03
14:15:06,14:15:06,15.79,--,3,4737,卖盘,2017-08-03,2017-08-03 14:15:06
14:15:09,14:15:09,15.79,--,10,15790,卖盘,2017-08-03,2017-08-03 14:15:09
14:15:21,14:15:21,15.79,--,44,70739,卖盘,2017-08-03,2017-08-03 14:15:21
14:15:27,14:15:27,15.79,--,4,7263,卖盘,2017-08-03,2017-08-03 14:15:27
14:15:30,14:15:30,15.79,--,14,22737,卖盘,2017-08-03,2017-08-03 14:15:30
14:15:33,14:15:33,15.79,--,1,1579,卖盘,2017-08-03,2017-08-03 14:15:33
14:15:36,14:15:36,15.79,--,10,15790,卖盘,2017-08-03,2017-08-03 14:15:36
14:15:39,14:15:39,15.79,--,15,23685,卖盘,2017-08-03,2017-08-03 14:15:39
14:15:42,14:15:42,15.79,--,3,5368,卖盘,2017-08-03,2017-08-03 14:15:42
14:15:48,14:15:48,15.79,--,8,13263,卖盘,2017-08-03,2017-08-03 14:15:48
14:15:51,14:15:51,15.79,--,1,1579,卖盘,2017-08-03,2017-08-03 14:15:51
14:15:57,14:15:57,15.79,--,32,50528,卖盘,2017-08-03,2017-08-03 14:15:57
14:16:06,14:16:06,15.79,--,8,12632,卖盘,2017-08-03,2017-08-03 14:16:06
14:16:09,14:16:09,15.79,--,1,1894,卖盘,2017-08-03,2017-08-03 14:16:09
14:16:12,14:16:12,15.79,--,15,23685,卖盘,2017-08-03,2017-08-03 14:16:12
14:16:15,14:16:15,15.79,--,15,23685,卖盘,2017-08-03,2017-08-03 14:16:15
14:16:18,14:16:18,15.79,--,3,4737,卖盘,2017-08-03,2017-08-03 14:16:18
14:16:27,14:16:27,15.79,--,30,47370,卖盘,2017-08-03,2017-08-03 14:16:27
14:16:30,14:16:30,15.79,--,2,3158,卖盘,2017-08-03,2017-08-03 14:16:30
14:16:33,14:16:33,15.79,--,40,63160,卖盘,2017-08-03,2017-08-03 14:16:33
14:16:36,14:16:36,15.79,--,20,31580,卖盘,2017-08-03,2017-08-03 14:16:36
14:16:39,14:16:39,15.79,--,13,20842,卖盘,2017-08-03,2017-08-03 14:16:39
14:16:57,14:16:57,15.79,--,8,12632,卖盘,2017-08-03,2017-08-03 14:16:57
14:17:00,14:17:00,15.79,--,8,12632,卖盘,2017-08-03,2017-08-03 14:17:00
14:17:12,14:17:12,15.79,--,13,20527,卖盘,2017-08-03,2017-08-03 14:17:12
14:17:15,14:17:15,15.79,--,28,44212,卖盘,2017-08-03,2017-08-03 14:17:15
14:17:18,14:17:18,15.79,--,55,86845,卖盘,2017-08-03,2017-08-03 14:17:18
14:17:21,14:17:21,15.79,--,6,9474,卖盘,2017-08-03,2017-08-03 14:17:21
14:17:24,14:17:24,15.79,--,6,9474,卖盘,2017-08-03,2017-08-03 14:17:24
14:17:27,14:17:27,15.79,--,10,15790,卖盘,2017-08-03,2017-08-03 14:17:27
14:17:33,14:17:33,15.79,--,37,58423,卖盘,2017-08-03,2017-08-03 14:17:33
14:17:36,14:17:36,15.79,--,2,3158,卖盘,2017-08-03,2017-08-03 14:17:36
14:17:39,14:17:39,15.79,--,2,3158,卖盘,2017-08-03,2017-08-03 14:17:39
14:17:45,14:17:45,15.79,--,4,6316,卖盘,2017-08-03,2017-08-03 14:17:45
14:17:48,14:17:48,15.79,--,8,12632,卖盘,2017-08-03,2017-08-03 14:17:48
14:17:57,14:17:57,15.79,--,13,20527,卖盘,2017-08-03,2017-08-03 14:17:57
14:18:06,14:18:06,15.79,--,25,39475,卖盘,2017-08-03,2017-08-03 14:18:06
14:18:15,14:18:15,15.79,--,16,26527,卖盘,2017-08-03,2017-08-03 14:18:15
14:18:18,14:18:18,15.79,--,3,5684,卖盘,2017-08-03,2017-08-03 14:18:18
14:18:24,14:18:24,15.79,--,12,18948,卖盘,2017-08-03,2017-08-03 14:18:24
14:18:27,14:18:27,15.79,--,3,4737,卖盘,2017-08-03,2017-08-03 14:18:27
14:18:30,14:18:30,15.79,--,24,37896,卖盘,2017-08-03,2017-08-03 14:18:30
14:18:33,14:18:33,15.79,--,1,1579,卖盘,2017-08-03,2017-08-03 14:18:33
14:18:39,14:18:39,15.79,--,8,12632,卖盘,2017-08-03,2017-08-03 14:18:39
14:18:42,14:18:42,15.79,--,20,31580,卖盘,2017-08-03,2017-08-03 14:18:42
14:18:48,14:18:48,15.79,--,11,17369,卖盘,2017-08-03,2017-08-03 14:18:48
14:19:06,14:19:06,15.79,--,30,47370,卖盘,2017-08-03,2017-08-03 14:19:06
14:19:12,14:19:12,15.79,--,12,18948,卖盘,2017-08-03,2017-08-03 14:19:12
14:19:18,14:19:18,15.79,--,5,7895,卖盘,2017-08-03,2017-08-03 14:19:18
14:19:27,14:19:27,15.79,--,1,1579,卖盘,2017-08-03,2017-08-03 14:19:27
14:19:33,14:19:33,15.79,--,1,1579,卖盘,2017-08-03,2017-08-03 14:19:33
14:19:36,14:19:36,15.79,--,5,7895,卖盘,2017-08-03,2017-08-03 14:19:36
14:19:39,14:19:39,15.79,--,10,15790,卖盘,2017-08-03,2017-08-03 14:19:39
14:19:42,14:19:42,15.79,--,12,19263,卖盘,2017-08-03,2017-08-03 14:19:42
14:19:51,14:19:51,15.79,--,20,31580,卖盘,2017-08-03,2017-08-03 14:19:51
14:20:00,14:20:00,15.79,--,14,22106,卖盘,2017-08-03,2017-08-03 14:20:00
14:20:03,14:20:03,15.79,--,100,157900,卖盘,2017-08-03,2017-08-03 14:20:03
14:20:06,14:20:06,15.79,--,3,4737,卖盘,2017-08-03,2017-08-03 14:20:06
14:20:12,14:20:12,15.79,--,10,15790,卖盘,2017-08-03,2017-08-03 14:20:12
14:20:24,14:20:24,15.79,--,1,1579,卖盘,2017-08-03,2017-08-03 14:20:24
14:20:27,14:20:27,15.79,--,6,9474,卖盘,2017-08-03,2017-08-03 14:20:27
14:20:30,14:20:30,15.79,--,17,26843,卖盘,2017-08-03,2017-08-03 14:20:30
14:20:33,14:20:33,15.79,--,3,4737,卖盘,2017-08-03,2017-08-03 14:20:33
14:20:36,14:20:36,15.79,--,5,7895,卖盘,2017-08-03,2017-08-03 14:20:36
14:20:39,14:20:39,15.79,--,5,7895,卖盘,2017-08-03,2017-08-03 14:20:39
14:20:42,14:20:42,15.79,--,4,6316,卖盘,2017-08-03,2017-08-03 14:20:42
14:20:57,14:20:57,15.79,--,39,62102,卖盘,2017-08-03,2017-08-03 14:20:57
14:21:00,14:21:00,15.79,--,14,22106,卖盘,2017-08-03,2017-08-03 14:21:00
14:21:06,14:21:06,15.79,--,2,3789,卖盘,2017-08-03,2017-08-03 14:21:06
14:21:09,14:21:09,15.79,--,4,6316,卖盘,2017-08-03,2017-08-03 14:21:09
14:21:12,14:21:12,15.79,--,60,94740,卖盘,2017-08-03,2017-08-03 14:21:12
14:21:15,14:21:15,15.79,--,46,72634,卖盘,2017-08-03,2017-08-03 14:21:15
14:21:18,14:21:18,15.79,--,18,28422,卖盘,2017-08-03,2017-08-03 14:21:18
14:21:30,14:21:30,15.79,--,5,7895,卖盘,2017-08-03,2017-08-03 14:21:30
14:21:39,14:21:39,15.79,--,11,17369,卖盘,2017-08-03,2017-08-03 14:21:39
14:21:42,14:21:42,15.79,--,5,7895,卖盘,2017-08-03,2017-08-03 14:21:42
14:21:45,14:21:45,15.79,--,5,7895,卖盘,2017-08-03,2017-08-03 14:21:45
14:22:00,14:22:00,15.79,--,3,4737,卖盘,2017-08-03,2017-08-03 14:22:00
14:22:03,14:22:03,15.79,--,1,1894,卖盘,2017-08-03,2017-08-03 14:22:03
14:22:06,14:22:06,15.79,--,3,4737,卖盘,2017-08-03,2017-08-03 14:22:06
14:22:09,14:22:09,15.79,--,5,8526,卖盘,2017-08-03,2017-08-03 14:22:09
14:22:12,14:22:12,15.79,--,20,31580,卖盘,2017-08-03,2017-08-03 14:22:12
14:22:39,14:22:39,15.79,--,3,4737,卖盘,2017-08-03,2017-08-03 14:22:39
14:22:42,14:22:42,15.79,--,1,1579,卖盘,2017-08-03,2017-08-03 14:22:42
14:22:45,14:22:45,15.79,--,3,4737,卖盘,2017-08-03,2017-08-03 14:22:45
14:22:54,14:22:54,15.79,--,3,4737,卖盘,2017-08-03,2017-08-03 14:22:54
14:23:03,14:23:03,15.79,--,7,11053,卖盘,2017-08-03,2017-08-03 14:23:03
14:23:06,14:23:06,15.79,--,31,48949,卖盘,2017-08-03,2017-08-03 14:23:06
14:23:18,14:23:18,15.79,--,6,9474,卖盘,2017-08-03,2017-08-03 14:23:18
14:23:21,14:23:21,15.79,--,5,7895,卖盘,2017-08-03,2017-08-03 14:23:21
14:23:24,14:23:24,15.79,--,3,4737,卖盘,2017-08-03,2017-08-03 14:23:24
14:23:33,14:23:33,15.79,--,2,3158,卖盘,2017-08-03,2017-08-03 14:23:33
14:23:39,14:23:39,15.79,--,0,631,卖盘,2017-08-03,2017-08-03 14:23:39
14:23:42,14:23:42,15.79,--,200,315800,卖盘,2017-08-03,2017-08-03 14:23:42
14:23:51,14:23:51,15.79,--,5,7895,卖盘,2017-08-03,2017-08-03 14:23:51
14:23:54,14:23:54,15.79,--,20,31580,卖盘,2017-08-03,2017-08-03 14:23:54
14:23:57,14:23:57,15.79,--,5,7895,卖盘,2017-08-03,2017-08-03 14:23:57
14:24:00,14:24:00,15.79,--,2,3158,卖盘,2017-08-03,2017-08-03 14:24:00
14:24:03,14:24:03,15.79,--,17,26843,卖盘,2017-08-03,2017-08-03 14:24:03
14:24:18,14:24:18,15.79,--,20,31580,卖盘,2017-08-03,2017-08-03 14:24:18
14:24:30,14:24:30,15.79,--,2,4421,卖盘,2017-08-03,2017-08-03 14:24:30
14:24:36,14:24:36,15.79,--,5,7895,卖盘,2017-08-03,2017-08-03 14:24:36
14:24:48,14:24:48,15.79,--,5,7895,卖盘,2017-08-03,2017-08-03 14:24:48
14:24:51,14:24:51,15.79,--,3,4737,卖盘,2017-08-03,2017-08-03 14:24:51
14:24:57,14:24:57,15.79,--,22,35369,卖盘,2017-08-03,2017-08-03 14:24:57
14:25:03,14:25:03,15.79,--,5,7895,卖盘,2017-08-03,2017-08-03 14:25:03
14:25:09,14:25:09,15.79,--,11,17684,卖盘,2017-08-03,2017-08-03 14:25:09
14:25:12,14:25:12,15.79,--,16,25264,卖盘,2017-08-03,2017-08-03 14:25:12
14:25:18,14:25:18,15.79,--,8,12632,卖盘,2017-08-03,2017-08-03 14:25:18
14:25:21,14:25:21,15.79,--,4,6316,卖盘,2017-08-03,2017-08-03 14:25:21
14:25:24,14:25:24,15.79,--,30,47370,卖盘,2017-08-03,2017-08-03 14:25:24
14:25:36,14:25:36,15.79,--,2,3158,卖盘,2017-08-03,2017-08-03 14:25:36
14:25:48,14:25:48,15.79,--,20,31580,卖盘,2017-08-03,2017-08-03 14:25:48
14:25:54,14:25:54,15.79,--,1,1579,卖盘,2017-08-03,2017-08-03 14:25:54
14:25:57,14:25:57,15.79,--,4,6316,卖盘,2017-08-03,2017-08-03 14:25:57
14:26:00,14:26:00,15.79,--,5,8842,卖盘,2017-08-03,2017-08-03 14:26:00
14:26:12,14:26:12,15.79,--,12,18948,卖盘,2017-08-03,2017-08-03 14:26:12
14:26:15,14:26:15,15.79,--,6,10737,卖盘,2017-08-03,2017-08-03 14:26:15
14:26:18,14:26:18,15.79,--,57,90003,卖盘,2017-08-03,2017-08-03 14:26:18
14:26:21,14:26:21,15.79,--,1,1579,卖盘,2017-08-03,2017-08-03 14:26:21
14:26:24,14:26:24,15.79,--,5,7895,卖盘,2017-08-03,2017-08-03 14:26:24
14:26:39,14:26:39,15.79,--,5,8526,卖盘,2017-08-03,2017-08-03 14:26:39
14:26:42,14:26:42,15.79,--,10,15790,卖盘,2017-08-03,2017-08-03 14:26:42
14:26:45,14:26:45,15.79,--,5,7895,卖盘,2017-08-03,2017-08-03 14:26:45
14:26:48,14:26:48,15.79,--,3,5368,卖盘,2017-08-03,2017-08-03 14:26:48
14:26:54,14:26:54,15.79,--,272,429803,卖盘,2017-08-03,2017-08-03 14:26:54
14:26:57,14:26:57,15.79,--,10,15790,卖盘,2017-08-03,2017-08-03 14:26:57
14:27:00,14:27:00,15.79,--,2,3789,卖盘,2017-08-03,2017-08-03 14:27:00
14:27:03,14:27:03,15.79,--,20,31580,卖盘,2017-08-03,2017-08-03 14:27:03
14:27:12,14:27:12,15.79,--,10,15790,卖盘,2017-08-03,2017-08-03 14:27:12
14:27:24,14:27:24,15.79,--,4,6316,卖盘,2017-08-03,2017-08-03 14:27:24
14:27:27,14:27:27,15.79,--,52,82108,卖盘,2017-08-03,2017-08-03 14:27:27
14:27:42,14:27:42,15.79,--,2,3158,卖盘,2017-08-03,2017-08-03 14:27:42
14:27:51,14:27:51,15.79,--,34,54001,卖盘,2017-08-03,2017-08-03 14:27:51
14:27:57,14:27:57,15.79,--,4,6316,卖盘,2017-08-03,2017-08-03 14:27:57
14:28:06,14:28:06,15.79,--,6,10105,卖盘,2017-08-03,2017-08-03 14:28:06
14:28:12,14:28:12,15.79,--,8,12632,卖盘,2017-08-03,2017-08-03 14:28:12
14:28:18,14:28:18,15.79,--,8,12632,卖盘,2017-08-03,2017-08-03 14:28:18
14:28:24,14:28:24,15.79,--,5,7895,卖盘,2017-08-03,2017-08-03 14:28:24
14:28:27,14:28:27,15.79,--,30,47370,卖盘,2017-08-03,2017-08-03 14:28:27
14:28:48,14:28:48,15.79,--,10,15790,卖盘,2017-08-03,2017-08-03 14:28:48
14:28:54,14:28:54,15.79,--,49,77371,卖盘,2017-08-03,2017-08-03 14:28:54
14:29:09,14:29:09,15.79,--,7,12316,卖盘,2017-08-03,2017-08-03 14:29:09
14:29:12,14:29:12,15.79,--,10,15790,卖盘,2017-08-03,2017-08-03 14:29:12
14:29:21,14:29:21,15.79,--,2,3158,卖盘,2017-08-03,2017-08-03 14:29:21
14:29:24,14:29:24,15.79,--,5,7895,卖盘,2017-08-03,2017-08-03 14:29:24
14:29:30,14:29:30,15.79,--,10,15790,卖盘,2017-08-03,2017-08-03 14:29:30
14:29:33,14:29:33,15.79,--,612,967295,卖盘,2017-08-03,2017-08-03 14:29:33
14:29:39,14:29:39,15.79,--,530,836870,卖盘,2017-08-03,2017-08-03 14:29:39
14:29:48,14:29:48,15.79,--,42,66318,卖盘,2017-08-03,2017-08-03 14:29:48
14:29:51,14:29:51,15.79,--,1,1579,卖盘,2017-08-03,2017-08-03 14:29:51
14:29:57,14:29:57,15.79,--,10,15790,卖盘,2017-08-03,2017-08-03 14:29:57
14:30:00,14:30:00,15.79,--,40,63160,卖盘,2017-08-03,2017-08-03 14:30:00
14:30:03,14:30:03,15.79,--,6,9474,卖盘,2017-08-03,2017-08-03 14:30:03
14:30:06,14:30:06,15.79,--,10,15790,卖盘,2017-08-03,2017-08-03 14:30:06
14:30:12,14:30:12,15.79,--,2,3158,卖盘,2017-08-03,2017-08-03 14:30:12
14:30:24,14:30:24,15.79,--,92,145268,卖盘,2017-08-03,2017-08-03 14:30:24
14:30:30,14:30:30,15.79,--,5,7895,卖盘,2017-08-03,2017-08-03 14:30:30
14:30:33,14:30:33,15.79,--,50,78950,卖盘,2017-08-03,2017-08-03 14:30:33
14:30:36,14:30:36,15.79,--,8,12632,卖盘,2017-08-03,2017-08-03 14:30:36
14:30:42,14:30:42,15.79,--,16,25264,卖盘,2017-08-03,2017-08-03 14:30:42
14:30:48,14:30:48,15.79,--,10,15790,卖盘,2017-08-03,2017-08-03 14:30:48
14:30:51,14:30:51,15.79,--,5,7895,卖盘,2017-08-03,2017-08-03 14:30:51
14:30:54,14:30:54,15.79,--,1,1894,卖盘,2017-08-03,2017-08-03 14:30:54
14:30:57,14:30:57,15.79,--,3,5684,卖盘,2017-08-03,2017-08-03 14:30:57
14:31:00,14:31:00,15.79,--,13,20527,卖盘,2017-08-03,2017-08-03 14:31:00
14:31:06,14:31:06,15.79,--,21,33159,卖盘,2017-08-03,2017-08-03 14:31:06
14:31:09,14:31:09,15.79,--,10,15790,卖盘,2017-08-03,2017-08-03 14:31:09
14:31:12,14:31:12,15.79,--,15,23685,卖盘,2017-08-03,2017-08-03 14:31:12
14:31:15,14:31:15,15.79,--,2,3158,卖盘,2017-08-03,2017-08-03 14:31:15
14:31:21,14:31:21,15.79,--,11,17369,卖盘,2017-08-03,2017-08-03 14:31:21
14:31:27,14:31:27,15.79,--,10,15790,卖盘,2017-08-03,2017-08-03 14:31:27
14:31:30,14:31:30,15.79,--,0,947,卖盘,2017-08-03,2017-08-03 14:31:30
14:31:33,14:31:33,15.79,--,3,4737,卖盘,2017-08-03,2017-08-03 14:31:33
14:31:45,14:31:45,15.79,--,5,7895,卖盘,2017-08-03,2017-08-03 14:31:45
14:31:51,14:31:51,15.79,--,9,14842,卖盘,2017-08-03,2017-08-03 14:31:51
14:31:54,14:31:54,15.79,--,30,47370,卖盘,2017-08-03,2017-08-03 14:31:54
14:31:57,14:31:57,15.79,--,5,7895,卖盘,2017-08-03,2017-08-03 14:31:57
14:32:09,14:32:09,15.79,--,100,157900,卖盘,2017-08-03,2017-08-03 14:32:09
14:32:15,14:32:15,15.79,--,5,7895,卖盘,2017-08-03,2017-08-03 14:32:15
14:32:18,14:32:18,15.79,--,5,7895,卖盘,2017-08-03,2017-08-03 14:32:18
14:32:30,14:32:30,15.79,--,2,3158,卖盘,2017-08-03,2017-08-03 14:32:30
14:32:39,14:32:39,15.79,--,21,33159,卖盘,2017-08-03,2017-08-03 14:32:39
14:32:42,14:32:42,15.79,--,10,15790,卖盘,2017-08-03,2017-08-03 14:32:42
14:32:51,14:32:51,15.79,--,2,3789,卖盘,2017-08-03,2017-08-03 14:32:51
14:32:57,14:32:57,15.79,--,4,6316,卖盘,2017-08-03,2017-08-03 14:32:57
14:33:00,14:33:00,15.79,--,10,15790,卖盘,2017-08-03,2017-08-03 14:33:00
14:33:09,14:33:09,15.79,--,13,20527,卖盘,2017-08-03,2017-08-03 14:33:09
14:33:12,14:33:12,15.79,--,45,72002,卖盘,2017-08-03,2017-08-03 14:33:12
14:33:15,14:33:15,15.79,--,3,5368,卖盘,2017-08-03,2017-08-03 14:33:15
14:33:18,14:33:18,15.79,--,2,3158,卖盘,2017-08-03,2017-08-03 14:33:18
14:33:21,14:33:21,15.79,--,6,9474,卖盘,2017-08-03,2017-08-03 14:33:21
14:33:27,14:33:27,15.79,--,23,36317,卖盘,2017-08-03,2017-08-03 14:33:27
14:33:39,14:33:39,15.79,--,13,20527,卖盘,2017-08-03,2017-08-03 14:33:39
14:33:48,14:33:48,15.79,--,4,6947,卖盘,2017-08-03,2017-08-03 14:33:48
14:33:54,14:33:54,15.79,--,14,22106,卖盘,2017-08-03,2017-08-03 14:33:54
14:34:06,14:34:06,15.79,--,5,7895,卖盘,2017-08-03,2017-08-03 14:34:06
14:34:24,14:34:24,15.79,--,10,15790,卖盘,2017-08-03,2017-08-03 14:34:24
14:34:30,14:34:30,15.79,--,0,631,卖盘,2017-08-03,2017-08-03 14:34:30
14:34:33,14:34:33,15.79,--,10,16421,卖盘,2017-08-03,2017-08-03 14:34:33
14:34:36,14:34:36,15.79,--,10,15790,卖盘,2017-08-03,2017-08-03 14:34:36
14:34:39,14:34:39,15.79,--,2,3158,卖盘,2017-08-03,2017-08-03 14:34:39
14:34:45,14:34:45,15.79,--,10,15790,卖盘,2017-08-03,2017-08-03 14:34:45
14:34:54,14:34:54,15.79,--,3,4737,卖盘,2017-08-03,2017-08-03 14:34:54
14:35:03,14:35:03,15.79,--,56,88739,卖盘,2017-08-03,2017-08-03 14:35:03
14:35:06,14:35:06,15.79,--,16,25579,卖盘,2017-08-03,2017-08-03 14:35:06
14:35:09,14:35:09,15.79,--,20,31580,卖盘,2017-08-03,2017-08-03 14:35:09
14:35:12,14:35:12,15.79,--,1,1579,卖盘,2017-08-03,2017-08-03 14:35:12
14:35:15,14:35:15,15.79,--,1,1579,卖盘,2017-08-03,2017-08-03 14:35:15
14:35:18,14:35:18,15.79,--,10,15790,卖盘,2017-08-03,2017-08-03 14:35:18
14:35:21,14:35:21,15.79,--,14,22106,卖盘,2017-08-03,2017-08-03 14:35:21
14:35:24,14:35:24,15.79,--,2,3158,卖盘,2017-08-03,2017-08-03 14:35:24
14:35:27,14:35:27,15.79,--,10,15790,卖盘,2017-08-03,2017-08-03 14:35:27
14:35:30,14:35:30,15.79,--,3,4737,卖盘,2017-08-03,2017-08-03 14:35:30
14:35:33,14:35:33,15.79,--,1,1894,卖盘,2017-08-03,2017-08-03 14:35:33
14:35:39,14:35:39,15.79,--,20,31580,卖盘,2017-08-03,2017-08-03 14:35:39
14:35:45,14:35:45,15.79,--,1,1894,卖盘,2017-08-03,2017-08-03 14:35:45
14:35:48,14:35:48,15.79,--,3,4737,卖盘,2017-08-03,2017-08-03 14:35:48
14:35:51,14:35:51,15.79,--,5,7895,卖盘,2017-08-03,2017-08-03 14:35:51
14:35:54,14:35:54,15.79,--,20,31580,卖盘,2017-08-03,2017-08-03 14:35:54
14:35:57,14:35:57,15.79,--,1,1579,卖盘,2017-08-03,2017-08-03 14:35:57
14:36:00,14:36:00,15.79,--,8,12632,卖盘,2017-08-03,2017-08-03 14:36:00
14:36:06,14:36:06,15.79,--,25,39475,卖盘,2017-08-03,2017-08-03 14:36:06
14:36:15,14:36:15,15.79,--,1,1579,卖盘,2017-08-03,2017-08-03 14:36:15
14:36:18,14:36:18,15.79,--,2,3158,卖盘,2017-08-03,2017-08-03 14:36:18
14:36:21,14:36:21,15.79,--,1,1579,卖盘,2017-08-03,2017-08-03 14:36:21
14:36:27,14:36:27,15.79,--,3,4737,卖盘,2017-08-03,2017-08-03 14:36:27
14:36:30,14:36:30,15.79,--,46,72634,卖盘,2017-08-03,2017-08-03 14:36:30
14:36:36,14:36:36,15.79,--,22,35369,卖盘,2017-08-03,2017-08-03 14:36:36
14:36:45,14:36:45,15.79,--,10,15790,卖盘,2017-08-03,2017-08-03 14:36:45
14:36:48,14:36:48,15.79,--,2,3789,卖盘,2017-08-03,2017-08-03 14:36:48
14:36:51,14:36:51,15.79,--,10,15790,卖盘,2017-08-03,2017-08-03 14:36:51
14:36:54,14:36:54,15.79,--,10,15790,卖盘,2017-08-03,2017-08-03 14:36:54
14:36:57,14:36:57,15.79,--,14,22106,卖盘,2017-08-03,2017-08-03 14:36:57
14:37:00,14:37:00,15.79,--,2,3158,卖盘,2017-08-03,2017-08-03 14:37:00
14:37:09,14:37:09,15.79,--,4,6316,卖盘,2017-08-03,2017-08-03 14:37:09
14:37:15,14:37:15,15.79,--,3,5368,卖盘,2017-08-03,2017-08-03 14:37:15
14:37:18,14:37:18,15.79,--,27,42633,卖盘,2017-08-03,2017-08-03 14:37:18
14:37:24,14:37:24,15.79,--,50,78950,卖盘,2017-08-03,2017-08-03 14:37:24
14:37:36,14:37:36,15.79,--,15,23685,卖盘,2017-08-03,2017-08-03 14:37:36
14:37:54,14:37:54,15.79,--,2,3789,卖盘,2017-08-03,2017-08-03 14:37:54
14:38:00,14:38:00,15.79,--,18,28422,卖盘,2017-08-03,2017-08-03 14:38:00
14:38:03,14:38:03,15.79,--,7,11053,卖盘,2017-08-03,2017-08-03 14:38:03
14:38:06,14:38:06,15.79,--,5,7895,卖盘,2017-08-03,2017-08-03 14:38:06
14:38:15,14:38:15,15.79,--,1,1579,卖盘,2017-08-03,2017-08-03 14:38:15
14:38:30,14:38:30,15.79,--,1,1579,卖盘,2017-08-03,2017-08-03 14:38:30
14:38:33,14:38:33,15.79,--,9,14211,卖盘,2017-08-03,2017-08-03 14:38:33
14:38:36,14:38:36,15.79,--,20,31580,卖盘,2017-08-03,2017-08-03 14:38:36
14:38:39,14:38:39,15.79,--,4,6316,卖盘,2017-08-03,2017-08-03 14:38:39
14:38:42,14:38:42,15.79,--,10,17053,卖盘,2017-08-03,2017-08-03 14:38:42
14:38:45,14:38:45,15.79,--,20,31580,卖盘,2017-08-03,2017-08-03 14:38:45
14:39:09,14:39:09,15.79,--,22,35053,卖盘,2017-08-03,2017-08-03 14:39:09
14:39:12,14:39:12,15.79,--,3,4737,卖盘,2017-08-03,2017-08-03 14:39:12
14:39:18,14:39:18,15.79,--,70,111477,卖盘,2017-08-03,2017-08-03 14:39:18
14:39:27,14:39:27,15.79,--,3,4737,卖盘,2017-08-03,2017-08-03 14:39:27
14:39:42,14:39:42,15.79,--,6,10421,卖盘,2017-08-03,2017-08-03 14:39:42
14:39:45,14:39:45,15.79,--,2,3158,卖盘,2017-08-03,2017-08-03 14:39:45
14:39:57,14:39:57,15.79,--,4,6316,卖盘,2017-08-03,2017-08-03 14:39:57
14:40:00,14:40:00,15.79,--,1,1579,卖盘,2017-08-03,2017-08-03 14:40:00
14:40:03,14:40:03,15.79,--,20,31580,卖盘,2017-08-03,2017-08-03 14:40:03
14:40:12,14:40:12,15.79,--,5,7895,卖盘,2017-08-03,2017-08-03 14:40:12
14:40:24,14:40:24,15.79,--,30,47370,卖盘,2017-08-03,2017-08-03 14:40:24
14:40:27,14:40:27,15.79,--,20,31580,卖盘,2017-08-03,2017-08-03 14:40:27
14:40:36,14:40:36,15.79,--,10,15790,卖盘,2017-08-03,2017-08-03 14:40:36
14:40:39,14:40:39,15.79,--,7,11053,卖盘,2017-08-03,2017-08-03 14:40:39
14:40:51,14:40:51,15.79,--,11,17369,卖盘,2017-08-03,2017-08-03 14:40:51
14:40:54,14:40:54,15.79,--,7,11053,卖盘,2017-08-03,2017-08-03 14:40:54
14:40:57,14:40:57,15.79,--,1,1579,卖盘,2017-08-03,2017-08-03 14:40:57
14:41:00,14:41:00,15.79,--,7,11368,卖盘,2017-08-03,2017-08-03 14:41:00
14:41:03,14:41:03,15.79,--,39,61581,卖盘,2017-08-03,2017-08-03 14:41:03
14:41:12,14:41:12,15.79,--,10,16105,卖盘,2017-08-03,2017-08-03 14:41:12
14:41:15,14:41:15,15.79,--,14,23053,卖盘,2017-08-03,2017-08-03 14:41:15
14:41:24,14:41:24,15.79,--,2,3158,卖盘,2017-08-03,2017-08-03 14:41:24
14:41:30,14:41:30,15.79,--,20,31580,卖盘,2017-08-03,2017-08-03 14:41:30
14:41:36,14:41:36,15.79,--,13,20842,卖盘,2017-08-03,2017-08-03 14:41:36
14:41:45,14:41:45,15.79,--,6,9474,卖盘,2017-08-03,2017-08-03 14:41:45
14:41:48,14:41:48,15.79,--,10,15790,卖盘,2017-08-03,2017-08-03 14:41:48
14:41:51,14:41:51,15.79,--,1,1579,卖盘,2017-08-03,2017-08-03 14:41:51
14:41:54,14:41:54,15.79,--,26,41369,卖盘,2017-08-03,2017-08-03 14:41:54
14:42:03,14:42:03,15.79,--,325,513175,卖盘,2017-08-03,2017-08-03 14:42:03
14:42:12,14:42:12,15.79,--,3,4737,卖盘,2017-08-03,2017-08-03 14:42:12
14:42:15,14:42:15,15.79,--,88,139946,卖盘,2017-08-03,2017-08-03 14:42:15
14:42:24,14:42:24,15.79,--,37,58423,卖盘,2017-08-03,2017-08-03 14:42:24
14:42:27,14:42:27,15.79,--,23,36317,卖盘,2017-08-03,2017-08-03 14:42:27
14:42:30,14:42:30,15.79,--,1,1579,卖盘,2017-08-03,2017-08-03 14:42:30
14:42:36,14:42:36,15.79,--,2,3158,卖盘,2017-08-03,2017-08-03 14:42:36
14:42:39,14:42:39,15.79,--,23,36317,卖盘,2017-08-03,2017-08-03 14:42:39
14:42:45,14:42:45,15.79,--,24,39159,卖盘,2017-08-03,2017-08-03 14:42:45
14:42:51,14:42:51,15.79,--,5,7895,卖盘,2017-08-03,2017-08-03 14:42:51
14:42:54,14:42:54,15.79,--,28,44212,卖盘,2017-08-03,2017-08-03 14:42:54
14:43:00,14:43:00,15.79,--,18,28422,卖盘,2017-08-03,2017-08-03 14:43:00
14:43:03,14:43:03,15.79,--,6,9789,卖盘,2017-08-03,2017-08-03 14:43:03
14:43:06,14:43:06,15.79,--,1,1579,卖盘,2017-08-03,2017-08-03 14:43:06
14:43:09,14:43:09,15.79,--,6,9474,卖盘,2017-08-03,2017-08-03 14:43:09
14:43:15,14:43:15,15.79,--,1,1894,卖盘,2017-08-03,2017-08-03 14:43:15
14:43:18,14:43:18,15.79,--,3,4737,卖盘,2017-08-03,2017-08-03 14:43:18
14:43:24,14:43:24,15.79,--,10,15790,卖盘,2017-08-03,2017-08-03 14:43:24
14:43:30,14:43:30,15.79,--,5,7895,卖盘,2017-08-03,2017-08-03 14:43:30
14:43:36,14:43:36,15.79,--,1,1579,卖盘,2017-08-03,2017-08-03 14:43:36
14:43:42,14:43:42,15.79,--,14,22106,卖盘,2017-08-03,2017-08-03 14:43:42
14:43:45,14:43:45,15.79,--,7,11053,卖盘,2017-08-03,2017-08-03 14:43:45
14:43:51,14:43:51,15.79,--,120,189795,卖盘,2017-08-03,2017-08-03 14:43:51
14:43:54,14:43:54,15.79,--,2,3158,卖盘,2017-08-03,2017-08-03 14:43:54
14:43:57,14:43:57,15.79,--,12,18948,卖盘,2017-08-03,2017-08-03 14:43:57
14:44:03,14:44:03,15.79,--,5,7895,卖盘,2017-08-03,2017-08-03 14:44:03
14:44:09,14:44:09,15.79,--,6,9474,卖盘,2017-08-03,2017-08-03 14:44:09
14:44:12,14:44:12,15.79,--,99,156321,卖盘,2017-08-03,2017-08-03 14:44:12
14:44:15,14:44:15,15.79,--,11,18316,卖盘,2017-08-03,2017-08-03 14:44:15
14:44:18,14:44:18,15.79,--,2,3158,卖盘,2017-08-03,2017-08-03 14:44:18
14:44:21,14:44:21,15.79,--,20,31580,卖盘,2017-08-03,2017-08-03 14:44:21
14:44:27,14:44:27,15.79,--,15,23685,卖盘,2017-08-03,2017-08-03 14:44:27
14:44:39,14:44:39,15.79,--,11,17369,卖盘,2017-08-03,2017-08-03 14:44:39
14:44:42,14:44:42,15.79,--,12,18948,卖盘,2017-08-03,2017-08-03 14:44:42
14:44:57,14:44:57,15.79,--,51,81792,卖盘,2017-08-03,2017-08-03 14:44:57
14:45:00,14:45:00,15.79,--,34,53686,卖盘,2017-08-03,2017-08-03 14:45:00
14:45:03,14:45:03,15.79,--,1,1579,卖盘,2017-08-03,2017-08-03 14:45:03
14:45:06,14:45:06,15.79,--,3,4737,卖盘,2017-08-03,2017-08-03 14:45:06
14:45:12,14:45:12,15.79,--,2,3158,卖盘,2017-08-03,2017-08-03 14:45:12
14:45:15,14:45:15,15.79,--,3,4737,卖盘,2017-08-03,2017-08-03 14:45:15
14:45:18,14:45:18,15.79,--,10,15790,卖盘,2017-08-03,2017-08-03 14:45:18
14:45:21,14:45:21,15.79,--,6,9474,卖盘,2017-08-03,2017-08-03 14:45:21
14:45:24,14:45:24,15.79,--,13,20527,卖盘,2017-08-03,2017-08-03 14:45:24
14:45:27,14:45:27,15.79,--,49,77371,卖盘,2017-08-03,2017-08-03 14:45:27
14:45:30,14:45:30,15.79,--,28,44212,卖盘,2017-08-03,2017-08-03 14:45:30
14:45:33,14:45:33,15.79,--,37,59054,卖盘,2017-08-03,2017-08-03 14:45:33
14:45:36,14:45:36,15.79,--,30,47370,卖盘,2017-08-03,2017-08-03 14:45:36
14:45:39,14:45:39,15.79,--,2,3158,卖盘,2017-08-03,2017-08-03 14:45:39
14:45:42,14:45:42,15.79,--,79,124741,卖盘,2017-08-03,2017-08-03 14:45:42
14:45:45,14:45:45,15.79,--,12,18948,卖盘,2017-08-03,2017-08-03 14:45:45
14:45:48,14:45:48,15.79,--,37,58423,卖盘,2017-08-03,2017-08-03 14:45:48
14:45:51,14:45:51,15.79,--,86,136425,卖盘,2017-08-03,2017-08-03 14:45:51
14:45:54,14:45:54,15.79,--,1,1579,卖盘,2017-08-03,2017-08-03 14:45:54
14:45:57,14:45:57,15.79,--,10,15790,卖盘,2017-08-03,2017-08-03 14:45:57
14:46:06,14:46:06,15.79,--,5,7895,卖盘,2017-08-03,2017-08-03 14:46:06
14:46:09,14:46:09,15.79,--,8,13579,卖盘,2017-08-03,2017-08-03 14:46:09
14:46:18,14:46:18,15.79,--,1,1579,卖盘,2017-08-03,2017-08-03 14:46:18
14:46:21,14:46:21,15.79,--,20,31580,卖盘,2017-08-03,2017-08-03 14:46:21
14:46:24,14:46:24,15.79,--,6,9474,卖盘,2017-08-03,2017-08-03 14:46:24
14:46:33,14:46:33,15.79,--,10,15790,卖盘,2017-08-03,2017-08-03 14:46:33
14:46:39,14:46:39,15.79,--,3,4737,卖盘,2017-08-03,2017-08-03 14:46:39
14:46:51,14:46:51,15.79,--,9,15474,卖盘,2017-08-03,2017-08-03 14:46:51
14:46:54,14:46:54,15.79,--,8,12632,卖盘,2017-08-03,2017-08-03 14:46:54
14:47:06,14:47:06,15.79,--,4,6316,卖盘,2017-08-03,2017-08-03 14:47:06
14:47:09,14:47:09,15.79,--,15,23685,卖盘,2017-08-03,2017-08-03 14:47:09
14:47:15,14:47:15,15.79,--,5,8210,卖盘,2017-08-03,2017-08-03 14:47:15
14:47:18,14:47:18,15.79,--,2,3158,卖盘,2017-08-03,2017-08-03 14:47:18
14:47:27,14:47:27,15.79,--,7,11053,卖盘,2017-08-03,2017-08-03 14:47:27
14:47:30,14:47:30,15.79,--,10,15790,卖盘,2017-08-03,2017-08-03 14:47:30
14:47:33,14:47:33,15.79,--,6,9474,卖盘,2017-08-03,2017-08-03 14:47:33
14:47:36,14:47:36,15.79,--,6,9474,卖盘,2017-08-03,2017-08-03 14:47:36
14:47:42,14:47:42,15.79,--,7,11368,卖盘,2017-08-03,2017-08-03 14:47:42
14:47:45,14:47:45,15.79,--,3,4737,卖盘,2017-08-03,2017-08-03 14:47:45
14:47:48,14:47:48,15.79,--,10,15790,卖盘,2017-08-03,2017-08-03 14:47:48
14:47:51,14:47:51,15.79,--,10,15790,卖盘,2017-08-03,2017-08-03 14:47:51
14:48:00,14:48:00,15.79,--,1,1579,卖盘,2017-08-03,2017-08-03 14:48:00
14:48:03,14:48:03,15.79,--,2,4421,卖盘,2017-08-03,2017-08-03 14:48:03
14:48:06,14:48:06,15.79,--,4,6316,卖盘,2017-08-03,2017-08-03 14:48:06
14:48:15,14:48:15,15.79,--,40,63160,卖盘,2017-08-03,2017-08-03 14:48:15
14:48:24,14:48:24,15.79,--,3,4737,卖盘,2017-08-03,2017-08-03 14:48:24
14:48:30,14:48:30,15.79,--,5,7895,卖盘,2017-08-03,2017-08-03 14:48:30
14:48:39,14:48:39,15.79,--,10,15790,卖盘,2017-08-03,2017-08-03 14:48:39
14:48:42,14:48:42,15.79,--,2,3158,卖盘,2017-08-03,2017-08-03 14:48:42
14:48:54,14:48:54,15.79,--,29,47054,卖盘,2017-08-03,2017-08-03 14:48:54
14:49:03,14:49:03,15.79,--,3,4737,卖盘,2017-08-03,2017-08-03 14:49:03
14:49:09,14:49:09,15.79,--,111,175269,卖盘,2017-08-03,2017-08-03 14:49:09
14:49:15,14:49:15,15.79,--,10,15790,卖盘,2017-08-03,2017-08-03 14:49:15
14:49:18,14:49:18,15.79,--,0,631,卖盘,2017-08-03,2017-08-03 14:49:18
14:49:21,14:49:21,15.79,--,5,8842,卖盘,2017-08-03,2017-08-03 14:49:21
14:49:33,14:49:33,15.79,--,13,20527,卖盘,2017-08-03,2017-08-03 14:49:33
14:49:36,14:49:36,15.79,--,26,41054,卖盘,2017-08-03,2017-08-03 14:49:36
14:49:45,14:49:45,15.79,--,2,3158,卖盘,2017-08-03,2017-08-03 14:49:45
14:49:48,14:49:48,15.79,--,9,14211,卖盘,2017-08-03,2017-08-03 14:49:48
14:49:51,14:49:51,15.79,--,56,88424,卖盘,2017-08-03,2017-08-03 14:49:51
14:49:54,14:49:54,15.79,--,2,3158,卖盘,2017-08-03,2017-08-03 14:49:54
14:50:00,14:50:00,15.79,--,0,315,卖盘,2017-08-03,2017-08-03 14:50:00
14:50:06,14:50:06,15.79,--,3,4737,卖盘,2017-08-03,2017-08-03 14:50:06
14:50:09,14:50:09,15.79,--,5,8210,卖盘,2017-08-03,2017-08-03 14:50:09
14:50:18,14:50:18,15.79,--,20,31580,卖盘,2017-08-03,2017-08-03 14:50:18
14:50:21,14:50:21,15.79,--,2,3158,卖盘,2017-08-03,2017-08-03 14:50:21
14:50:24,14:50:24,15.79,--,72,113688,卖盘,2017-08-03,2017-08-03 14:50:24
14:50:27,14:50:27,15.79,--,7,11053,卖盘,2017-08-03,2017-08-03 14:50:27
14:50:39,14:50:39,15.79,--,1,1579,卖盘,2017-08-03,2017-08-03 14:50:39
14:50:42,14:50:42,15.79,--,21,33159,卖盘,2017-08-03,2017-08-03 14:50:42
14:50:54,14:50:54,15.79,--,50,78950,卖盘,2017-08-03,2017-08-03 14:50:54
14:50:57,14:50:57,15.79,--,3,4737,卖盘,2017-08-03,2017-08-03 14:50:57
14:51:03,14:51:03,15.79,--,5,7895,卖盘,2017-08-03,2017-08-03 14:51:03
14:51:06,14:51:06,15.79,--,14,22737,卖盘,2017-08-03,2017-08-03 14:51:06
14:51:09,14:51:09,15.79,--,2,3158,卖盘,2017-08-03,2017-08-03 14:51:09
14:51:15,14:51:15,15.79,--,105,166426,卖盘,2017-08-03,2017-08-03 14:51:15
14:51:24,14:51:24,15.79,--,2,3473,卖盘,2017-08-03,2017-08-03 14:51:24
14:51:27,14:51:27,15.79,--,1,1579,卖盘,2017-08-03,2017-08-03 14:51:27
14:51:30,14:51:30,15.79,--,3,5684,卖盘,2017-08-03,2017-08-03 14:51:30
14:51:42,14:51:42,15.79,--,4,6316,卖盘,2017-08-03,2017-08-03 14:51:42
14:51:45,14:51:45,15.79,--,1,1579,卖盘,2017-08-03,2017-08-03 14:51:45
14:51:48,14:51:48,15.79,--,10,15790,卖盘,2017-08-03,2017-08-03 14:51:48
14:52:00,14:52:00,15.79,--,1,1579,卖盘,2017-08-03,2017-08-03 14:52:00
14:52:03,14:52:03,15.79,--,49,77371,卖盘,2017-08-03,2017-08-03 14:52:03
14:52:06,14:52:06,15.79,--,5,7895,卖盘,2017-08-03,2017-08-03 14:52:06
14:52:15,14:52:15,15.79,--,4,6316,卖盘,2017-08-03,2017-08-03 14:52:15
14:52:27,14:52:27,15.79,--,5,7895,卖盘,2017-08-03,2017-08-03 14:52:27
14:52:30,14:52:30,15.79,--,6,9474,卖盘,2017-08-03,2017-08-03 14:52:30
14:52:33,14:52:33,15.79,--,13,20527,卖盘,2017-08-03,2017-08-03 14:52:33
14:52:36,14:52:36,15.79,--,5,7895,卖盘,2017-08-03,2017-08-03 14:52:36
14:52:39,14:52:39,15.79,--,70,110530,卖盘,2017-08-03,2017-08-03 14:52:39
14:52:42,14:52:42,15.79,--,3,4737,卖盘,2017-08-03,2017-08-03 14:52:42
14:52:45,14:52:45,15.79,--,5,8842,卖盘,2017-08-03,2017-08-03 14:52:45
14:52:48,14:52:48,15.79,--,11,18316,卖盘,2017-08-03,2017-08-03 14:52:48
14:52:51,14:52:51,15.79,--,1,2526,卖盘,2017-08-03,2017-08-03 14:52:51
14:52:54,14:52:54,15.79,--,11,17369,卖盘,2017-08-03,2017-08-03 14:52:54
14:52:57,14:52:57,15.79,--,25,39475,卖盘,2017-08-03,2017-08-03 14:52:57
14:53:00,14:53:00,15.79,--,4,6316,卖盘,2017-08-03,2017-08-03 14:53:00
14:53:09,14:53:09,15.79,--,5,7895,卖盘,2017-08-03,2017-08-03 14:53:09
14:53:15,14:53:15,15.79,--,3,4737,卖盘,2017-08-03,2017-08-03 14:53:15
14:53:24,14:53:24,15.79,--,2,3158,卖盘,2017-08-03,2017-08-03 14:53:24
14:53:27,14:53:27,15.79,--,6,9474,卖盘,2017-08-03,2017-08-03 14:53:27
14:53:30,14:53:30,15.79,--,10,15790,卖盘,2017-08-03,2017-08-03 14:53:30
14:53:36,14:53:36,15.79,--,17,26843,卖盘,2017-08-03,2017-08-03 14:53:36
14:53:39,14:53:39,15.79,--,34,53686,卖盘,2017-08-03,2017-08-03 14:53:39
14:53:42,14:53:42,15.79,--,3,4737,卖盘,2017-08-03,2017-08-03 14:53:42
14:53:45,14:53:45,15.79,--,6,9474,卖盘,2017-08-03,2017-08-03 14:53:45
14:53:54,14:53:54,15.79,--,4,6316,卖盘,2017-08-03,2017-08-03 14:53:54
14:53:57,14:53:57,15.79,--,4,6316,卖盘,2017-08-03,2017-08-03 14:53:57
14:54:00,14:54:00,15.79,--,3,4737,卖盘,2017-08-03,2017-08-03 14:54:00
14:54:03,14:54:03,15.79,--,12,18948,卖盘,2017-08-03,2017-08-03 14:54:03
14:54:06,14:54:06,15.79,--,1,1579,卖盘,2017-08-03,2017-08-03 14:54:06
14:54:12,14:54:12,15.79,--,1,1894,卖盘,2017-08-03,2017-08-03 14:54:12
14:54:24,14:54:24,15.79,--,10,15790,卖盘,2017-08-03,2017-08-03 14:54:24
14:54:33,14:54:33,15.79,--,10,15790,卖盘,2017-08-03,2017-08-03 14:54:33
14:54:36,14:54:36,15.79,--,5,7895,卖盘,2017-08-03,2017-08-03 14:54:36
14:54:39,14:54:39,15.79,--,3,4737,卖盘,2017-08-03,2017-08-03 14:54:39
14:54:51,14:54:51,15.79,--,13,20527,卖盘,2017-08-03,2017-08-03 14:54:51
14:54:54,14:54:54,15.79,--,5,7895,卖盘,2017-08-03,2017-08-03 14:54:54
14:55:03,14:55:03,15.79,--,30,47685,卖盘,2017-08-03,2017-08-03 14:55:03
14:55:06,14:55:06,15.79,--,5,7895,卖盘,2017-08-03,2017-08-03 14:55:06
14:55:12,14:55:12,15.79,--,16,26527,卖盘,2017-08-03,2017-08-03 14:55:12
14:55:15,14:55:15,15.79,--,9,14211,卖盘,2017-08-03,2017-08-03 14:55:15
14:55:21,14:55:21,15.79,--,10,15790,卖盘,2017-08-03,2017-08-03 14:55:21
14:55:36,14:55:36,15.79,--,6,9474,卖盘,2017-08-03,2017-08-03 14:55:36
14:55:39,14:55:39,15.79,--,13,20842,卖盘,2017-08-03,2017-08-03 14:55:39
14:55:42,14:55:42,15.79,--,8,12632,卖盘,2017-08-03,2017-08-03 14:55:42
14:55:45,14:55:45,15.79,--,6,9474,卖盘,2017-08-03,2017-08-03 14:55:45
14:55:54,14:55:54,15.79,--,1,1579,卖盘,2017-08-03,2017-08-03 14:55:54
14:55:57,14:55:57,15.79,--,10,15790,卖盘,2017-08-03,2017-08-03 14:55:57
14:56:21,14:56:21,15.79,--,5,7895,卖盘,2017-08-03,2017-08-03 14:56:21
14:56:24,14:56:24,15.79,--,20,31580,卖盘,2017-08-03,2017-08-03 14:56:24
14:56:30,14:56:30,15.79,--,11,17369,卖盘,2017-08-03,2017-08-03 14:56:30
14:56:36,14:56:36,15.79,--,2,3158,卖盘,2017-08-03,2017-08-03 14:56:36
14:56:48,14:56:48,15.79,--,20,31580,卖盘,2017-08-03,2017-08-03 14:56:48
14:56:57,14:56:57,15.79,--,35,55580,卖盘,2017-08-03,2017-08-03 14:56:57
14:57:03,14:57:03,15.79,--,4,6316,卖盘,2017-08-03,2017-08-03 14:57:03
15:00:03,15:00:03,15.79,--,370,584230,卖盘,2017-08-03,2017-08-03 15:00:03
