idx_time,time,price,change,volume,amount,type,date,date_time
09:25:03,09:25:03,33.2,33.2,1016,3373120,买盘,2017-07-18,2017-07-18 09:25:03
09:28:47,09:28:47,33.2,--,0,0,买盘,2017-07-18,2017-07-18 09:28:47
09:30:01,09:30:01,33.19,-0.01,267,886172,卖盘,2017-07-18,2017-07-18 09:30:01
09:30:04,09:30:04,33.2,0.01,852,2828640,卖盘,2017-07-18,2017-07-18 09:30:04
09:30:07,09:30:07,33.18,-0.02,246,816228,卖盘,2017-07-18,2017-07-18 09:30:07
09:30:10,09:30:10,33.19,0.01,49,162631,买盘,2017-07-18,2017-07-18 09:30:10
09:30:13,09:30:13,33.2,0.01,57,189240,买盘,2017-07-18,2017-07-18 09:30:13
09:30:16,09:30:16,33.25,0.05,7,23275,中性盘,2017-07-18,2017-07-18 09:30:16
09:30:19,09:30:19,33.2,-0.05,178,590960,卖盘,2017-07-18,2017-07-18 09:30:19
09:30:22,09:30:22,33.18,-0.02,165,547470,卖盘,2017-07-18,2017-07-18 09:30:22
09:30:25,09:30:25,33.2,0.02,91,302120,买盘,2017-07-18,2017-07-18 09:30:25
09:30:28,09:30:28,33.27,0.07,78,259506,买盘,2017-07-18,2017-07-18 09:30:28
09:30:31,09:30:31,33.3,0.03,88,293040,买盘,2017-07-18,2017-07-18 09:30:31
09:30:34,09:30:34,33.31,0.01,24,79944,买盘,2017-07-18,2017-07-18 09:30:34
09:30:37,09:30:37,33.21,-0.1,111,368631,卖盘,2017-07-18,2017-07-18 09:30:37
09:30:40,09:30:40,33.34,0.13,82,273388,买盘,2017-07-18,2017-07-18 09:30:40
09:30:43,09:30:43,33.25,-0.09,291,967575,卖盘,2017-07-18,2017-07-18 09:30:43
09:30:46,09:30:46,33.35,0.1,36,120060,买盘,2017-07-18,2017-07-18 09:30:46
09:30:49,09:30:49,33.35,--,5,16675,卖盘,2017-07-18,2017-07-18 09:30:49
09:30:52,09:30:52,33.41,0.06,85,283985,买盘,2017-07-18,2017-07-18 09:30:52
09:30:55,09:30:55,33.4,-0.01,2,6680,中性盘,2017-07-18,2017-07-18 09:30:55
09:30:58,09:30:58,33.41,0.01,68,227187,买盘,2017-07-18,2017-07-18 09:30:58
09:31:01,09:31:01,33.49,0.08,5,16745,买盘,2017-07-18,2017-07-18 09:31:01
09:31:04,09:31:04,33.42,-0.07,41,137022,卖盘,2017-07-18,2017-07-18 09:31:04
09:31:07,09:31:07,33.48,0.06,54,180791,中性盘,2017-07-18,2017-07-18 09:31:07
09:31:10,09:31:10,33.48,--,32,107135,买盘,2017-07-18,2017-07-18 09:31:10
09:31:13,09:31:13,33.56,0.08,53,177868,买盘,2017-07-18,2017-07-18 09:31:13
09:31:16,09:31:16,33.53,-0.03,603,2021859,中性盘,2017-07-18,2017-07-18 09:31:16
09:31:19,09:31:19,33.6,0.07,34,114240,买盘,2017-07-18,2017-07-18 09:31:19
09:31:22,09:31:22,33.52,-0.08,97,325144,卖盘,2017-07-18,2017-07-18 09:31:22
09:31:25,09:31:25,33.57,0.05,186,624402,买盘,2017-07-18,2017-07-18 09:31:25
09:31:28,09:31:28,33.62,0.05,189,635418,买盘,2017-07-18,2017-07-18 09:31:28
09:31:31,09:31:31,33.75,0.13,109,367875,买盘,2017-07-18,2017-07-18 09:31:31
09:31:34,09:31:34,33.68,-0.07,81,272808,卖盘,2017-07-18,2017-07-18 09:31:34
09:31:37,09:31:37,33.62,-0.06,31,104221,卖盘,2017-07-18,2017-07-18 09:31:37
09:31:40,09:31:40,33.7,0.08,38,128060,买盘,2017-07-18,2017-07-18 09:31:40
09:31:43,09:31:43,33.7,--,118,397660,买盘,2017-07-18,2017-07-18 09:31:43
09:31:46,09:31:46,33.62,-0.08,52,174824,卖盘,2017-07-18,2017-07-18 09:31:46
09:31:49,09:31:49,33.75,0.13,137,462375,买盘,2017-07-18,2017-07-18 09:31:49
09:31:52,09:31:52,33.78,0.03,221,746538,买盘,2017-07-18,2017-07-18 09:31:52
09:31:55,09:31:55,33.75,-0.03,126,425250,中性盘,2017-07-18,2017-07-18 09:31:55
09:31:58,09:31:58,33.68,-0.07,78,262704,卖盘,2017-07-18,2017-07-18 09:31:58
09:32:01,09:32:01,33.78,0.1,190,641820,买盘,2017-07-18,2017-07-18 09:32:01
09:32:04,09:32:04,33.78,--,80,270240,买盘,2017-07-18,2017-07-18 09:32:04
09:32:07,09:32:07,33.75,-0.03,38,128250,中性盘,2017-07-18,2017-07-18 09:32:07
09:32:10,09:32:10,33.7,-0.05,77,259490,卖盘,2017-07-18,2017-07-18 09:32:10
09:32:13,09:32:13,33.7,--,174,586380,买盘,2017-07-18,2017-07-18 09:32:13
09:32:16,09:32:16,33.7,--,76,256120,买盘,2017-07-18,2017-07-18 09:32:16
09:32:19,09:32:19,33.68,-0.02,213,717384,中性盘,2017-07-18,2017-07-18 09:32:19
09:32:22,09:32:22,33.76,0.08,397,1340272,买盘,2017-07-18,2017-07-18 09:32:22
09:32:25,09:32:25,33.68,-0.08,229,771272,卖盘,2017-07-18,2017-07-18 09:32:25
09:32:28,09:32:28,33.76,0.08,51,172176,买盘,2017-07-18,2017-07-18 09:32:28
09:32:31,09:32:31,33.75,-0.01,47,158625,买盘,2017-07-18,2017-07-18 09:32:31
09:32:34,09:32:34,33.76,0.01,107,361232,买盘,2017-07-18,2017-07-18 09:32:34
09:32:37,09:32:37,33.7,-0.06,176,593120,卖盘,2017-07-18,2017-07-18 09:32:37
09:32:40,09:32:40,33.7,--,131,441470,卖盘,2017-07-18,2017-07-18 09:32:40
09:32:43,09:32:43,33.75,0.05,236,796500,买盘,2017-07-18,2017-07-18 09:32:43
09:32:46,09:32:46,33.75,--,59,199125,买盘,2017-07-18,2017-07-18 09:32:46
09:32:49,09:32:49,33.73,-0.02,150,505949,中性盘,2017-07-18,2017-07-18 09:32:49
09:32:52,09:32:52,33.74,0.01,113,381262,中性盘,2017-07-18,2017-07-18 09:32:52
09:32:55,09:32:55,33.75,0.01,264,891000,买盘,2017-07-18,2017-07-18 09:32:55
09:32:58,09:32:58,33.74,-0.01,71,239554,卖盘,2017-07-18,2017-07-18 09:32:58
09:33:01,09:33:01,33.75,0.01,132,445500,买盘,2017-07-18,2017-07-18 09:33:01
09:33:04,09:33:04,33.75,--,152,513000,买盘,2017-07-18,2017-07-18 09:33:04
09:33:07,09:33:07,33.7,-0.05,61,205570,卖盘,2017-07-18,2017-07-18 09:33:07
09:33:10,09:33:10,33.7,--,223,751510,卖盘,2017-07-18,2017-07-18 09:33:10
09:33:13,09:33:13,33.72,0.02,55,185460,买盘,2017-07-18,2017-07-18 09:33:13
09:33:16,09:33:16,33.7,-0.02,93,313410,中性盘,2017-07-18,2017-07-18 09:33:16
09:33:19,09:33:19,33.72,0.02,166,559752,买盘,2017-07-18,2017-07-18 09:33:19
09:33:22,09:33:22,33.7,-0.02,102,343740,卖盘,2017-07-18,2017-07-18 09:33:22
09:33:25,09:33:25,33.7,--,189,636930,卖盘,2017-07-18,2017-07-18 09:33:25
09:33:28,09:33:28,33.7,--,125,421250,卖盘,2017-07-18,2017-07-18 09:33:28
09:33:31,09:33:31,33.6,-0.1,202,678720,卖盘,2017-07-18,2017-07-18 09:33:31
09:33:34,09:33:34,33.63,0.03,51,171513,中性盘,2017-07-18,2017-07-18 09:33:34
09:33:37,09:33:37,33.6,-0.03,98,329280,卖盘,2017-07-18,2017-07-18 09:33:37
09:33:40,09:33:40,33.6,--,2,6720,卖盘,2017-07-18,2017-07-18 09:33:40
09:33:43,09:33:43,33.7,0.1,244,822280,买盘,2017-07-18,2017-07-18 09:33:43
09:33:46,09:33:46,33.6,-0.1,121,406560,卖盘,2017-07-18,2017-07-18 09:33:46
09:33:49,09:33:49,33.59,-0.01,56,188104,卖盘,2017-07-18,2017-07-18 09:33:49
09:33:52,09:33:52,33.69,0.1,76,256043,买盘,2017-07-18,2017-07-18 09:33:52
09:33:55,09:33:55,33.55,-0.14,107,358984,卖盘,2017-07-18,2017-07-18 09:33:55
09:33:58,09:33:58,33.55,--,103,345564,卖盘,2017-07-18,2017-07-18 09:33:58
09:34:01,09:34:01,33.52,-0.03,12,40224,中性盘,2017-07-18,2017-07-18 09:34:01
09:34:04,09:34:04,33.51,-0.01,47,157497,中性盘,2017-07-18,2017-07-18 09:34:04
09:34:07,09:34:07,33.5,-0.01,66,221100,卖盘,2017-07-18,2017-07-18 09:34:07
09:34:10,09:34:10,33.5,--,85,284750,卖盘,2017-07-18,2017-07-18 09:34:10
09:34:13,09:34:13,33.51,0.01,32,107232,买盘,2017-07-18,2017-07-18 09:34:13
09:34:16,09:34:16,33.5,-0.01,104,348400,卖盘,2017-07-18,2017-07-18 09:34:16
09:34:19,09:34:19,33.5,--,59,197650,卖盘,2017-07-18,2017-07-18 09:34:19
09:34:22,09:34:22,33.51,0.01,63,211113,卖盘,2017-07-18,2017-07-18 09:34:22
09:34:25,09:34:25,33.51,--,157,526107,卖盘,2017-07-18,2017-07-18 09:34:25
09:34:28,09:34:28,33.53,0.02,97,325241,卖盘,2017-07-18,2017-07-18 09:34:28
09:34:31,09:34:31,33.55,0.02,14,46969,买盘,2017-07-18,2017-07-18 09:34:31
09:34:34,09:34:34,33.53,-0.02,45,150885,卖盘,2017-07-18,2017-07-18 09:34:34
09:34:37,09:34:37,33.68,0.15,12,40416,买盘,2017-07-18,2017-07-18 09:34:37
09:34:40,09:34:40,33.6,-0.08,57,191520,卖盘,2017-07-18,2017-07-18 09:34:40
09:34:43,09:34:43,33.68,0.08,27,90936,买盘,2017-07-18,2017-07-18 09:34:43
09:34:46,09:34:46,33.68,--,12,40416,买盘,2017-07-18,2017-07-18 09:34:46
09:34:49,09:34:49,33.6,-0.08,29,97440,卖盘,2017-07-18,2017-07-18 09:34:49
09:34:52,09:34:52,33.6,--,55,184800,卖盘,2017-07-18,2017-07-18 09:34:52
09:34:55,09:34:55,33.68,0.08,6,20208,买盘,2017-07-18,2017-07-18 09:34:55
09:34:58,09:34:58,33.6,-0.08,146,490560,卖盘,2017-07-18,2017-07-18 09:34:58
09:35:01,09:35:01,33.7,0.1,44,148280,买盘,2017-07-18,2017-07-18 09:35:01
09:35:04,09:35:04,33.68,-0.02,53,178504,卖盘,2017-07-18,2017-07-18 09:35:04
09:35:07,09:35:07,33.7,0.02,166,559420,买盘,2017-07-18,2017-07-18 09:35:07
09:35:10,09:35:10,33.7,--,32,107840,卖盘,2017-07-18,2017-07-18 09:35:10
09:35:13,09:35:13,33.71,0.01,42,141582,买盘,2017-07-18,2017-07-18 09:35:13
09:35:16,09:35:16,33.7,-0.01,229,771730,卖盘,2017-07-18,2017-07-18 09:35:16
09:35:19,09:35:19,33.72,0.02,223,751956,买盘,2017-07-18,2017-07-18 09:35:19
09:35:22,09:35:22,33.72,--,14,47208,卖盘,2017-07-18,2017-07-18 09:35:22
09:35:25,09:35:25,33.72,--,103,347316,卖盘,2017-07-18,2017-07-18 09:35:25
09:35:28,09:35:28,33.76,0.04,60,202560,买盘,2017-07-18,2017-07-18 09:35:28
09:35:31,09:35:31,33.75,-0.01,359,1211625,中性盘,2017-07-18,2017-07-18 09:35:31
09:35:34,09:35:34,33.75,--,104,351000,买盘,2017-07-18,2017-07-18 09:35:34
09:35:37,09:35:37,33.79,0.04,86,290594,买盘,2017-07-18,2017-07-18 09:35:37
09:35:40,09:35:40,33.76,-0.03,121,408496,卖盘,2017-07-18,2017-07-18 09:35:40
09:35:43,09:35:43,33.76,--,99,334224,买盘,2017-07-18,2017-07-18 09:35:43
09:35:46,09:35:46,33.88,0.12,335,1134980,买盘,2017-07-18,2017-07-18 09:35:46
09:35:49,09:35:49,33.88,--,42,142296,买盘,2017-07-18,2017-07-18 09:35:49
09:35:52,09:35:52,33.9,0.02,46,155940,买盘,2017-07-18,2017-07-18 09:35:52
09:35:55,09:35:55,33.95,0.05,12,40740,买盘,2017-07-18,2017-07-18 09:35:55
09:35:58,09:35:58,33.9,-0.05,84,284760,卖盘,2017-07-18,2017-07-18 09:35:58
09:36:01,09:36:01,33.95,0.05,235,797825,买盘,2017-07-18,2017-07-18 09:36:01
09:36:04,09:36:04,33.98,0.03,51,173297,卖盘,2017-07-18,2017-07-18 09:36:04
09:36:07,09:36:07,34.1,0.12,168,572880,买盘,2017-07-18,2017-07-18 09:36:07
09:36:10,09:36:10,33.97,-0.13,81,275157,卖盘,2017-07-18,2017-07-18 09:36:10
09:36:13,09:36:13,34.0,0.03,22,74800,卖盘,2017-07-18,2017-07-18 09:36:13
09:36:16,09:36:16,34.08,0.08,60,204480,中性盘,2017-07-18,2017-07-18 09:36:16
09:36:19,09:36:19,34.01,-0.07,73,248273,中性盘,2017-07-18,2017-07-18 09:36:19
09:36:22,09:36:22,34.1,0.09,79,269390,买盘,2017-07-18,2017-07-18 09:36:22
09:36:25,09:36:25,34.1,--,127,433070,买盘,2017-07-18,2017-07-18 09:36:25
09:36:28,09:36:28,34.06,-0.04,36,122616,中性盘,2017-07-18,2017-07-18 09:36:28
09:36:31,09:36:31,34.1,0.04,111,378510,买盘,2017-07-18,2017-07-18 09:36:31
09:36:34,09:36:34,34.08,-0.02,55,187440,卖盘,2017-07-18,2017-07-18 09:36:34
09:36:37,09:36:37,34.08,--,144,490752,买盘,2017-07-18,2017-07-18 09:36:37
09:36:40,09:36:40,34.06,-0.02,53,180518,中性盘,2017-07-18,2017-07-18 09:36:40
09:36:43,09:36:43,34.08,0.02,85,289680,买盘,2017-07-18,2017-07-18 09:36:43
09:36:46,09:36:46,34.08,--,188,640704,卖盘,2017-07-18,2017-07-18 09:36:46
09:36:49,09:36:49,34.06,-0.02,150,510900,卖盘,2017-07-18,2017-07-18 09:36:49
09:36:52,09:36:52,34.06,--,98,333788,卖盘,2017-07-18,2017-07-18 09:36:52
09:36:55,09:36:55,34.06,--,62,211172,买盘,2017-07-18,2017-07-18 09:36:55
09:36:58,09:36:58,34.09,0.03,513,1748817,买盘,2017-07-18,2017-07-18 09:36:58
09:37:01,09:37:01,34.05,-0.04,217,738884,卖盘,2017-07-18,2017-07-18 09:37:01
09:37:04,09:37:04,34.01,-0.04,122,414922,卖盘,2017-07-18,2017-07-18 09:37:04
09:37:07,09:37:07,34.02,0.01,126,428652,中性盘,2017-07-18,2017-07-18 09:37:07
09:37:10,09:37:10,34.02,--,184,625968,中性盘,2017-07-18,2017-07-18 09:37:10
09:37:13,09:37:13,34.07,0.05,445,1516115,买盘,2017-07-18,2017-07-18 09:37:13
09:37:16,09:37:16,34.01,-0.06,97,329897,卖盘,2017-07-18,2017-07-18 09:37:16
09:37:19,09:37:19,34.05,0.04,63,214514,买盘,2017-07-18,2017-07-18 09:37:19
09:37:22,09:37:22,34.02,-0.03,174,591948,卖盘,2017-07-18,2017-07-18 09:37:22
09:37:25,09:37:25,34.0,-0.02,136,462400,卖盘,2017-07-18,2017-07-18 09:37:25
09:37:28,09:37:28,34.0,--,16,54400,买盘,2017-07-18,2017-07-18 09:37:28
09:37:31,09:37:31,34.0,--,92,312800,买盘,2017-07-18,2017-07-18 09:37:31
09:37:34,09:37:34,33.99,-0.01,71,241329,卖盘,2017-07-18,2017-07-18 09:37:34
09:37:37,09:37:37,34.04,0.05,36,122544,买盘,2017-07-18,2017-07-18 09:37:37
09:37:40,09:37:40,33.99,-0.05,97,329703,卖盘,2017-07-18,2017-07-18 09:37:40
09:37:43,09:37:43,34.02,0.03,107,364014,买盘,2017-07-18,2017-07-18 09:37:43
09:37:46,09:37:46,34.0,-0.02,13,44200,卖盘,2017-07-18,2017-07-18 09:37:46
09:37:49,09:37:49,33.98,-0.02,57,193685,卖盘,2017-07-18,2017-07-18 09:37:49
09:37:52,09:37:52,34.0,0.02,31,105400,买盘,2017-07-18,2017-07-18 09:37:52
09:37:55,09:37:55,33.95,-0.05,124,420980,卖盘,2017-07-18,2017-07-18 09:37:55
09:37:58,09:37:58,34.02,0.07,85,289170,买盘,2017-07-18,2017-07-18 09:37:58
09:38:01,09:38:01,34.0,-0.02,81,275400,卖盘,2017-07-18,2017-07-18 09:38:01
09:38:04,09:38:04,34.02,0.02,51,173502,买盘,2017-07-18,2017-07-18 09:38:04
09:38:07,09:38:07,33.95,-0.07,138,468510,卖盘,2017-07-18,2017-07-18 09:38:07
09:38:10,09:38:10,34.0,0.05,38,129200,中性盘,2017-07-18,2017-07-18 09:38:10
09:38:13,09:38:13,33.98,-0.02,13,44173,卖盘,2017-07-18,2017-07-18 09:38:13
09:38:16,09:38:16,33.98,--,130,441739,卖盘,2017-07-18,2017-07-18 09:38:16
09:38:19,09:38:19,34.0,0.02,157,533800,买盘,2017-07-18,2017-07-18 09:38:19
09:38:22,09:38:22,34.0,--,38,129200,买盘,2017-07-18,2017-07-18 09:38:22
09:38:25,09:38:25,33.98,-0.02,40,135920,中性盘,2017-07-18,2017-07-18 09:38:25
09:38:28,09:38:28,33.97,-0.01,25,84925,中性盘,2017-07-18,2017-07-18 09:38:28
09:38:31,09:38:31,33.98,0.01,37,125725,买盘,2017-07-18,2017-07-18 09:38:31
09:38:34,09:38:34,33.96,-0.02,3,10188,中性盘,2017-07-18,2017-07-18 09:38:34
09:38:37,09:38:37,33.98,0.02,12,40775,买盘,2017-07-18,2017-07-18 09:38:37
09:38:40,09:38:40,33.95,-0.03,116,393820,卖盘,2017-07-18,2017-07-18 09:38:40
09:38:43,09:38:43,33.95,--,7,23765,买盘,2017-07-18,2017-07-18 09:38:43
09:38:46,09:38:46,33.97,0.02,32,108704,买盘,2017-07-18,2017-07-18 09:38:46
09:38:49,09:38:49,33.95,-0.02,44,149380,卖盘,2017-07-18,2017-07-18 09:38:49
09:38:52,09:38:52,33.96,0.01,117,397332,中性盘,2017-07-18,2017-07-18 09:38:52
09:38:55,09:38:55,33.96,--,61,207156,买盘,2017-07-18,2017-07-18 09:38:55
09:38:58,09:38:58,33.97,0.01,78,264966,买盘,2017-07-18,2017-07-18 09:38:58
09:39:01,09:39:01,33.96,-0.01,45,152820,中性盘,2017-07-18,2017-07-18 09:39:01
09:39:04,09:39:04,33.95,-0.01,16,54320,卖盘,2017-07-18,2017-07-18 09:39:04
09:39:07,09:39:07,33.95,--,9,30555,买盘,2017-07-18,2017-07-18 09:39:07
09:39:10,09:39:10,33.93,-0.02,43,145899,中性盘,2017-07-18,2017-07-18 09:39:10
09:39:13,09:39:13,33.97,0.04,191,648827,买盘,2017-07-18,2017-07-18 09:39:13
09:39:16,09:39:16,33.94,-0.03,88,298672,卖盘,2017-07-18,2017-07-18 09:39:16
09:39:19,09:39:19,33.94,--,609,2066945,买盘,2017-07-18,2017-07-18 09:39:19
09:39:22,09:39:22,33.97,0.03,38,129086,买盘,2017-07-18,2017-07-18 09:39:22
09:39:25,09:39:25,33.92,-0.05,25,84800,中性盘,2017-07-18,2017-07-18 09:39:25
09:39:28,09:39:28,33.95,0.03,99,336105,买盘,2017-07-18,2017-07-18 09:39:28
09:39:31,09:39:31,33.96,0.01,8,27168,买盘,2017-07-18,2017-07-18 09:39:31
09:39:34,09:39:34,33.95,-0.01,27,91665,卖盘,2017-07-18,2017-07-18 09:39:34
09:39:37,09:39:37,33.94,-0.01,40,135760,卖盘,2017-07-18,2017-07-18 09:39:37
09:39:40,09:39:40,33.96,0.02,30,101880,买盘,2017-07-18,2017-07-18 09:39:40
09:39:43,09:39:43,33.95,-0.01,43,145985,买盘,2017-07-18,2017-07-18 09:39:43
09:39:46,09:39:46,33.95,--,45,152775,买盘,2017-07-18,2017-07-18 09:39:46
09:39:49,09:39:49,33.94,-0.01,49,166306,卖盘,2017-07-18,2017-07-18 09:39:49
09:39:52,09:39:52,33.94,--,52,176488,卖盘,2017-07-18,2017-07-18 09:39:52
09:39:55,09:39:55,33.94,--,69,234185,买盘,2017-07-18,2017-07-18 09:39:55
09:39:58,09:39:58,33.96,0.02,96,326016,买盘,2017-07-18,2017-07-18 09:39:58
09:40:01,09:40:01,33.98,0.02,61,207277,买盘,2017-07-18,2017-07-18 09:40:01
09:40:04,09:40:04,33.98,--,188,638823,买盘,2017-07-18,2017-07-18 09:40:04
09:40:07,09:40:07,33.96,-0.02,64,217344,中性盘,2017-07-18,2017-07-18 09:40:07
09:40:10,09:40:10,33.95,-0.01,15,50925,中性盘,2017-07-18,2017-07-18 09:40:10
09:40:13,09:40:13,33.96,0.01,19,64524,买盘,2017-07-18,2017-07-18 09:40:13
09:40:16,09:40:16,33.95,-0.01,57,193515,卖盘,2017-07-18,2017-07-18 09:40:16
09:40:19,09:40:19,33.95,--,28,95060,卖盘,2017-07-18,2017-07-18 09:40:19
09:40:22,09:40:22,34.0,0.05,36,122400,买盘,2017-07-18,2017-07-18 09:40:22
09:40:25,09:40:25,33.99,-0.01,62,210738,卖盘,2017-07-18,2017-07-18 09:40:25
09:40:28,09:40:28,33.97,-0.02,23,78131,卖盘,2017-07-18,2017-07-18 09:40:28
09:40:31,09:40:31,33.98,0.01,31,105337,中性盘,2017-07-18,2017-07-18 09:40:31
09:40:34,09:40:34,34.04,0.06,318,1082472,买盘,2017-07-18,2017-07-18 09:40:34
09:40:37,09:40:37,34.04,--,11,37444,卖盘,2017-07-18,2017-07-18 09:40:37
09:40:40,09:40:40,34.04,--,16,54464,卖盘,2017-07-18,2017-07-18 09:40:40
09:40:43,09:40:43,34.05,0.01,29,98744,买盘,2017-07-18,2017-07-18 09:40:43
09:40:46,09:40:46,34.04,-0.01,140,476560,卖盘,2017-07-18,2017-07-18 09:40:46
09:40:49,09:40:49,34.02,-0.02,170,578340,卖盘,2017-07-18,2017-07-18 09:40:49
09:40:52,09:40:52,34.04,0.02,230,782920,买盘,2017-07-18,2017-07-18 09:40:52
09:40:55,09:40:55,34.0,-0.04,372,1264800,卖盘,2017-07-18,2017-07-18 09:40:55
09:40:58,09:40:58,34.0,--,94,319600,买盘,2017-07-18,2017-07-18 09:40:58
09:41:01,09:41:01,34.02,0.02,72,244944,买盘,2017-07-18,2017-07-18 09:41:01
09:41:04,09:41:04,34.0,-0.02,51,173400,买盘,2017-07-18,2017-07-18 09:41:04
09:41:07,09:41:07,34.02,0.02,74,251748,买盘,2017-07-18,2017-07-18 09:41:07
09:41:10,09:41:10,34.01,-0.01,12,40812,中性盘,2017-07-18,2017-07-18 09:41:10
09:41:13,09:41:13,34.01,--,2,6802,买盘,2017-07-18,2017-07-18 09:41:13
09:41:16,09:41:16,34.0,-0.01,80,272000,卖盘,2017-07-18,2017-07-18 09:41:16
09:41:19,09:41:19,34.0,--,151,513400,卖盘,2017-07-18,2017-07-18 09:41:19
09:41:22,09:41:22,34.0,--,122,414800,卖盘,2017-07-18,2017-07-18 09:41:22
09:41:25,09:41:25,34.0,--,48,163200,买盘,2017-07-18,2017-07-18 09:41:25
09:41:28,09:41:28,33.99,-0.01,87,295713,中性盘,2017-07-18,2017-07-18 09:41:28
09:41:31,09:41:31,33.98,-0.01,36,122327,中性盘,2017-07-18,2017-07-18 09:41:31
09:41:34,09:41:34,33.97,-0.01,15,50955,中性盘,2017-07-18,2017-07-18 09:41:34
09:41:37,09:41:37,33.95,-0.02,126,427770,卖盘,2017-07-18,2017-07-18 09:41:37
09:41:40,09:41:40,33.95,--,51,173145,卖盘,2017-07-18,2017-07-18 09:41:40
09:41:43,09:41:43,33.94,-0.01,44,149336,卖盘,2017-07-18,2017-07-18 09:41:43
09:41:46,09:41:46,33.94,--,35,118789,卖盘,2017-07-18,2017-07-18 09:41:46
09:41:49,09:41:49,33.92,-0.02,3,10176,卖盘,2017-07-18,2017-07-18 09:41:49
09:41:52,09:41:52,33.94,0.02,74,251155,买盘,2017-07-18,2017-07-18 09:41:52
09:41:55,09:41:55,33.92,-0.02,149,505408,中性盘,2017-07-18,2017-07-18 09:41:55
09:41:58,09:41:58,33.9,-0.02,4,13560,买盘,2017-07-18,2017-07-18 09:41:58
09:42:01,09:42:01,33.85,-0.05,44,148940,卖盘,2017-07-18,2017-07-18 09:42:01
09:42:04,09:42:04,33.88,0.03,33,111804,中性盘,2017-07-18,2017-07-18 09:42:04
09:42:07,09:42:07,33.8,-0.08,68,229839,卖盘,2017-07-18,2017-07-18 09:42:07
09:42:10,09:42:10,33.8,--,25,84500,卖盘,2017-07-18,2017-07-18 09:42:10
09:42:13,09:42:13,33.86,0.06,52,176072,买盘,2017-07-18,2017-07-18 09:42:13
09:42:16,09:42:16,33.79,-0.07,77,260183,卖盘,2017-07-18,2017-07-18 09:42:16
09:42:19,09:42:19,33.8,0.01,69,233219,买盘,2017-07-18,2017-07-18 09:42:19
09:42:22,09:42:22,33.79,-0.01,24,81096,中性盘,2017-07-18,2017-07-18 09:42:22
09:42:25,09:42:25,33.8,0.01,19,64219,买盘,2017-07-18,2017-07-18 09:42:25
09:42:28,09:42:28,33.78,-0.02,28,94584,中性盘,2017-07-18,2017-07-18 09:42:28
09:42:31,09:42:31,33.72,-0.06,13,43836,卖盘,2017-07-18,2017-07-18 09:42:31
09:42:34,09:42:34,33.74,0.02,40,134960,中性盘,2017-07-18,2017-07-18 09:42:34
09:42:37,09:42:37,33.74,--,60,202440,买盘,2017-07-18,2017-07-18 09:42:37
09:42:40,09:42:40,33.72,-0.02,117,394524,卖盘,2017-07-18,2017-07-18 09:42:40
09:42:43,09:42:43,33.74,0.02,87,293538,买盘,2017-07-18,2017-07-18 09:42:43
09:42:46,09:42:46,33.72,-0.02,26,87672,卖盘,2017-07-18,2017-07-18 09:42:46
09:42:49,09:42:49,33.71,-0.01,43,144953,卖盘,2017-07-18,2017-07-18 09:42:49
09:42:52,09:42:52,33.7,-0.01,323,1088510,卖盘,2017-07-18,2017-07-18 09:42:52
09:42:55,09:42:55,33.7,--,117,394290,买盘,2017-07-18,2017-07-18 09:42:55
09:42:58,09:42:58,33.69,-0.01,1,3369,卖盘,2017-07-18,2017-07-18 09:42:58
09:43:01,09:43:01,33.7,0.01,95,320150,买盘,2017-07-18,2017-07-18 09:43:01
09:43:04,09:43:04,33.7,--,121,407770,买盘,2017-07-18,2017-07-18 09:43:04
09:43:07,09:43:07,33.7,--,4,13480,买盘,2017-07-18,2017-07-18 09:43:07
09:43:10,09:43:10,33.69,-0.01,22,74118,卖盘,2017-07-18,2017-07-18 09:43:10
09:43:13,09:43:13,33.65,-0.04,91,306215,卖盘,2017-07-18,2017-07-18 09:43:13
09:43:16,09:43:16,33.7,0.05,66,222420,买盘,2017-07-18,2017-07-18 09:43:16
09:43:19,09:43:19,33.65,-0.05,109,366785,卖盘,2017-07-18,2017-07-18 09:43:19
09:43:22,09:43:22,33.64,-0.01,198,666072,卖盘,2017-07-18,2017-07-18 09:43:22
09:43:25,09:43:25,33.71,0.07,103,347213,买盘,2017-07-18,2017-07-18 09:43:25
09:43:28,09:43:28,33.68,-0.03,181,609608,卖盘,2017-07-18,2017-07-18 09:43:28
09:43:31,09:43:31,33.8,0.12,118,398839,买盘,2017-07-18,2017-07-18 09:43:31
09:43:34,09:43:34,33.78,-0.02,9,30402,卖盘,2017-07-18,2017-07-18 09:43:34
09:43:37,09:43:37,33.78,--,51,172278,卖盘,2017-07-18,2017-07-18 09:43:37
09:43:40,09:43:40,33.85,0.07,265,897025,买盘,2017-07-18,2017-07-18 09:43:40
09:43:43,09:43:43,33.85,--,7,23695,买盘,2017-07-18,2017-07-18 09:43:43
09:43:46,09:43:46,33.81,-0.04,2,6762,卖盘,2017-07-18,2017-07-18 09:43:46
09:43:49,09:43:49,33.86,0.05,423,1432278,买盘,2017-07-18,2017-07-18 09:43:49
09:43:52,09:43:52,33.81,-0.05,38,128478,卖盘,2017-07-18,2017-07-18 09:43:52
09:43:55,09:43:55,33.81,--,293,990633,买盘,2017-07-18,2017-07-18 09:43:55
09:43:58,09:43:58,33.8,-0.01,36,121679,买盘,2017-07-18,2017-07-18 09:43:58
09:44:01,09:44:01,33.79,-0.01,37,125023,中性盘,2017-07-18,2017-07-18 09:44:01
09:44:04,09:44:04,33.85,0.06,75,253875,买盘,2017-07-18,2017-07-18 09:44:04
09:44:07,09:44:07,33.8,-0.05,29,98019,卖盘,2017-07-18,2017-07-18 09:44:07
09:44:10,09:44:10,33.8,--,114,385319,买盘,2017-07-18,2017-07-18 09:44:10
09:44:13,09:44:13,33.78,-0.02,21,70938,中性盘,2017-07-18,2017-07-18 09:44:13
09:44:16,09:44:16,33.85,0.07,126,426510,买盘,2017-07-18,2017-07-18 09:44:16
09:44:19,09:44:19,33.86,0.01,9,30474,卖盘,2017-07-18,2017-07-18 09:44:19
09:44:22,09:44:22,33.86,--,41,138826,卖盘,2017-07-18,2017-07-18 09:44:22
09:44:25,09:44:25,33.87,0.01,5,16935,买盘,2017-07-18,2017-07-18 09:44:25
09:44:28,09:44:28,33.9,0.03,102,345780,买盘,2017-07-18,2017-07-18 09:44:28
09:44:31,09:44:31,33.86,-0.04,14,47404,卖盘,2017-07-18,2017-07-18 09:44:31
09:44:34,09:44:34,33.87,0.01,84,284508,买盘,2017-07-18,2017-07-18 09:44:34
09:44:37,09:44:37,33.85,-0.02,64,216640,买盘,2017-07-18,2017-07-18 09:44:37
09:44:43,09:44:43,33.81,-0.04,42,142002,卖盘,2017-07-18,2017-07-18 09:44:43
09:44:46,09:44:46,33.85,0.04,161,544985,买盘,2017-07-18,2017-07-18 09:44:46
09:44:51,09:44:51,33.8,-0.05,280,946399,卖盘,2017-07-18,2017-07-18 09:44:51
09:44:54,09:44:54,33.86,0.06,98,331828,买盘,2017-07-18,2017-07-18 09:44:54
09:44:57,09:44:57,33.8,-0.06,89,300820,卖盘,2017-07-18,2017-07-18 09:44:57
09:45:03,09:45:03,33.81,0.01,137,463197,买盘,2017-07-18,2017-07-18 09:45:03
09:45:06,09:45:06,33.8,-0.01,24,81120,卖盘,2017-07-18,2017-07-18 09:45:06
09:45:09,09:45:09,33.8,--,87,294060,卖盘,2017-07-18,2017-07-18 09:45:09
09:45:12,09:45:12,33.85,0.05,19,64315,买盘,2017-07-18,2017-07-18 09:45:12
09:45:14,09:45:14,33.85,--,0,0,买盘,2017-07-18,2017-07-18 09:45:14
09:45:18,09:45:18,33.85,--,30,101550,买盘,2017-07-18,2017-07-18 09:45:18
09:45:21,09:45:21,33.87,0.02,147,497888,买盘,2017-07-18,2017-07-18 09:45:21
09:45:24,09:45:24,33.87,--,6,20322,卖盘,2017-07-18,2017-07-18 09:45:24
09:45:27,09:45:27,33.88,0.01,98,332024,买盘,2017-07-18,2017-07-18 09:45:27
09:45:30,09:45:30,33.85,-0.03,4,13540,卖盘,2017-07-18,2017-07-18 09:45:30
09:45:33,09:45:33,33.88,0.03,105,355740,买盘,2017-07-18,2017-07-18 09:45:33
09:45:36,09:45:36,33.85,-0.03,34,115090,卖盘,2017-07-18,2017-07-18 09:45:36
09:45:39,09:45:39,33.87,0.02,17,57578,买盘,2017-07-18,2017-07-18 09:45:39
09:45:42,09:45:42,33.87,--,211,714657,买盘,2017-07-18,2017-07-18 09:45:42
09:45:45,09:45:45,33.88,0.01,213,721644,买盘,2017-07-18,2017-07-18 09:45:45
09:45:48,09:45:48,33.87,-0.01,30,101609,卖盘,2017-07-18,2017-07-18 09:45:48
09:45:51,09:45:51,33.87,--,103,348861,买盘,2017-07-18,2017-07-18 09:45:51
09:45:54,09:45:54,33.89,0.02,14,47446,买盘,2017-07-18,2017-07-18 09:45:54
09:45:57,09:45:57,33.88,-0.01,2,6776,买盘,2017-07-18,2017-07-18 09:45:57
09:46:00,09:46:00,33.88,--,53,179564,买盘,2017-07-18,2017-07-18 09:46:00
09:46:03,09:46:03,33.89,0.01,86,291454,买盘,2017-07-18,2017-07-18 09:46:03
09:46:06,09:46:06,33.87,-0.02,282,955133,卖盘,2017-07-18,2017-07-18 09:46:06
09:46:09,09:46:09,33.9,0.03,218,739020,买盘,2017-07-18,2017-07-18 09:46:09
09:46:12,09:46:12,33.9,--,17,57630,卖盘,2017-07-18,2017-07-18 09:46:12
09:46:15,09:46:15,33.91,0.01,43,145812,买盘,2017-07-18,2017-07-18 09:46:15
09:46:18,09:46:18,33.92,0.01,32,108544,买盘,2017-07-18,2017-07-18 09:46:18
09:46:21,09:46:21,33.93,0.01,67,227331,买盘,2017-07-18,2017-07-18 09:46:21
09:46:27,09:46:27,33.93,--,16,54288,卖盘,2017-07-18,2017-07-18 09:46:27
09:46:30,09:46:30,33.94,0.01,37,125577,中性盘,2017-07-18,2017-07-18 09:46:30
09:46:33,09:46:33,33.95,0.01,25,84875,买盘,2017-07-18,2017-07-18 09:46:33
09:46:36,09:46:36,33.98,0.03,178,604844,买盘,2017-07-18,2017-07-18 09:46:36
09:46:39,09:46:39,33.96,-0.02,17,57732,中性盘,2017-07-18,2017-07-18 09:46:39
09:46:42,09:46:42,33.98,0.02,115,390769,买盘,2017-07-18,2017-07-18 09:46:42
09:46:45,09:46:45,33.96,-0.02,211,716556,卖盘,2017-07-18,2017-07-18 09:46:45
09:46:48,09:46:48,34.0,0.04,36,122400,买盘,2017-07-18,2017-07-18 09:46:48
09:46:51,09:46:51,34.0,--,72,244800,买盘,2017-07-18,2017-07-18 09:46:51
09:46:54,09:46:54,33.99,-0.01,29,98571,卖盘,2017-07-18,2017-07-18 09:46:54
09:46:57,09:46:57,34.0,0.01,197,669800,买盘,2017-07-18,2017-07-18 09:46:57
09:47:00,09:47:00,34.0,--,28,95200,卖盘,2017-07-18,2017-07-18 09:47:00
09:47:03,09:47:03,34.0,--,9,30600,卖盘,2017-07-18,2017-07-18 09:47:03
09:47:06,09:47:06,34.01,0.01,36,122436,卖盘,2017-07-18,2017-07-18 09:47:06
09:47:09,09:47:09,34.03,0.02,59,200777,买盘,2017-07-18,2017-07-18 09:47:09
09:47:12,09:47:12,34.04,0.01,212,721648,买盘,2017-07-18,2017-07-18 09:47:12
09:47:15,09:47:15,34.04,--,283,963332,买盘,2017-07-18,2017-07-18 09:47:15
09:47:19,09:47:19,34.04,--,55,187220,卖盘,2017-07-18,2017-07-18 09:47:19
09:47:21,09:47:21,34.06,0.02,146,497276,买盘,2017-07-18,2017-07-18 09:47:21
09:47:24,09:47:24,34.06,--,53,180518,买盘,2017-07-18,2017-07-18 09:47:24
09:47:28,09:47:28,34.07,0.01,383,1304881,买盘,2017-07-18,2017-07-18 09:47:28
09:47:30,09:47:30,34.07,--,168,572376,买盘,2017-07-18,2017-07-18 09:47:30
09:47:33,09:47:33,34.06,-0.01,327,1113762,中性盘,2017-07-18,2017-07-18 09:47:33
09:47:36,09:47:36,34.07,0.01,237,807459,中性盘,2017-07-18,2017-07-18 09:47:36
09:47:40,09:47:40,34.08,0.01,30,102240,中性盘,2017-07-18,2017-07-18 09:47:40
09:47:43,09:47:43,34.08,--,118,402144,卖盘,2017-07-18,2017-07-18 09:47:43
09:47:46,09:47:46,34.11,0.03,242,825462,买盘,2017-07-18,2017-07-18 09:47:46
09:47:49,09:47:49,34.11,--,12,40932,买盘,2017-07-18,2017-07-18 09:47:49
09:47:51,09:47:51,34.1,-0.01,110,375100,卖盘,2017-07-18,2017-07-18 09:47:51
09:47:54,09:47:54,34.1,--,60,204600,买盘,2017-07-18,2017-07-18 09:47:54
09:47:58,09:47:58,34.1,--,233,794530,买盘,2017-07-18,2017-07-18 09:47:58
09:48:00,09:48:00,34.1,--,184,627440,卖盘,2017-07-18,2017-07-18 09:48:00
09:48:04,09:48:04,34.12,0.02,81,276372,买盘,2017-07-18,2017-07-18 09:48:04
09:48:07,09:48:07,34.12,--,62,211543,买盘,2017-07-18,2017-07-18 09:48:07
09:48:10,09:48:10,34.15,0.03,88,300520,买盘,2017-07-18,2017-07-18 09:48:10
09:48:13,09:48:13,34.15,--,34,116110,买盘,2017-07-18,2017-07-18 09:48:13
09:48:16,09:48:16,34.16,0.01,43,146887,买盘,2017-07-18,2017-07-18 09:48:16
09:48:19,09:48:19,34.15,-0.01,13,44395,卖盘,2017-07-18,2017-07-18 09:48:19
09:48:22,09:48:22,34.16,0.01,87,297191,卖盘,2017-07-18,2017-07-18 09:48:22
09:48:25,09:48:25,34.18,0.02,69,235842,买盘,2017-07-18,2017-07-18 09:48:25
09:48:28,09:48:28,34.17,-0.01,216,738072,中性盘,2017-07-18,2017-07-18 09:48:28
09:48:31,09:48:31,34.2,0.03,111,379620,买盘,2017-07-18,2017-07-18 09:48:31
09:48:34,09:48:34,34.19,-0.01,79,270101,卖盘,2017-07-18,2017-07-18 09:48:34
09:48:37,09:48:37,34.2,0.01,57,194940,买盘,2017-07-18,2017-07-18 09:48:37
09:48:40,09:48:40,34.2,--,31,106020,卖盘,2017-07-18,2017-07-18 09:48:40
09:48:43,09:48:43,34.23,0.03,106,362837,买盘,2017-07-18,2017-07-18 09:48:43
09:48:46,09:48:46,34.22,-0.01,256,876032,中性盘,2017-07-18,2017-07-18 09:48:46
09:48:49,09:48:49,34.25,0.03,133,455525,买盘,2017-07-18,2017-07-18 09:48:49
09:48:52,09:48:52,34.25,--,329,1126825,卖盘,2017-07-18,2017-07-18 09:48:52
09:48:55,09:48:55,34.24,-0.01,11,37664,中性盘,2017-07-18,2017-07-18 09:48:55
09:48:58,09:48:58,34.25,0.01,90,308250,买盘,2017-07-18,2017-07-18 09:48:58
09:49:01,09:49:01,34.24,-0.01,55,188320,卖盘,2017-07-18,2017-07-18 09:49:01
09:49:04,09:49:04,34.28,0.04,135,462780,买盘,2017-07-18,2017-07-18 09:49:04
09:49:07,09:49:07,34.28,--,38,130264,买盘,2017-07-18,2017-07-18 09:49:07
09:49:10,09:49:10,34.3,0.02,246,843779,买盘,2017-07-18,2017-07-18 09:49:10
09:49:13,09:49:13,34.3,--,76,260679,卖盘,2017-07-18,2017-07-18 09:49:13
09:49:16,09:49:16,34.3,--,51,174930,卖盘,2017-07-18,2017-07-18 09:49:16
09:49:19,09:49:19,34.3,--,137,469909,卖盘,2017-07-18,2017-07-18 09:49:19
09:49:22,09:49:22,34.3,--,85,291550,买盘,2017-07-18,2017-07-18 09:49:22
09:49:25,09:49:25,34.26,-0.04,422,1445772,卖盘,2017-07-18,2017-07-18 09:49:25
09:49:28,09:49:28,34.29,0.03,77,264033,买盘,2017-07-18,2017-07-18 09:49:28
09:49:31,09:49:31,34.3,0.01,90,308700,买盘,2017-07-18,2017-07-18 09:49:31
09:49:34,09:49:34,34.28,-0.02,52,178256,卖盘,2017-07-18,2017-07-18 09:49:34
09:49:37,09:49:37,34.25,-0.03,451,1544675,卖盘,2017-07-18,2017-07-18 09:49:37
09:49:40,09:49:40,34.26,0.01,136,465936,买盘,2017-07-18,2017-07-18 09:49:40
09:49:43,09:49:43,34.34,0.08,262,899708,买盘,2017-07-18,2017-07-18 09:49:43
09:49:46,09:49:46,34.28,-0.06,38,130264,卖盘,2017-07-18,2017-07-18 09:49:46
09:49:49,09:49:49,34.24,-0.04,88,301312,卖盘,2017-07-18,2017-07-18 09:49:49
09:49:52,09:49:52,34.25,0.01,74,253450,买盘,2017-07-18,2017-07-18 09:49:52
09:49:55,09:49:55,34.28,0.03,52,178256,买盘,2017-07-18,2017-07-18 09:49:55
09:49:58,09:49:58,34.24,-0.04,40,136960,卖盘,2017-07-18,2017-07-18 09:49:58
09:50:01,09:50:01,34.26,0.02,71,243246,中性盘,2017-07-18,2017-07-18 09:50:01
09:50:04,09:50:04,34.22,-0.04,126,431172,卖盘,2017-07-18,2017-07-18 09:50:04
09:50:07,09:50:07,34.22,--,22,75284,买盘,2017-07-18,2017-07-18 09:50:07
09:50:10,09:50:10,34.22,--,11,37642,买盘,2017-07-18,2017-07-18 09:50:10
09:50:13,09:50:13,34.22,--,40,136880,买盘,2017-07-18,2017-07-18 09:50:13
09:50:16,09:50:16,34.2,-0.02,159,543780,卖盘,2017-07-18,2017-07-18 09:50:16
09:50:19,09:50:19,34.25,0.05,112,383600,买盘,2017-07-18,2017-07-18 09:50:19
09:50:22,09:50:22,34.19,-0.06,150,512849,卖盘,2017-07-18,2017-07-18 09:50:22
09:50:25,09:50:25,34.21,0.02,56,191576,买盘,2017-07-18,2017-07-18 09:50:25
09:50:28,09:50:28,34.21,--,46,157366,买盘,2017-07-18,2017-07-18 09:50:28
09:50:31,09:50:31,34.2,-0.01,57,194940,卖盘,2017-07-18,2017-07-18 09:50:31
09:50:34,09:50:34,34.19,-0.01,81,276939,卖盘,2017-07-18,2017-07-18 09:50:34
09:50:37,09:50:37,34.18,-0.01,151,516118,卖盘,2017-07-18,2017-07-18 09:50:37
09:50:40,09:50:40,34.18,--,46,157228,卖盘,2017-07-18,2017-07-18 09:50:40
09:50:43,09:50:43,34.18,--,93,317874,卖盘,2017-07-18,2017-07-18 09:50:43
09:50:46,09:50:46,34.2,0.02,101,345420,买盘,2017-07-18,2017-07-18 09:50:46
09:50:49,09:50:49,34.18,-0.02,1,3418,中性盘,2017-07-18,2017-07-18 09:50:49
09:50:52,09:50:52,34.19,0.01,24,82056,买盘,2017-07-18,2017-07-18 09:50:52
09:50:55,09:50:55,34.2,0.01,63,215460,买盘,2017-07-18,2017-07-18 09:50:55
09:50:58,09:50:58,34.18,-0.02,20,68360,卖盘,2017-07-18,2017-07-18 09:50:58
09:51:01,09:51:01,34.15,-0.03,51,174165,卖盘,2017-07-18,2017-07-18 09:51:01
09:51:04,09:51:04,34.18,0.03,25,85450,买盘,2017-07-18,2017-07-18 09:51:04
09:51:07,09:51:07,34.19,0.01,47,160693,买盘,2017-07-18,2017-07-18 09:51:07
09:51:10,09:51:10,34.19,--,2,6838,中性盘,2017-07-18,2017-07-18 09:51:10
09:51:13,09:51:13,34.19,--,12,41028,中性盘,2017-07-18,2017-07-18 09:51:13
09:51:16,09:51:16,34.15,-0.04,64,218560,卖盘,2017-07-18,2017-07-18 09:51:16
09:51:19,09:51:19,34.19,0.04,20,68380,买盘,2017-07-18,2017-07-18 09:51:19
09:51:22,09:51:22,34.19,--,5,17095,买盘,2017-07-18,2017-07-18 09:51:22
09:51:25,09:51:25,34.18,-0.01,18,61524,卖盘,2017-07-18,2017-07-18 09:51:25
09:51:28,09:51:28,34.18,--,50,172609,卖盘,2017-07-18,2017-07-18 09:51:28
09:51:31,09:51:31,34.24,0.06,253,866272,买盘,2017-07-18,2017-07-18 09:51:31
09:51:34,09:51:34,34.18,-0.06,89,305911,卖盘,2017-07-18,2017-07-18 09:51:34
09:51:37,09:51:37,34.24,0.06,56,193456,买盘,2017-07-18,2017-07-18 09:51:37
09:51:40,09:51:40,34.23,-0.01,43,147189,卖盘,2017-07-18,2017-07-18 09:51:40
09:51:43,09:51:43,34.23,--,46,157458,卖盘,2017-07-18,2017-07-18 09:51:43
09:51:46,09:51:46,34.24,0.01,79,270496,买盘,2017-07-18,2017-07-18 09:51:46
09:51:49,09:51:49,34.24,--,41,140384,买盘,2017-07-18,2017-07-18 09:51:49
09:51:52,09:51:52,34.23,-0.01,34,116381,卖盘,2017-07-18,2017-07-18 09:51:52
09:51:55,09:51:55,34.23,--,57,195110,买盘,2017-07-18,2017-07-18 09:51:55
09:51:58,09:51:58,34.2,-0.03,42,143640,卖盘,2017-07-18,2017-07-18 09:51:58
09:52:01,09:52:01,34.2,--,31,106020,卖盘,2017-07-18,2017-07-18 09:52:01
09:52:04,09:52:04,34.2,--,19,64980,买盘,2017-07-18,2017-07-18 09:52:04
09:52:07,09:52:07,34.24,0.04,171,585504,买盘,2017-07-18,2017-07-18 09:52:07
09:52:10,09:52:10,34.21,-0.03,71,242891,卖盘,2017-07-18,2017-07-18 09:52:10
09:52:13,09:52:13,34.2,-0.01,91,311220,卖盘,2017-07-18,2017-07-18 09:52:13
09:52:16,09:52:16,34.23,0.03,12,41075,买盘,2017-07-18,2017-07-18 09:52:16
09:52:19,09:52:19,34.22,-0.01,59,201898,卖盘,2017-07-18,2017-07-18 09:52:19
09:52:22,09:52:22,34.24,0.02,30,102720,买盘,2017-07-18,2017-07-18 09:52:22
09:52:25,09:52:25,34.22,-0.02,93,318246,卖盘,2017-07-18,2017-07-18 09:52:25
09:52:28,09:52:28,34.22,--,109,372998,卖盘,2017-07-18,2017-07-18 09:52:28
09:52:31,09:52:31,34.24,0.02,120,410880,买盘,2017-07-18,2017-07-18 09:52:31
09:52:34,09:52:34,34.19,-0.05,174,594906,卖盘,2017-07-18,2017-07-18 09:52:34
09:52:37,09:52:37,34.19,--,11,37609,买盘,2017-07-18,2017-07-18 09:52:37
09:52:40,09:52:40,34.2,0.01,54,184680,买盘,2017-07-18,2017-07-18 09:52:40
09:52:43,09:52:43,34.18,-0.02,18,61524,卖盘,2017-07-18,2017-07-18 09:52:43
09:52:46,09:52:46,34.2,0.02,54,184680,买盘,2017-07-18,2017-07-18 09:52:46
09:52:49,09:52:49,34.19,-0.01,106,362414,卖盘,2017-07-18,2017-07-18 09:52:49
09:52:52,09:52:52,34.19,--,191,653029,卖盘,2017-07-18,2017-07-18 09:52:52
09:52:55,09:52:55,34.19,--,30,102570,卖盘,2017-07-18,2017-07-18 09:52:55
09:52:58,09:52:58,34.19,--,109,372671,卖盘,2017-07-18,2017-07-18 09:52:58
09:53:01,09:53:01,34.18,-0.01,10,34180,卖盘,2017-07-18,2017-07-18 09:53:01
09:53:04,09:53:04,34.15,-0.03,48,165627,卖盘,2017-07-18,2017-07-18 09:53:04
09:53:07,09:53:07,34.15,--,0,0,卖盘,2017-07-18,2017-07-18 09:53:07
09:53:10,09:53:10,34.16,0.01,54,184463,买盘,2017-07-18,2017-07-18 09:53:10
09:53:13,09:53:13,34.15,-0.01,40,136600,卖盘,2017-07-18,2017-07-18 09:53:13
09:53:16,09:53:16,34.15,--,30,102450,卖盘,2017-07-18,2017-07-18 09:53:16
09:53:19,09:53:19,34.16,0.01,72,245951,买盘,2017-07-18,2017-07-18 09:53:19
09:53:22,09:53:22,34.16,--,81,276696,卖盘,2017-07-18,2017-07-18 09:53:22
09:53:25,09:53:25,34.16,--,87,298899,卖盘,2017-07-18,2017-07-18 09:53:25
09:53:28,09:53:28,34.17,0.01,78,266526,买盘,2017-07-18,2017-07-18 09:53:28
09:53:31,09:53:31,34.15,-0.02,207,706905,卖盘,2017-07-18,2017-07-18 09:53:31
09:53:34,09:53:34,34.15,--,156,532740,卖盘,2017-07-18,2017-07-18 09:53:34
09:53:37,09:53:37,34.15,--,82,280030,卖盘,2017-07-18,2017-07-18 09:53:37
09:53:40,09:53:40,34.15,--,26,88790,买盘,2017-07-18,2017-07-18 09:53:40
09:53:43,09:53:43,34.15,--,76,259540,买盘,2017-07-18,2017-07-18 09:53:43
09:53:46,09:53:46,34.14,-0.01,27,92178,中性盘,2017-07-18,2017-07-18 09:53:46
09:53:49,09:53:49,34.14,--,23,78522,买盘,2017-07-18,2017-07-18 09:53:49
09:53:52,09:53:52,34.13,-0.01,2,6826,卖盘,2017-07-18,2017-07-18 09:53:52
09:53:55,09:53:55,34.12,-0.01,100,341200,卖盘,2017-07-18,2017-07-18 09:53:55
09:53:58,09:53:58,34.14,0.02,292,996888,买盘,2017-07-18,2017-07-18 09:53:58
09:54:01,09:54:01,34.14,--,70,238980,卖盘,2017-07-18,2017-07-18 09:54:01
09:54:04,09:54:04,34.12,-0.02,244,832527,卖盘,2017-07-18,2017-07-18 09:54:04
09:54:07,09:54:07,34.13,0.01,74,252562,买盘,2017-07-18,2017-07-18 09:54:07
09:54:10,09:54:10,34.14,0.01,125,426750,买盘,2017-07-18,2017-07-18 09:54:10
09:54:13,09:54:13,34.14,--,30,102420,买盘,2017-07-18,2017-07-18 09:54:13
09:54:16,09:54:16,34.13,-0.01,28,95564,卖盘,2017-07-18,2017-07-18 09:54:16
09:54:19,09:54:19,34.12,-0.01,22,75064,中性盘,2017-07-18,2017-07-18 09:54:19
09:54:22,09:54:22,34.12,--,23,78476,买盘,2017-07-18,2017-07-18 09:54:22
09:54:25,09:54:25,34.12,--,46,156952,买盘,2017-07-18,2017-07-18 09:54:25
09:54:28,09:54:28,34.12,--,15,51179,卖盘,2017-07-18,2017-07-18 09:54:28
09:54:31,09:54:31,34.14,0.02,27,92178,买盘,2017-07-18,2017-07-18 09:54:31
09:54:34,09:54:34,34.1,-0.04,70,238700,卖盘,2017-07-18,2017-07-18 09:54:34
09:54:37,09:54:37,34.11,0.01,41,139851,买盘,2017-07-18,2017-07-18 09:54:37
09:54:40,09:54:40,34.1,-0.01,9,30690,卖盘,2017-07-18,2017-07-18 09:54:40
09:54:43,09:54:43,34.12,0.02,49,167188,买盘,2017-07-18,2017-07-18 09:54:43
09:54:46,09:54:46,34.1,-0.02,46,156860,卖盘,2017-07-18,2017-07-18 09:54:46
09:54:49,09:54:49,34.1,--,68,231880,卖盘,2017-07-18,2017-07-18 09:54:49
09:54:52,09:54:52,34.12,0.02,32,109183,买盘,2017-07-18,2017-07-18 09:54:52
09:54:55,09:54:55,34.1,-0.02,135,460350,卖盘,2017-07-18,2017-07-18 09:54:55
09:54:58,09:54:58,34.06,-0.04,50,170300,卖盘,2017-07-18,2017-07-18 09:54:58
09:55:01,09:55:01,34.14,0.08,182,621348,买盘,2017-07-18,2017-07-18 09:55:01
09:55:04,09:55:04,34.08,-0.06,40,136320,中性盘,2017-07-18,2017-07-18 09:55:04
09:55:07,09:55:07,34.08,--,84,286272,买盘,2017-07-18,2017-07-18 09:55:07
09:55:10,09:55:10,34.05,-0.03,10,34050,卖盘,2017-07-18,2017-07-18 09:55:10
09:55:13,09:55:13,34.07,0.02,3,10221,卖盘,2017-07-18,2017-07-18 09:55:13
09:55:16,09:55:16,34.06,-0.01,25,85150,卖盘,2017-07-18,2017-07-18 09:55:16
09:55:19,09:55:19,34.08,0.02,101,344208,买盘,2017-07-18,2017-07-18 09:55:19
09:55:22,09:55:22,34.01,-0.07,100,340100,卖盘,2017-07-18,2017-07-18 09:55:22
09:55:25,09:55:25,34.06,0.05,4,13624,买盘,2017-07-18,2017-07-18 09:55:25
09:55:28,09:55:28,34.06,--,74,252044,买盘,2017-07-18,2017-07-18 09:55:28
09:55:31,09:55:31,34.06,--,5,17030,买盘,2017-07-18,2017-07-18 09:55:31
09:55:34,09:55:34,34.01,-0.05,51,173451,卖盘,2017-07-18,2017-07-18 09:55:34
09:55:37,09:55:37,34.0,-0.01,134,455600,卖盘,2017-07-18,2017-07-18 09:55:37
09:55:40,09:55:40,34.01,0.01,26,88426,买盘,2017-07-18,2017-07-18 09:55:40
09:55:43,09:55:43,34.01,--,6,20406,买盘,2017-07-18,2017-07-18 09:55:43
09:55:46,09:55:46,34.01,--,77,261876,卖盘,2017-07-18,2017-07-18 09:55:46
09:55:49,09:55:49,34.02,0.01,13,44226,买盘,2017-07-18,2017-07-18 09:55:49
09:55:52,09:55:52,34.0,-0.02,119,404600,卖盘,2017-07-18,2017-07-18 09:55:52
09:55:55,09:55:55,34.0,--,80,272000,卖盘,2017-07-18,2017-07-18 09:55:55
09:55:58,09:55:58,34.0,--,1,3400,买盘,2017-07-18,2017-07-18 09:55:58
09:56:01,09:56:01,34.0,--,10,34000,买盘,2017-07-18,2017-07-18 09:56:01
09:56:04,09:56:04,33.99,-0.01,13,44187,卖盘,2017-07-18,2017-07-18 09:56:04
09:56:07,09:56:07,33.97,-0.02,41,139277,卖盘,2017-07-18,2017-07-18 09:56:07
09:56:10,09:56:10,33.97,--,18,61146,买盘,2017-07-18,2017-07-18 09:56:10
09:56:13,09:56:13,33.95,-0.02,306,1038870,卖盘,2017-07-18,2017-07-18 09:56:13
09:56:16,09:56:16,33.97,0.02,61,207217,中性盘,2017-07-18,2017-07-18 09:56:16
09:56:19,09:56:19,33.95,-0.02,31,105245,卖盘,2017-07-18,2017-07-18 09:56:19
09:56:22,09:56:22,33.99,0.04,121,411279,买盘,2017-07-18,2017-07-18 09:56:22
09:56:25,09:56:25,33.99,--,19,64581,买盘,2017-07-18,2017-07-18 09:56:25
09:56:28,09:56:28,33.99,--,44,149556,买盘,2017-07-18,2017-07-18 09:56:28
09:56:31,09:56:31,33.97,-0.02,10,33970,卖盘,2017-07-18,2017-07-18 09:56:31
09:56:34,09:56:34,33.97,--,34,115498,卖盘,2017-07-18,2017-07-18 09:56:34
09:56:37,09:56:37,33.99,0.02,110,373890,买盘,2017-07-18,2017-07-18 09:56:37
09:56:40,09:56:40,33.93,-0.06,20,67860,卖盘,2017-07-18,2017-07-18 09:56:40
09:56:43,09:56:43,33.97,0.04,31,105307,买盘,2017-07-18,2017-07-18 09:56:43
09:56:46,09:56:46,34.0,0.03,70,238000,买盘,2017-07-18,2017-07-18 09:56:46
09:56:49,09:56:49,33.97,-0.03,7,23779,中性盘,2017-07-18,2017-07-18 09:56:49
09:56:52,09:56:52,33.95,-0.02,38,129010,中性盘,2017-07-18,2017-07-18 09:56:52
09:56:55,09:56:55,33.95,--,81,274995,卖盘,2017-07-18,2017-07-18 09:56:55
09:56:58,09:56:58,33.95,--,19,64505,买盘,2017-07-18,2017-07-18 09:56:58
09:57:01,09:57:01,33.97,0.02,12,40764,卖盘,2017-07-18,2017-07-18 09:57:01
09:57:04,09:57:04,33.97,--,6,20382,卖盘,2017-07-18,2017-07-18 09:57:04
09:57:07,09:57:07,33.97,--,17,57749,卖盘,2017-07-18,2017-07-18 09:57:07
09:57:10,09:57:10,34.01,0.04,68,231268,买盘,2017-07-18,2017-07-18 09:57:10
09:57:13,09:57:13,34.01,--,4,13604,买盘,2017-07-18,2017-07-18 09:57:13
09:57:16,09:57:16,34.0,-0.01,7,23800,卖盘,2017-07-18,2017-07-18 09:57:16
09:57:19,09:57:19,34.02,0.02,113,384426,买盘,2017-07-18,2017-07-18 09:57:19
09:57:22,09:57:22,34.01,-0.01,101,343501,卖盘,2017-07-18,2017-07-18 09:57:22
09:57:25,09:57:25,34.0,-0.01,12,40800,卖盘,2017-07-18,2017-07-18 09:57:25
09:57:28,09:57:28,34.02,0.02,75,255150,买盘,2017-07-18,2017-07-18 09:57:28
09:57:31,09:57:31,34.01,-0.01,34,115634,中性盘,2017-07-18,2017-07-18 09:57:31
09:57:34,09:57:34,34.03,0.02,28,95284,买盘,2017-07-18,2017-07-18 09:57:34
09:57:37,09:57:37,34.02,-0.01,7,23814,卖盘,2017-07-18,2017-07-18 09:57:37
09:57:40,09:57:40,34.02,--,10,34020,卖盘,2017-07-18,2017-07-18 09:57:40
09:57:43,09:57:43,34.1,0.08,200,682000,买盘,2017-07-18,2017-07-18 09:57:43
09:57:46,09:57:46,34.05,-0.05,21,71505,卖盘,2017-07-18,2017-07-18 09:57:46
09:57:49,09:57:49,34.05,--,14,47669,卖盘,2017-07-18,2017-07-18 09:57:49
09:57:55,09:57:55,34.1,0.05,9,30690,买盘,2017-07-18,2017-07-18 09:57:55
09:57:58,09:57:58,34.1,--,8,27280,买盘,2017-07-18,2017-07-18 09:57:58
09:58:01,09:58:01,34.1,--,2,6820,卖盘,2017-07-18,2017-07-18 09:58:01
09:58:04,09:58:04,34.14,0.04,100,341400,买盘,2017-07-18,2017-07-18 09:58:04
09:58:07,09:58:07,34.1,-0.04,128,436480,卖盘,2017-07-18,2017-07-18 09:58:07
09:58:10,09:58:10,34.1,--,43,146630,卖盘,2017-07-18,2017-07-18 09:58:10
09:58:13,09:58:13,34.14,0.04,31,105834,卖盘,2017-07-18,2017-07-18 09:58:13
09:58:16,09:58:16,34.16,0.02,61,208375,买盘,2017-07-18,2017-07-18 09:58:16
09:58:19,09:58:19,34.15,-0.01,37,126355,中性盘,2017-07-18,2017-07-18 09:58:19
09:58:22,09:58:22,34.13,-0.02,37,126281,卖盘,2017-07-18,2017-07-18 09:58:22
09:58:25,09:58:25,34.15,0.02,101,344915,买盘,2017-07-18,2017-07-18 09:58:25
09:58:28,09:58:28,34.1,-0.05,50,170500,卖盘,2017-07-18,2017-07-18 09:58:28
09:58:31,09:58:31,34.15,0.05,12,40980,买盘,2017-07-18,2017-07-18 09:58:31
09:58:34,09:58:34,34.15,--,35,119525,买盘,2017-07-18,2017-07-18 09:58:34
09:58:37,09:58:37,34.15,--,40,136600,买盘,2017-07-18,2017-07-18 09:58:37
09:58:40,09:58:40,34.15,--,33,112695,买盘,2017-07-18,2017-07-18 09:58:40
09:58:43,09:58:43,34.1,-0.05,54,184140,卖盘,2017-07-18,2017-07-18 09:58:43
09:58:46,09:58:46,34.1,--,9,30690,买盘,2017-07-18,2017-07-18 09:58:46
09:58:49,09:58:49,34.17,0.07,54,184518,买盘,2017-07-18,2017-07-18 09:58:49
09:58:52,09:58:52,34.12,-0.05,11,37532,中性盘,2017-07-18,2017-07-18 09:58:52
09:58:55,09:58:55,34.15,0.03,28,95620,买盘,2017-07-18,2017-07-18 09:58:55
09:58:58,09:58:58,34.18,0.03,23,78614,买盘,2017-07-18,2017-07-18 09:58:58
09:59:01,09:59:01,34.17,-0.01,2,6834,中性盘,2017-07-18,2017-07-18 09:59:01
09:59:04,09:59:04,34.17,--,0,0,买盘,2017-07-18,2017-07-18 09:59:04
09:59:07,09:59:07,34.18,0.01,80,273440,买盘,2017-07-18,2017-07-18 09:59:07
09:59:10,09:59:10,34.19,0.01,172,588068,买盘,2017-07-18,2017-07-18 09:59:10
09:59:13,09:59:13,34.17,-0.02,12,41004,中性盘,2017-07-18,2017-07-18 09:59:13
09:59:16,09:59:16,34.18,0.01,25,85450,中性盘,2017-07-18,2017-07-18 09:59:16
09:59:19,09:59:19,34.17,-0.01,10,34170,中性盘,2017-07-18,2017-07-18 09:59:19
09:59:22,09:59:22,34.17,--,62,211854,卖盘,2017-07-18,2017-07-18 09:59:22
09:59:25,09:59:25,34.18,0.01,2,6836,中性盘,2017-07-18,2017-07-18 09:59:25
09:59:28,09:59:28,34.16,-0.02,68,232287,卖盘,2017-07-18,2017-07-18 09:59:28
09:59:31,09:59:31,34.19,0.03,16,54704,买盘,2017-07-18,2017-07-18 09:59:31
09:59:34,09:59:34,34.23,0.04,27,92420,买盘,2017-07-18,2017-07-18 09:59:34
09:59:37,09:59:37,34.2,-0.03,72,246240,中性盘,2017-07-18,2017-07-18 09:59:37
09:59:40,09:59:40,34.2,--,10,34200,买盘,2017-07-18,2017-07-18 09:59:40
09:59:43,09:59:43,34.2,--,64,218880,买盘,2017-07-18,2017-07-18 09:59:43
09:59:46,09:59:46,34.2,--,38,129960,买盘,2017-07-18,2017-07-18 09:59:46
09:59:49,09:59:49,34.2,--,98,335160,买盘,2017-07-18,2017-07-18 09:59:49
09:59:52,09:59:52,34.19,-0.01,20,68380,卖盘,2017-07-18,2017-07-18 09:59:52
09:59:55,09:59:55,34.19,--,11,37609,买盘,2017-07-18,2017-07-18 09:59:55
09:59:58,09:59:58,34.18,-0.01,7,23926,卖盘,2017-07-18,2017-07-18 09:59:58
10:00:01,10:00:01,34.19,0.01,22,75218,买盘,2017-07-18,2017-07-18 10:00:01
10:00:04,10:00:04,34.18,-0.01,58,198244,卖盘,2017-07-18,2017-07-18 10:00:04
10:00:07,10:00:07,34.18,--,27,92286,卖盘,2017-07-18,2017-07-18 10:00:07
10:00:10,10:00:10,34.18,--,16,54688,卖盘,2017-07-18,2017-07-18 10:00:10
10:00:13,10:00:13,34.19,0.01,366,1252721,买盘,2017-07-18,2017-07-18 10:00:13
10:00:16,10:00:16,34.19,--,28,95732,买盘,2017-07-18,2017-07-18 10:00:16
10:00:19,10:00:19,34.19,--,548,1873611,买盘,2017-07-18,2017-07-18 10:00:19
10:00:22,10:00:22,34.19,--,50,170950,卖盘,2017-07-18,2017-07-18 10:00:22
10:00:25,10:00:25,34.18,-0.01,54,186622,卖盘,2017-07-18,2017-07-18 10:00:25
10:00:28,10:00:28,34.19,0.01,113,386347,买盘,2017-07-18,2017-07-18 10:00:28
10:00:31,10:00:31,34.18,-0.01,11,37598,中性盘,2017-07-18,2017-07-18 10:00:31
10:00:34,10:00:34,34.18,--,10,34180,卖盘,2017-07-18,2017-07-18 10:00:34
10:00:37,10:00:37,34.19,0.01,23,78637,买盘,2017-07-18,2017-07-18 10:00:37
10:00:40,10:00:40,34.15,-0.04,32,109280,卖盘,2017-07-18,2017-07-18 10:00:40
10:00:43,10:00:43,34.18,0.03,175,598150,买盘,2017-07-18,2017-07-18 10:00:43
10:00:46,10:00:46,34.19,0.01,200,685167,买盘,2017-07-18,2017-07-18 10:00:46
10:00:49,10:00:49,34.19,--,17,58122,卖盘,2017-07-18,2017-07-18 10:00:49
10:00:52,10:00:52,34.11,-0.08,20,68220,卖盘,2017-07-18,2017-07-18 10:00:52
10:00:55,10:00:55,34.11,--,16,54576,卖盘,2017-07-18,2017-07-18 10:00:55
10:00:58,10:00:58,34.18,0.07,72,246096,买盘,2017-07-18,2017-07-18 10:00:58
10:01:01,10:01:01,34.15,-0.03,1,3415,卖盘,2017-07-18,2017-07-18 10:01:01
10:01:04,10:01:04,34.14,-0.01,1,3414,买盘,2017-07-18,2017-07-18 10:01:04
10:01:07,10:01:07,34.18,0.04,35,119630,买盘,2017-07-18,2017-07-18 10:01:07
10:01:10,10:01:10,34.17,-0.01,40,136680,卖盘,2017-07-18,2017-07-18 10:01:10
10:01:13,10:01:13,34.15,-0.02,29,99035,卖盘,2017-07-18,2017-07-18 10:01:13
10:01:16,10:01:16,34.15,--,29,99035,卖盘,2017-07-18,2017-07-18 10:01:16
10:01:19,10:01:19,34.18,0.03,1,3418,买盘,2017-07-18,2017-07-18 10:01:19
10:01:22,10:01:22,34.14,-0.04,3,10242,中性盘,2017-07-18,2017-07-18 10:01:22
10:01:25,10:01:25,34.15,0.01,22,75130,买盘,2017-07-18,2017-07-18 10:01:25
10:01:28,10:01:28,34.15,--,3,10245,买盘,2017-07-18,2017-07-18 10:01:28
10:01:31,10:01:31,34.17,0.02,53,181101,买盘,2017-07-18,2017-07-18 10:01:31
10:01:34,10:01:34,34.11,-0.06,40,136440,卖盘,2017-07-18,2017-07-18 10:01:34
10:01:37,10:01:37,34.18,0.07,13,44434,买盘,2017-07-18,2017-07-18 10:01:37
10:01:40,10:01:40,34.11,-0.07,20,68220,卖盘,2017-07-18,2017-07-18 10:01:40
10:01:43,10:01:43,34.15,0.04,5,17075,卖盘,2017-07-18,2017-07-18 10:01:43
10:01:46,10:01:46,34.13,-0.02,3,10239,卖盘,2017-07-18,2017-07-18 10:01:46
10:01:49,10:01:49,34.17,0.04,86,293862,买盘,2017-07-18,2017-07-18 10:01:49
10:01:52,10:01:52,34.12,-0.05,92,313904,卖盘,2017-07-18,2017-07-18 10:01:52
10:01:55,10:01:55,34.1,-0.02,199,678590,卖盘,2017-07-18,2017-07-18 10:01:55
10:01:58,10:01:58,34.12,0.02,5,17060,买盘,2017-07-18,2017-07-18 10:01:58
10:02:01,10:02:01,34.12,--,1,3411,买盘,2017-07-18,2017-07-18 10:02:01
10:02:04,10:02:04,34.12,--,8,27295,买盘,2017-07-18,2017-07-18 10:02:04
10:02:07,10:02:07,34.16,0.04,89,304023,买盘,2017-07-18,2017-07-18 10:02:07
10:02:10,10:02:10,34.16,--,10,34160,卖盘,2017-07-18,2017-07-18 10:02:10
10:02:13,10:02:13,34.09,-0.07,223,762252,卖盘,2017-07-18,2017-07-18 10:02:13
10:02:16,10:02:16,34.09,--,10,34090,买盘,2017-07-18,2017-07-18 10:02:16
10:02:19,10:02:19,34.1,0.01,17,57970,买盘,2017-07-18,2017-07-18 10:02:19
10:02:22,10:02:22,34.08,-0.02,9,30672,卖盘,2017-07-18,2017-07-18 10:02:22
10:02:25,10:02:25,34.1,0.02,35,119350,买盘,2017-07-18,2017-07-18 10:02:25
10:02:28,10:02:28,34.08,-0.02,42,143136,卖盘,2017-07-18,2017-07-18 10:02:28
10:02:31,10:02:31,34.12,0.04,107,365084,买盘,2017-07-18,2017-07-18 10:02:31
10:02:34,10:02:34,34.1,-0.02,21,71610,卖盘,2017-07-18,2017-07-18 10:02:34
10:02:37,10:02:37,34.1,--,44,150040,卖盘,2017-07-18,2017-07-18 10:02:37
10:02:40,10:02:40,34.1,--,3,10230,卖盘,2017-07-18,2017-07-18 10:02:40
10:02:43,10:02:43,34.1,--,24,81840,卖盘,2017-07-18,2017-07-18 10:02:43
10:02:46,10:02:46,34.2,0.1,201,687420,买盘,2017-07-18,2017-07-18 10:02:46
10:02:49,10:02:49,34.12,-0.08,87,296844,中性盘,2017-07-18,2017-07-18 10:02:49
10:02:52,10:02:52,34.12,--,39,133068,卖盘,2017-07-18,2017-07-18 10:02:52
10:02:58,10:02:58,34.15,0.03,5,17075,买盘,2017-07-18,2017-07-18 10:02:58
10:03:01,10:03:01,34.12,-0.03,10,34120,卖盘,2017-07-18,2017-07-18 10:03:01
10:03:04,10:03:04,34.12,--,10,34120,中性盘,2017-07-18,2017-07-18 10:03:04
10:03:07,10:03:07,34.18,0.06,11,37598,买盘,2017-07-18,2017-07-18 10:03:07
10:03:10,10:03:10,34.15,-0.03,30,102450,卖盘,2017-07-18,2017-07-18 10:03:10
10:03:13,10:03:13,34.18,0.03,4,13672,买盘,2017-07-18,2017-07-18 10:03:13
10:03:16,10:03:16,34.15,-0.03,34,116110,卖盘,2017-07-18,2017-07-18 10:03:16
10:03:19,10:03:19,34.15,--,21,71715,卖盘,2017-07-18,2017-07-18 10:03:19
10:03:22,10:03:22,34.15,--,57,194655,卖盘,2017-07-18,2017-07-18 10:03:22
10:03:25,10:03:25,34.18,0.03,32,109376,买盘,2017-07-18,2017-07-18 10:03:25
10:03:28,10:03:28,34.18,--,168,574224,买盘,2017-07-18,2017-07-18 10:03:28
10:03:31,10:03:31,34.18,--,26,88868,卖盘,2017-07-18,2017-07-18 10:03:31
10:03:34,10:03:34,34.12,-0.06,230,784759,卖盘,2017-07-18,2017-07-18 10:03:34
10:03:37,10:03:37,34.12,--,4,13647,卖盘,2017-07-18,2017-07-18 10:03:37
10:03:40,10:03:40,34.18,0.06,67,229006,买盘,2017-07-18,2017-07-18 10:03:40
10:03:43,10:03:43,34.13,-0.05,23,78499,卖盘,2017-07-18,2017-07-18 10:03:43
10:03:46,10:03:46,34.13,--,1,3413,买盘,2017-07-18,2017-07-18 10:03:46
10:03:49,10:03:49,34.13,--,32,109216,买盘,2017-07-18,2017-07-18 10:03:49
10:03:52,10:03:52,34.19,0.06,41,140179,买盘,2017-07-18,2017-07-18 10:03:52
10:03:55,10:03:55,34.16,-0.03,94,321103,卖盘,2017-07-18,2017-07-18 10:03:55
10:03:58,10:03:58,34.15,-0.01,24,81960,卖盘,2017-07-18,2017-07-18 10:03:58
10:04:04,10:04:04,34.15,--,0,0,卖盘,2017-07-18,2017-07-18 10:04:04
10:04:07,10:04:07,34.18,0.03,27,92286,买盘,2017-07-18,2017-07-18 10:04:07
10:04:10,10:04:10,34.18,--,7,23926,买盘,2017-07-18,2017-07-18 10:04:10
10:04:13,10:04:13,34.18,--,26,88868,买盘,2017-07-18,2017-07-18 10:04:13
10:04:16,10:04:16,34.18,--,111,379398,卖盘,2017-07-18,2017-07-18 10:04:16
10:04:19,10:04:19,34.18,--,26,88868,卖盘,2017-07-18,2017-07-18 10:04:19
10:04:22,10:04:22,34.15,-0.03,156,532740,卖盘,2017-07-18,2017-07-18 10:04:22
10:04:25,10:04:25,34.18,0.03,19,64942,买盘,2017-07-18,2017-07-18 10:04:25
10:04:28,10:04:28,34.18,--,21,71778,买盘,2017-07-18,2017-07-18 10:04:28
10:04:31,10:04:31,34.18,--,3,10254,买盘,2017-07-18,2017-07-18 10:04:31
10:04:34,10:04:34,34.2,0.02,77,263340,买盘,2017-07-18,2017-07-18 10:04:34
10:04:37,10:04:37,34.2,--,53,181260,卖盘,2017-07-18,2017-07-18 10:04:37
10:04:40,10:04:40,34.2,--,11,37620,卖盘,2017-07-18,2017-07-18 10:04:40
10:04:46,10:04:46,34.22,0.02,2,6844,买盘,2017-07-18,2017-07-18 10:04:46
10:04:49,10:04:49,34.2,-0.02,14,47880,卖盘,2017-07-18,2017-07-18 10:04:49
10:04:52,10:04:52,34.26,0.06,1014,3473964,买盘,2017-07-18,2017-07-18 10:04:52
10:04:55,10:04:55,34.22,-0.04,50,171100,买盘,2017-07-18,2017-07-18 10:04:55
10:04:58,10:04:58,34.21,-0.01,80,273680,中性盘,2017-07-18,2017-07-18 10:04:58
10:05:02,10:05:02,34.26,0.05,188,644088,买盘,2017-07-18,2017-07-18 10:05:02
10:05:06,10:05:06,34.22,-0.04,67,229274,卖盘,2017-07-18,2017-07-18 10:05:06
10:05:09,10:05:09,34.24,0.02,56,191744,卖盘,2017-07-18,2017-07-18 10:05:09
10:05:12,10:05:12,34.25,0.01,73,250025,卖盘,2017-07-18,2017-07-18 10:05:12
10:05:15,10:05:15,34.3,0.05,380,1303400,买盘,2017-07-18,2017-07-18 10:05:15
10:05:18,10:05:18,34.33,0.03,236,812728,买盘,2017-07-18,2017-07-18 10:05:18
10:05:21,10:05:21,34.37,0.04,295,1013914,买盘,2017-07-18,2017-07-18 10:05:21
10:05:23,10:05:23,34.38,0.01,18,61884,买盘,2017-07-18,2017-07-18 10:05:23
10:05:27,10:05:27,34.4,0.02,116,399040,买盘,2017-07-18,2017-07-18 10:05:27
10:05:30,10:05:30,34.45,0.05,107,368615,买盘,2017-07-18,2017-07-18 10:05:30
10:05:33,10:05:33,34.5,0.05,206,710700,买盘,2017-07-18,2017-07-18 10:05:33
10:05:35,10:05:35,34.41,-0.09,17,58496,卖盘,2017-07-18,2017-07-18 10:05:35
10:05:39,10:05:39,34.5,0.09,135,465750,买盘,2017-07-18,2017-07-18 10:05:39
10:05:42,10:05:42,34.47,-0.03,247,851409,卖盘,2017-07-18,2017-07-18 10:05:42
10:05:45,10:05:45,34.47,--,92,317124,买盘,2017-07-18,2017-07-18 10:05:45
10:05:48,10:05:48,34.5,0.03,175,603750,买盘,2017-07-18,2017-07-18 10:05:48
10:05:51,10:05:51,34.5,--,368,1269600,买盘,2017-07-18,2017-07-18 10:05:51
10:05:54,10:05:54,34.5,--,95,327750,卖盘,2017-07-18,2017-07-18 10:05:54
10:05:57,10:05:57,34.47,-0.03,204,703188,卖盘,2017-07-18,2017-07-18 10:05:57
10:06:00,10:06:00,34.52,0.05,366,1263432,买盘,2017-07-18,2017-07-18 10:06:00
10:06:03,10:06:03,34.48,-0.04,48,165503,中性盘,2017-07-18,2017-07-18 10:06:03
10:06:06,10:06:06,34.55,0.07,411,1420004,买盘,2017-07-18,2017-07-18 10:06:06
10:06:09,10:06:09,34.52,-0.03,150,517800,卖盘,2017-07-18,2017-07-18 10:06:09
10:06:12,10:06:12,34.54,0.02,166,573364,中性盘,2017-07-18,2017-07-18 10:06:12
10:06:15,10:06:15,34.52,-0.02,208,718016,卖盘,2017-07-18,2017-07-18 10:06:15
10:06:18,10:06:18,34.52,--,63,217476,买盘,2017-07-18,2017-07-18 10:06:18
10:06:21,10:06:21,34.51,-0.01,38,131138,中性盘,2017-07-18,2017-07-18 10:06:21
10:06:24,10:06:24,34.47,-0.04,189,651483,卖盘,2017-07-18,2017-07-18 10:06:24
10:06:27,10:06:27,34.5,0.03,58,200100,买盘,2017-07-18,2017-07-18 10:06:27
10:06:30,10:06:30,34.51,0.01,187,645337,买盘,2017-07-18,2017-07-18 10:06:30
10:06:33,10:06:33,34.5,-0.01,170,586500,中性盘,2017-07-18,2017-07-18 10:06:33
10:06:36,10:06:36,34.5,--,63,217350,买盘,2017-07-18,2017-07-18 10:06:36
10:06:39,10:06:39,34.44,-0.06,47,161868,卖盘,2017-07-18,2017-07-18 10:06:39
10:06:42,10:06:42,34.5,0.06,63,217350,买盘,2017-07-18,2017-07-18 10:06:42
10:06:45,10:06:45,34.47,-0.03,57,196479,卖盘,2017-07-18,2017-07-18 10:06:45
10:06:48,10:06:48,34.46,-0.01,183,630618,买盘,2017-07-18,2017-07-18 10:06:48
10:06:51,10:06:51,34.45,-0.01,260,895700,中性盘,2017-07-18,2017-07-18 10:06:51
10:06:54,10:06:54,34.45,--,125,430625,买盘,2017-07-18,2017-07-18 10:06:54
10:06:57,10:06:57,34.44,-0.01,32,110208,中性盘,2017-07-18,2017-07-18 10:06:57
10:07:00,10:07:00,34.46,0.02,179,616834,卖盘,2017-07-18,2017-07-18 10:07:00
10:07:03,10:07:03,34.45,-0.01,54,186030,卖盘,2017-07-18,2017-07-18 10:07:03
10:07:06,10:07:06,34.47,0.02,47,162009,买盘,2017-07-18,2017-07-18 10:07:06
10:07:09,10:07:09,34.45,-0.02,39,134355,卖盘,2017-07-18,2017-07-18 10:07:09
10:07:12,10:07:12,34.45,--,33,113685,买盘,2017-07-18,2017-07-18 10:07:12
10:07:15,10:07:15,34.45,--,31,106795,买盘,2017-07-18,2017-07-18 10:07:15
10:07:19,10:07:19,34.45,--,61,210145,中性盘,2017-07-18,2017-07-18 10:07:19
10:07:22,10:07:22,34.45,--,189,651105,卖盘,2017-07-18,2017-07-18 10:07:22
10:07:24,10:07:24,34.4,-0.05,91,313040,卖盘,2017-07-18,2017-07-18 10:07:24
10:07:27,10:07:27,34.4,--,26,89440,卖盘,2017-07-18,2017-07-18 10:07:27
10:07:30,10:07:30,34.4,--,107,368080,卖盘,2017-07-18,2017-07-18 10:07:30
10:07:33,10:07:33,34.4,--,5,17200,中性盘,2017-07-18,2017-07-18 10:07:33
10:07:36,10:07:36,34.38,-0.02,14,48132,卖盘,2017-07-18,2017-07-18 10:07:36
10:07:40,10:07:40,34.27,-0.11,220,753940,卖盘,2017-07-18,2017-07-18 10:07:40
10:07:42,10:07:42,34.35,0.08,33,113355,买盘,2017-07-18,2017-07-18 10:07:42
10:07:46,10:07:46,34.35,--,19,65265,买盘,2017-07-18,2017-07-18 10:07:46
10:07:49,10:07:49,34.35,--,34,116790,买盘,2017-07-18,2017-07-18 10:07:49
10:07:52,10:07:52,34.3,-0.05,34,116619,中性盘,2017-07-18,2017-07-18 10:07:52
10:07:55,10:07:55,34.3,--,51,174930,买盘,2017-07-18,2017-07-18 10:07:55
10:07:58,10:07:58,34.26,-0.04,373,1277898,卖盘,2017-07-18,2017-07-18 10:07:58
10:08:01,10:08:01,34.26,--,74,253523,买盘,2017-07-18,2017-07-18 10:08:01
10:08:04,10:08:04,34.22,-0.04,81,277182,卖盘,2017-07-18,2017-07-18 10:08:04
10:08:06,10:08:06,34.4,0.18,201,691440,买盘,2017-07-18,2017-07-18 10:08:06
10:08:10,10:08:10,34.23,-0.17,10,34230,卖盘,2017-07-18,2017-07-18 10:08:10
10:08:12,10:08:12,34.23,--,41,140343,卖盘,2017-07-18,2017-07-18 10:08:12
10:08:16,10:08:16,34.23,--,46,157458,卖盘,2017-07-18,2017-07-18 10:08:16
10:08:19,10:08:19,34.3,0.07,1,3429,卖盘,2017-07-18,2017-07-18 10:08:19
10:08:22,10:08:22,34.27,-0.03,21,71967,卖盘,2017-07-18,2017-07-18 10:08:22
10:08:25,10:08:25,34.38,0.11,3,10314,买盘,2017-07-18,2017-07-18 10:08:25
10:08:28,10:08:28,34.39,0.01,15,51585,买盘,2017-07-18,2017-07-18 10:08:28
10:08:31,10:08:31,34.3,-0.09,42,144060,中性盘,2017-07-18,2017-07-18 10:08:31
10:08:34,10:08:34,34.39,0.09,68,233852,买盘,2017-07-18,2017-07-18 10:08:34
10:08:40,10:08:40,34.4,0.01,90,309600,买盘,2017-07-18,2017-07-18 10:08:40
10:08:43,10:08:43,34.4,--,21,72240,卖盘,2017-07-18,2017-07-18 10:08:43
10:08:46,10:08:46,34.4,--,8,27520,卖盘,2017-07-18,2017-07-18 10:08:46
10:08:49,10:08:49,34.39,-0.01,250,859750,卖盘,2017-07-18,2017-07-18 10:08:49
10:08:52,10:08:52,34.41,0.02,29,99788,中性盘,2017-07-18,2017-07-18 10:08:52
10:08:55,10:08:55,34.41,--,53,182372,卖盘,2017-07-18,2017-07-18 10:08:55
10:08:58,10:08:58,34.41,--,70,240869,卖盘,2017-07-18,2017-07-18 10:08:58
10:09:01,10:09:01,34.41,--,79,271839,卖盘,2017-07-18,2017-07-18 10:09:01
10:09:04,10:09:04,34.44,0.03,133,458051,买盘,2017-07-18,2017-07-18 10:09:04
10:09:07,10:09:07,34.44,--,84,289296,卖盘,2017-07-18,2017-07-18 10:09:07
10:09:10,10:09:10,34.45,0.01,96,330720,买盘,2017-07-18,2017-07-18 10:09:10
10:09:13,10:09:13,34.46,0.01,261,899406,买盘,2017-07-18,2017-07-18 10:09:13
10:09:16,10:09:16,34.44,-0.02,112,385728,卖盘,2017-07-18,2017-07-18 10:09:16
10:09:19,10:09:19,34.45,0.01,80,275600,中性盘,2017-07-18,2017-07-18 10:09:19
10:09:22,10:09:22,34.45,--,42,144690,卖盘,2017-07-18,2017-07-18 10:09:22
10:09:25,10:09:25,34.46,0.01,194,668524,买盘,2017-07-18,2017-07-18 10:09:25
10:09:28,10:09:28,34.47,0.01,147,506709,买盘,2017-07-18,2017-07-18 10:09:28
10:09:31,10:09:31,34.45,-0.02,332,1143740,卖盘,2017-07-18,2017-07-18 10:09:31
10:09:34,10:09:34,34.47,0.02,43,148221,中性盘,2017-07-18,2017-07-18 10:09:34
10:09:37,10:09:37,34.49,0.02,139,479411,买盘,2017-07-18,2017-07-18 10:09:37
10:09:40,10:09:40,34.47,-0.02,80,275760,卖盘,2017-07-18,2017-07-18 10:09:40
10:09:43,10:09:43,34.49,0.02,161,555289,买盘,2017-07-18,2017-07-18 10:09:43
10:09:46,10:09:46,34.49,--,139,479411,买盘,2017-07-18,2017-07-18 10:09:46
10:09:49,10:09:49,34.47,-0.02,66,227502,中性盘,2017-07-18,2017-07-18 10:09:49
10:09:52,10:09:52,34.47,--,39,134433,卖盘,2017-07-18,2017-07-18 10:09:52
10:09:55,10:09:55,34.47,--,30,103410,卖盘,2017-07-18,2017-07-18 10:09:55
10:09:58,10:09:58,34.48,0.01,58,199983,买盘,2017-07-18,2017-07-18 10:09:58
10:10:01,10:10:01,34.47,-0.01,97,334359,卖盘,2017-07-18,2017-07-18 10:10:01
10:10:04,10:10:04,34.46,-0.01,105,361830,卖盘,2017-07-18,2017-07-18 10:10:04
10:10:07,10:10:07,34.47,0.01,66,227502,买盘,2017-07-18,2017-07-18 10:10:07
10:10:10,10:10:10,34.46,-0.01,255,878730,卖盘,2017-07-18,2017-07-18 10:10:10
10:10:13,10:10:13,34.44,-0.02,144,495935,卖盘,2017-07-18,2017-07-18 10:10:13
10:10:16,10:10:16,34.45,0.01,22,75790,买盘,2017-07-18,2017-07-18 10:10:16
10:10:19,10:10:19,34.42,-0.03,23,79166,卖盘,2017-07-18,2017-07-18 10:10:19
10:10:22,10:10:22,34.4,-0.02,69,237360,卖盘,2017-07-18,2017-07-18 10:10:22
10:10:25,10:10:25,34.4,--,41,141040,买盘,2017-07-18,2017-07-18 10:10:25
10:10:28,10:10:28,34.38,-0.02,6,20628,卖盘,2017-07-18,2017-07-18 10:10:28
10:10:31,10:10:31,34.38,--,32,110016,卖盘,2017-07-18,2017-07-18 10:10:31
10:10:34,10:10:34,34.4,0.02,172,591680,买盘,2017-07-18,2017-07-18 10:10:34
10:10:37,10:10:37,34.34,-0.06,27,92718,卖盘,2017-07-18,2017-07-18 10:10:37
10:10:40,10:10:40,34.31,-0.03,28,96068,卖盘,2017-07-18,2017-07-18 10:10:40
10:10:43,10:10:43,34.36,0.05,27,92772,买盘,2017-07-18,2017-07-18 10:10:43
10:10:46,10:10:46,34.34,-0.02,18,61812,中性盘,2017-07-18,2017-07-18 10:10:46
10:10:49,10:10:49,34.33,-0.01,41,140753,中性盘,2017-07-18,2017-07-18 10:10:49
10:10:52,10:10:52,34.34,0.01,95,326230,买盘,2017-07-18,2017-07-18 10:10:52
10:10:55,10:10:55,34.34,--,18,61812,买盘,2017-07-18,2017-07-18 10:10:55
10:10:58,10:10:58,34.31,-0.03,23,78913,卖盘,2017-07-18,2017-07-18 10:10:58
10:11:01,10:11:01,34.34,0.03,243,834462,买盘,2017-07-18,2017-07-18 10:11:01
10:11:04,10:11:04,34.33,-0.01,36,123588,卖盘,2017-07-18,2017-07-18 10:11:04
10:11:07,10:11:07,34.33,--,39,133887,买盘,2017-07-18,2017-07-18 10:11:07
10:11:10,10:11:10,34.34,0.01,15,51510,买盘,2017-07-18,2017-07-18 10:11:10
10:11:13,10:11:13,34.33,-0.01,32,109856,买盘,2017-07-18,2017-07-18 10:11:13
10:11:16,10:11:16,34.35,0.02,124,425940,买盘,2017-07-18,2017-07-18 10:11:16
10:11:19,10:11:19,34.34,-0.01,118,405212,卖盘,2017-07-18,2017-07-18 10:11:19
10:11:22,10:11:22,34.35,0.01,22,75570,买盘,2017-07-18,2017-07-18 10:11:22
10:11:28,10:11:28,34.35,--,108,370980,买盘,2017-07-18,2017-07-18 10:11:28
10:11:31,10:11:31,34.34,-0.01,88,302192,中性盘,2017-07-18,2017-07-18 10:11:31
10:11:34,10:11:34,34.34,--,68,233512,买盘,2017-07-18,2017-07-18 10:11:34
10:11:37,10:11:37,34.34,--,56,192304,卖盘,2017-07-18,2017-07-18 10:11:37
10:11:40,10:11:40,34.35,0.01,3,10305,卖盘,2017-07-18,2017-07-18 10:11:40
10:11:43,10:11:43,34.37,0.02,104,357448,买盘,2017-07-18,2017-07-18 10:11:43
10:11:46,10:11:46,34.37,--,66,226841,买盘,2017-07-18,2017-07-18 10:11:46
10:11:49,10:11:49,34.35,-0.02,15,51525,买盘,2017-07-18,2017-07-18 10:11:49
10:11:52,10:11:52,34.37,0.02,18,61865,买盘,2017-07-18,2017-07-18 10:11:52
10:11:55,10:11:55,34.36,-0.01,15,51540,卖盘,2017-07-18,2017-07-18 10:11:55
10:11:58,10:11:58,34.38,0.02,30,103140,买盘,2017-07-18,2017-07-18 10:11:58
10:12:01,10:12:01,34.38,--,76,261288,买盘,2017-07-18,2017-07-18 10:12:01
10:12:04,10:12:04,34.38,--,1,3438,卖盘,2017-07-18,2017-07-18 10:12:04
10:12:07,10:12:07,34.4,0.02,147,505680,买盘,2017-07-18,2017-07-18 10:12:07
10:12:13,10:12:13,34.4,--,14,48160,卖盘,2017-07-18,2017-07-18 10:12:13
10:12:16,10:12:16,34.42,0.02,28,96376,买盘,2017-07-18,2017-07-18 10:12:16
10:12:19,10:12:19,34.41,-0.01,36,123875,中性盘,2017-07-18,2017-07-18 10:12:19
10:12:22,10:12:22,34.4,-0.01,54,185760,买盘,2017-07-18,2017-07-18 10:12:22
10:12:25,10:12:25,34.42,0.02,116,399272,买盘,2017-07-18,2017-07-18 10:12:25
10:12:28,10:12:28,34.4,-0.02,102,350880,中性盘,2017-07-18,2017-07-18 10:12:28
10:12:31,10:12:31,34.4,--,16,55040,卖盘,2017-07-18,2017-07-18 10:12:31
10:12:34,10:12:34,34.42,0.02,5,17210,卖盘,2017-07-18,2017-07-18 10:12:34
10:12:37,10:12:37,34.44,0.02,93,320292,买盘,2017-07-18,2017-07-18 10:12:37
10:12:40,10:12:40,34.42,-0.02,28,96376,卖盘,2017-07-18,2017-07-18 10:12:40
10:12:43,10:12:43,34.4,-0.02,63,216720,卖盘,2017-07-18,2017-07-18 10:12:43
10:12:46,10:12:46,34.39,-0.01,89,306071,卖盘,2017-07-18,2017-07-18 10:12:46
10:12:49,10:12:49,34.42,0.03,5,17210,买盘,2017-07-18,2017-07-18 10:12:49
10:12:52,10:12:52,34.42,--,32,110144,买盘,2017-07-18,2017-07-18 10:12:52
10:12:55,10:12:55,34.42,--,33,113586,卖盘,2017-07-18,2017-07-18 10:12:55
10:12:58,10:12:58,34.42,--,12,41304,卖盘,2017-07-18,2017-07-18 10:12:58
10:13:01,10:13:01,34.41,-0.01,182,626261,卖盘,2017-07-18,2017-07-18 10:13:01
10:13:04,10:13:04,34.41,--,152,523031,卖盘,2017-07-18,2017-07-18 10:13:04
10:13:07,10:13:07,34.43,0.02,145,499235,买盘,2017-07-18,2017-07-18 10:13:07
10:13:10,10:13:10,34.44,0.01,100,344400,买盘,2017-07-18,2017-07-18 10:13:10
10:13:13,10:13:13,34.4,-0.04,12,41280,卖盘,2017-07-18,2017-07-18 10:13:13
10:13:16,10:13:16,34.39,-0.01,12,41268,卖盘,2017-07-18,2017-07-18 10:13:16
10:13:19,10:13:19,34.39,--,0,0,卖盘,2017-07-18,2017-07-18 10:13:19
10:13:22,10:13:22,34.4,0.01,60,206400,买盘,2017-07-18,2017-07-18 10:13:22
10:13:25,10:13:25,34.4,--,0,0,卖盘,2017-07-18,2017-07-18 10:13:25
10:13:28,10:13:28,34.41,0.01,19,65378,买盘,2017-07-18,2017-07-18 10:13:28
10:13:31,10:13:31,34.4,-0.01,88,302720,卖盘,2017-07-18,2017-07-18 10:13:31
10:13:34,10:13:34,34.43,0.03,116,399388,买盘,2017-07-18,2017-07-18 10:13:34
10:13:37,10:13:37,34.41,-0.02,19,65378,卖盘,2017-07-18,2017-07-18 10:13:37
10:13:40,10:13:40,34.43,0.02,6,20658,卖盘,2017-07-18,2017-07-18 10:13:40
10:13:43,10:13:43,34.41,-0.02,10,34410,中性盘,2017-07-18,2017-07-18 10:13:43
10:13:46,10:13:46,34.43,0.02,119,409717,买盘,2017-07-18,2017-07-18 10:13:46
10:13:49,10:13:49,34.43,--,32,110176,买盘,2017-07-18,2017-07-18 10:13:49
10:13:52,10:13:52,34.4,-0.03,27,92880,中性盘,2017-07-18,2017-07-18 10:13:52
10:13:55,10:13:55,34.4,--,6,20640,买盘,2017-07-18,2017-07-18 10:13:55
10:13:58,10:13:58,34.4,--,10,34400,买盘,2017-07-18,2017-07-18 10:13:58
10:14:01,10:14:01,34.4,--,19,65360,买盘,2017-07-18,2017-07-18 10:14:01
10:14:04,10:14:04,34.38,-0.02,4,13752,卖盘,2017-07-18,2017-07-18 10:14:04
10:14:07,10:14:07,34.38,--,22,75636,卖盘,2017-07-18,2017-07-18 10:14:07
10:14:10,10:14:10,34.38,--,91,312858,卖盘,2017-07-18,2017-07-18 10:14:10
10:14:13,10:14:13,34.38,--,33,113454,卖盘,2017-07-18,2017-07-18 10:14:13
10:14:16,10:14:16,34.37,-0.01,45,154665,卖盘,2017-07-18,2017-07-18 10:14:16
10:14:19,10:14:19,34.37,--,3,10311,买盘,2017-07-18,2017-07-18 10:14:19
10:14:22,10:14:22,34.37,--,12,41244,买盘,2017-07-18,2017-07-18 10:14:22
10:14:25,10:14:25,34.36,-0.01,18,61848,卖盘,2017-07-18,2017-07-18 10:14:25
10:14:28,10:14:28,34.36,--,9,30924,卖盘,2017-07-18,2017-07-18 10:14:28
10:14:31,10:14:31,34.34,-0.02,65,223210,卖盘,2017-07-18,2017-07-18 10:14:31
10:14:34,10:14:34,34.34,--,1,3434,买盘,2017-07-18,2017-07-18 10:14:34
10:14:37,10:14:37,34.34,--,5,17170,买盘,2017-07-18,2017-07-18 10:14:37
10:14:40,10:14:40,34.33,-0.01,13,44629,卖盘,2017-07-18,2017-07-18 10:14:40
10:14:43,10:14:43,34.34,0.01,5,17170,卖盘,2017-07-18,2017-07-18 10:14:43
10:14:46,10:14:46,34.33,-0.01,45,154485,卖盘,2017-07-18,2017-07-18 10:14:46
10:14:55,10:14:55,34.33,--,108,370764,买盘,2017-07-18,2017-07-18 10:14:55
10:14:58,10:14:58,34.3,-0.03,29,99469,卖盘,2017-07-18,2017-07-18 10:14:58
10:15:01,10:15:01,34.3,--,40,137200,卖盘,2017-07-18,2017-07-18 10:15:01
10:15:04,10:15:04,34.31,0.01,24,82344,买盘,2017-07-18,2017-07-18 10:15:04
10:15:07,10:15:07,34.31,--,28,96068,买盘,2017-07-18,2017-07-18 10:15:07
10:15:10,10:15:10,34.3,-0.01,19,65169,卖盘,2017-07-18,2017-07-18 10:15:10
10:15:13,10:15:13,34.28,-0.02,45,154260,卖盘,2017-07-18,2017-07-18 10:15:13
10:15:16,10:15:16,34.28,--,47,161116,卖盘,2017-07-18,2017-07-18 10:15:16
10:15:19,10:15:19,34.35,0.07,114,391590,买盘,2017-07-18,2017-07-18 10:15:19
10:15:22,10:15:22,34.31,-0.04,39,133809,卖盘,2017-07-18,2017-07-18 10:15:22
10:15:25,10:15:25,34.29,-0.02,8,27432,买盘,2017-07-18,2017-07-18 10:15:25
10:15:28,10:15:28,34.2,-0.09,239,817380,卖盘,2017-07-18,2017-07-18 10:15:28
10:15:31,10:15:31,34.2,--,12,41040,买盘,2017-07-18,2017-07-18 10:15:31
10:15:34,10:15:34,34.2,--,8,27360,买盘,2017-07-18,2017-07-18 10:15:34
10:15:37,10:15:37,34.18,-0.02,3,10254,卖盘,2017-07-18,2017-07-18 10:15:37
10:15:40,10:15:40,34.2,0.02,27,92340,买盘,2017-07-18,2017-07-18 10:15:40
10:15:43,10:15:43,34.2,--,43,147060,买盘,2017-07-18,2017-07-18 10:15:43
10:15:46,10:15:46,34.2,--,25,85500,买盘,2017-07-18,2017-07-18 10:15:46
10:15:49,10:15:49,34.2,--,23,78660,卖盘,2017-07-18,2017-07-18 10:15:49
10:15:52,10:15:52,34.2,--,28,95760,卖盘,2017-07-18,2017-07-18 10:15:52
10:15:55,10:15:55,34.22,0.02,49,167678,买盘,2017-07-18,2017-07-18 10:15:55
10:15:58,10:15:58,34.22,--,182,622804,买盘,2017-07-18,2017-07-18 10:15:58
10:16:01,10:16:01,34.21,-0.01,47,160787,中性盘,2017-07-18,2017-07-18 10:16:01
10:16:04,10:16:04,34.21,--,17,58157,卖盘,2017-07-18,2017-07-18 10:16:04
10:16:07,10:16:07,34.25,0.04,7,23975,买盘,2017-07-18,2017-07-18 10:16:07
10:16:10,10:16:10,34.22,-0.03,7,23954,卖盘,2017-07-18,2017-07-18 10:16:10
10:16:13,10:16:13,34.3,0.08,94,322420,买盘,2017-07-18,2017-07-18 10:16:13
10:16:19,10:16:19,34.28,-0.02,16,54848,卖盘,2017-07-18,2017-07-18 10:16:19
10:16:22,10:16:22,34.28,--,4,13712,中性盘,2017-07-18,2017-07-18 10:16:22
10:16:25,10:16:25,34.28,--,1,3428,卖盘,2017-07-18,2017-07-18 10:16:25
10:16:31,10:16:31,34.31,0.03,24,82344,买盘,2017-07-18,2017-07-18 10:16:31
10:16:34,10:16:34,34.28,-0.03,177,606756,卖盘,2017-07-18,2017-07-18 10:16:34
10:16:37,10:16:37,34.34,0.06,80,274720,买盘,2017-07-18,2017-07-18 10:16:37
10:16:40,10:16:40,34.34,--,33,113322,买盘,2017-07-18,2017-07-18 10:16:40
10:16:43,10:16:43,34.34,--,3,10302,卖盘,2017-07-18,2017-07-18 10:16:43
10:16:46,10:16:46,34.34,--,5,17170,卖盘,2017-07-18,2017-07-18 10:16:46
10:16:49,10:16:49,34.34,--,9,30906,卖盘,2017-07-18,2017-07-18 10:16:49
10:16:52,10:16:52,34.28,-0.06,73,250244,卖盘,2017-07-18,2017-07-18 10:16:52
10:16:55,10:16:55,34.3,0.02,11,37730,买盘,2017-07-18,2017-07-18 10:16:55
10:16:58,10:16:58,34.3,--,124,425319,买盘,2017-07-18,2017-07-18 10:16:58
10:17:01,10:17:01,34.3,--,81,277830,买盘,2017-07-18,2017-07-18 10:17:01
10:17:04,10:17:04,34.3,--,10,34300,卖盘,2017-07-18,2017-07-18 10:17:04
10:17:07,10:17:07,34.28,-0.02,40,137120,卖盘,2017-07-18,2017-07-18 10:17:07
10:17:10,10:17:10,34.28,--,15,51420,买盘,2017-07-18,2017-07-18 10:17:10
10:17:13,10:17:13,34.3,0.02,27,92609,买盘,2017-07-18,2017-07-18 10:17:13
10:17:16,10:17:16,34.25,-0.05,3,10275,卖盘,2017-07-18,2017-07-18 10:17:16
10:17:19,10:17:19,34.25,--,28,95900,卖盘,2017-07-18,2017-07-18 10:17:19
10:17:22,10:17:22,34.3,0.05,30,102899,中性盘,2017-07-18,2017-07-18 10:17:22
10:17:25,10:17:25,34.25,-0.05,97,332225,卖盘,2017-07-18,2017-07-18 10:17:25
10:17:28,10:17:28,34.25,--,6,20550,买盘,2017-07-18,2017-07-18 10:17:28
10:17:31,10:17:31,34.26,0.01,8,27408,买盘,2017-07-18,2017-07-18 10:17:31
10:17:34,10:17:34,34.25,-0.01,63,215775,卖盘,2017-07-18,2017-07-18 10:17:34
10:17:37,10:17:37,34.25,--,3,10275,卖盘,2017-07-18,2017-07-18 10:17:37
10:17:43,10:17:43,34.23,-0.02,45,154035,卖盘,2017-07-18,2017-07-18 10:17:43
10:17:46,10:17:46,34.25,0.02,9,30825,买盘,2017-07-18,2017-07-18 10:17:46
10:17:49,10:17:49,34.23,-0.02,8,27383,卖盘,2017-07-18,2017-07-18 10:17:49
10:17:52,10:17:52,34.26,0.03,40,137040,买盘,2017-07-18,2017-07-18 10:17:52
10:17:55,10:17:55,34.25,-0.01,58,198650,卖盘,2017-07-18,2017-07-18 10:17:55
10:17:58,10:17:58,34.25,--,119,407575,卖盘,2017-07-18,2017-07-18 10:17:58
10:18:01,10:18:01,34.29,0.04,18,61722,中性盘,2017-07-18,2017-07-18 10:18:01
10:18:04,10:18:04,34.25,-0.04,15,51375,卖盘,2017-07-18,2017-07-18 10:18:04
10:18:07,10:18:07,34.25,--,36,123300,卖盘,2017-07-18,2017-07-18 10:18:07
10:18:10,10:18:10,34.23,-0.02,81,277263,卖盘,2017-07-18,2017-07-18 10:18:10
10:18:13,10:18:13,34.25,0.02,10,34250,买盘,2017-07-18,2017-07-18 10:18:13
10:18:16,10:18:16,34.3,0.05,57,195509,买盘,2017-07-18,2017-07-18 10:18:16
10:18:22,10:18:22,34.25,-0.05,23,78775,卖盘,2017-07-18,2017-07-18 10:18:22
10:18:25,10:18:25,34.29,0.04,36,123444,买盘,2017-07-18,2017-07-18 10:18:25
10:18:28,10:18:28,34.25,-0.04,8,27400,卖盘,2017-07-18,2017-07-18 10:18:28
10:18:31,10:18:31,34.25,--,5,17125,卖盘,2017-07-18,2017-07-18 10:18:31
10:18:34,10:18:34,34.25,--,32,109600,卖盘,2017-07-18,2017-07-18 10:18:34
10:18:37,10:18:37,34.25,--,2,6850,卖盘,2017-07-18,2017-07-18 10:18:37
10:18:40,10:18:40,34.25,--,20,69527,买盘,2017-07-18,2017-07-18 10:18:40
10:18:43,10:18:43,34.26,0.01,2,6852,卖盘,2017-07-18,2017-07-18 10:18:43
10:18:46,10:18:46,34.22,-0.04,260,889720,卖盘,2017-07-18,2017-07-18 10:18:46
10:18:49,10:18:49,34.23,0.01,41,140343,中性盘,2017-07-18,2017-07-18 10:18:49
10:18:52,10:18:52,34.23,--,40,136920,买盘,2017-07-18,2017-07-18 10:18:52
10:18:55,10:18:55,34.23,--,7,23960,买盘,2017-07-18,2017-07-18 10:18:55
10:18:58,10:18:58,34.23,--,12,41075,买盘,2017-07-18,2017-07-18 10:18:58
10:19:01,10:19:01,34.22,-0.01,77,265889,卖盘,2017-07-18,2017-07-18 10:19:01
10:19:04,10:19:04,34.21,-0.01,68,232628,卖盘,2017-07-18,2017-07-18 10:19:04
10:19:07,10:19:07,34.21,--,10,34210,卖盘,2017-07-18,2017-07-18 10:19:07
10:19:10,10:19:10,34.2,-0.01,116,396720,卖盘,2017-07-18,2017-07-18 10:19:10
10:19:13,10:19:13,34.2,--,13,44460,买盘,2017-07-18,2017-07-18 10:19:13
10:19:16,10:19:16,34.18,-0.02,10,34180,卖盘,2017-07-18,2017-07-18 10:19:16
10:19:19,10:19:19,34.18,--,8,27344,卖盘,2017-07-18,2017-07-18 10:19:19
10:19:22,10:19:22,34.18,--,52,177736,卖盘,2017-07-18,2017-07-18 10:19:22
10:19:25,10:19:25,34.18,--,2,6836,买盘,2017-07-18,2017-07-18 10:19:25
10:19:28,10:19:28,34.16,-0.02,14,47823,卖盘,2017-07-18,2017-07-18 10:19:28
10:19:31,10:19:31,34.17,0.01,2,6834,买盘,2017-07-18,2017-07-18 10:19:31
10:19:34,10:19:34,34.15,-0.02,15,51225,卖盘,2017-07-18,2017-07-18 10:19:34
10:19:37,10:19:37,34.15,--,4,13660,卖盘,2017-07-18,2017-07-18 10:19:37
10:19:40,10:19:40,34.14,-0.01,35,119490,卖盘,2017-07-18,2017-07-18 10:19:40
10:19:43,10:19:43,34.12,-0.02,67,228603,卖盘,2017-07-18,2017-07-18 10:19:43
10:19:46,10:19:46,34.14,0.02,71,242394,买盘,2017-07-18,2017-07-18 10:19:46
10:19:49,10:19:49,34.11,-0.03,17,57987,卖盘,2017-07-18,2017-07-18 10:19:49
10:19:52,10:19:52,34.12,0.01,20,68240,买盘,2017-07-18,2017-07-18 10:19:52
10:19:55,10:19:55,34.11,-0.01,26,88686,卖盘,2017-07-18,2017-07-18 10:19:55
10:19:58,10:19:58,34.11,--,18,61398,卖盘,2017-07-18,2017-07-18 10:19:58
10:20:01,10:20:01,34.12,0.01,172,586864,买盘,2017-07-18,2017-07-18 10:20:01
10:20:04,10:20:04,34.1,-0.02,3,10230,中性盘,2017-07-18,2017-07-18 10:20:04
10:20:07,10:20:07,34.1,--,59,201190,买盘,2017-07-18,2017-07-18 10:20:07
10:20:10,10:20:10,34.1,--,56,190960,卖盘,2017-07-18,2017-07-18 10:20:10
10:20:13,10:20:13,34.09,-0.01,96,327264,卖盘,2017-07-18,2017-07-18 10:20:13
10:20:16,10:20:16,34.09,--,21,71589,卖盘,2017-07-18,2017-07-18 10:20:16
10:20:19,10:20:19,34.09,--,6,20454,卖盘,2017-07-18,2017-07-18 10:20:19
10:20:22,10:20:22,34.1,0.01,55,187550,买盘,2017-07-18,2017-07-18 10:20:22
10:20:25,10:20:25,34.09,-0.01,93,317037,卖盘,2017-07-18,2017-07-18 10:20:25
10:20:28,10:20:28,34.08,-0.01,51,173808,卖盘,2017-07-18,2017-07-18 10:20:28
10:20:31,10:20:31,34.09,0.01,51,173859,买盘,2017-07-18,2017-07-18 10:20:31
10:20:34,10:20:34,34.08,-0.01,153,521424,卖盘,2017-07-18,2017-07-18 10:20:34
10:20:37,10:20:37,34.07,-0.01,7,23849,卖盘,2017-07-18,2017-07-18 10:20:37
10:20:40,10:20:40,34.08,0.01,22,74976,买盘,2017-07-18,2017-07-18 10:20:40
10:20:43,10:20:43,34.08,--,89,303312,买盘,2017-07-18,2017-07-18 10:20:43
10:20:46,10:20:46,34.07,-0.01,87,296409,卖盘,2017-07-18,2017-07-18 10:20:46
10:20:49,10:20:49,34.07,--,18,61326,卖盘,2017-07-18,2017-07-18 10:20:49
10:20:52,10:20:52,34.06,-0.01,74,252044,卖盘,2017-07-18,2017-07-18 10:20:52
10:20:55,10:20:55,34.06,--,22,74932,卖盘,2017-07-18,2017-07-18 10:20:55
10:20:58,10:20:58,34.07,0.01,6,20442,买盘,2017-07-18,2017-07-18 10:20:58
10:21:01,10:21:01,34.07,--,76,258932,买盘,2017-07-18,2017-07-18 10:21:01
10:21:04,10:21:04,34.06,-0.01,8,27248,卖盘,2017-07-18,2017-07-18 10:21:04
10:21:07,10:21:07,34.06,--,108,367848,卖盘,2017-07-18,2017-07-18 10:21:07
10:21:10,10:21:10,34.05,-0.01,32,108959,卖盘,2017-07-18,2017-07-18 10:21:10
10:21:13,10:21:13,34.05,--,91,309855,卖盘,2017-07-18,2017-07-18 10:21:13
10:21:16,10:21:16,34.04,-0.01,23,78292,卖盘,2017-07-18,2017-07-18 10:21:16
10:21:19,10:21:19,34.06,0.02,61,207766,买盘,2017-07-18,2017-07-18 10:21:19
10:21:22,10:21:22,34.03,-0.03,35,119105,卖盘,2017-07-18,2017-07-18 10:21:22
10:21:25,10:21:25,34.04,0.01,32,108928,买盘,2017-07-18,2017-07-18 10:21:25
10:21:28,10:21:28,34.03,-0.01,159,541077,卖盘,2017-07-18,2017-07-18 10:21:28
10:21:31,10:21:31,34.05,0.02,113,384764,买盘,2017-07-18,2017-07-18 10:21:31
10:21:34,10:21:34,34.03,-0.02,181,615943,卖盘,2017-07-18,2017-07-18 10:21:34
10:21:37,10:21:37,34.03,--,31,105493,买盘,2017-07-18,2017-07-18 10:21:37
10:21:40,10:21:40,34.03,--,84,285852,买盘,2017-07-18,2017-07-18 10:21:40
10:21:43,10:21:43,34.03,--,43,146329,买盘,2017-07-18,2017-07-18 10:21:43
10:21:46,10:21:46,34.02,-0.01,65,221130,卖盘,2017-07-18,2017-07-18 10:21:46
10:21:49,10:21:49,34.0,-0.02,559,1900600,卖盘,2017-07-18,2017-07-18 10:21:49
10:21:52,10:21:52,34.0,--,136,462400,买盘,2017-07-18,2017-07-18 10:21:52
10:21:55,10:21:55,33.98,-0.02,129,438341,卖盘,2017-07-18,2017-07-18 10:21:55
10:21:58,10:21:58,33.98,--,89,302422,买盘,2017-07-18,2017-07-18 10:21:58
10:22:01,10:22:01,33.98,--,51,173297,买盘,2017-07-18,2017-07-18 10:22:01
10:22:04,10:22:04,33.98,--,115,390769,卖盘,2017-07-18,2017-07-18 10:22:04
10:22:07,10:22:07,33.97,-0.01,51,173247,卖盘,2017-07-18,2017-07-18 10:22:07
10:22:10,10:22:10,33.98,0.01,61,207277,买盘,2017-07-18,2017-07-18 10:22:10
10:22:13,10:22:13,34.0,0.02,40,136000,买盘,2017-07-18,2017-07-18 10:22:13
10:22:16,10:22:16,34.0,--,77,261800,买盘,2017-07-18,2017-07-18 10:22:16
10:22:19,10:22:19,33.98,-0.02,132,448535,卖盘,2017-07-18,2017-07-18 10:22:19
10:22:22,10:22:22,33.98,--,33,112133,卖盘,2017-07-18,2017-07-18 10:22:22
10:22:25,10:22:25,34.0,0.02,191,649400,买盘,2017-07-18,2017-07-18 10:22:25
10:22:28,10:22:28,34.03,0.03,273,929019,买盘,2017-07-18,2017-07-18 10:22:28
10:22:31,10:22:31,34.0,-0.03,96,326400,卖盘,2017-07-18,2017-07-18 10:22:31
10:22:34,10:22:34,34.0,--,418,1421200,卖盘,2017-07-18,2017-07-18 10:22:34
10:22:37,10:22:37,34.0,--,56,190400,卖盘,2017-07-18,2017-07-18 10:22:37
10:22:40,10:22:40,34.03,0.03,4,13612,买盘,2017-07-18,2017-07-18 10:22:40
10:22:43,10:22:43,34.03,--,62,210986,买盘,2017-07-18,2017-07-18 10:22:43
10:22:46,10:22:46,34.03,--,5,17015,中性盘,2017-07-18,2017-07-18 10:22:46
10:22:49,10:22:49,34.04,0.01,80,272320,买盘,2017-07-18,2017-07-18 10:22:49
10:22:52,10:22:52,34.05,0.01,87,296235,买盘,2017-07-18,2017-07-18 10:22:52
10:22:58,10:22:58,34.04,-0.01,98,333592,卖盘,2017-07-18,2017-07-18 10:22:58
10:23:01,10:23:01,34.05,0.01,64,217919,中性盘,2017-07-18,2017-07-18 10:23:01
10:23:04,10:23:04,34.06,0.01,1,3406,卖盘,2017-07-18,2017-07-18 10:23:04
10:23:07,10:23:07,34.06,--,63,214578,卖盘,2017-07-18,2017-07-18 10:23:07
10:23:10,10:23:10,34.08,0.02,11,37488,买盘,2017-07-18,2017-07-18 10:23:10
10:23:13,10:23:13,34.07,-0.01,1,3407,卖盘,2017-07-18,2017-07-18 10:23:13
10:23:18,10:23:18,34.07,--,95,323665,卖盘,2017-07-18,2017-07-18 10:23:18
10:23:24,10:23:24,34.09,0.02,121,412489,买盘,2017-07-18,2017-07-18 10:23:24
10:23:27,10:23:27,34.08,-0.01,13,44304,卖盘,2017-07-18,2017-07-18 10:23:27
10:23:30,10:23:30,34.07,-0.01,86,293002,卖盘,2017-07-18,2017-07-18 10:23:30
10:23:33,10:23:33,34.1,0.03,70,239723,买盘,2017-07-18,2017-07-18 10:23:33
10:23:36,10:23:36,34.1,--,5,17050,买盘,2017-07-18,2017-07-18 10:23:36
10:23:38,10:23:38,34.1,--,6,20460,买盘,2017-07-18,2017-07-18 10:23:38
10:23:42,10:23:42,34.09,-0.01,51,173859,卖盘,2017-07-18,2017-07-18 10:23:42
10:23:45,10:23:45,34.09,--,121,412489,卖盘,2017-07-18,2017-07-18 10:23:45
10:23:48,10:23:48,34.1,0.01,22,75020,中性盘,2017-07-18,2017-07-18 10:23:48
10:23:51,10:23:51,34.12,0.02,23,78476,买盘,2017-07-18,2017-07-18 10:23:51
10:23:54,10:23:54,34.12,--,36,122831,买盘,2017-07-18,2017-07-18 10:23:54
10:23:57,10:23:57,34.12,--,80,272960,买盘,2017-07-18,2017-07-18 10:23:57
10:24:03,10:24:03,34.13,0.01,15,51195,卖盘,2017-07-18,2017-07-18 10:24:03
10:24:06,10:24:06,34.14,0.01,78,266292,买盘,2017-07-18,2017-07-18 10:24:06
10:24:09,10:24:09,34.14,--,14,47796,买盘,2017-07-18,2017-07-18 10:24:09
10:24:12,10:24:12,34.2,0.06,242,827640,买盘,2017-07-18,2017-07-18 10:24:12
10:24:15,10:24:15,34.2,--,17,58140,卖盘,2017-07-18,2017-07-18 10:24:15
10:24:21,10:24:21,34.2,--,42,143640,卖盘,2017-07-18,2017-07-18 10:24:21
10:24:24,10:24:24,34.21,0.01,36,123156,买盘,2017-07-18,2017-07-18 10:24:24
10:24:27,10:24:27,34.21,--,33,112893,买盘,2017-07-18,2017-07-18 10:24:27
10:24:30,10:24:30,34.21,--,77,263417,买盘,2017-07-18,2017-07-18 10:24:30
10:24:33,10:24:33,34.21,--,1,3421,卖盘,2017-07-18,2017-07-18 10:24:33
10:24:36,10:24:36,34.21,--,17,58157,卖盘,2017-07-18,2017-07-18 10:24:36
10:24:39,10:24:39,34.26,0.05,137,469362,买盘,2017-07-18,2017-07-18 10:24:39
10:24:42,10:24:42,34.22,-0.04,4,13688,卖盘,2017-07-18,2017-07-18 10:24:42
10:24:45,10:24:45,34.22,--,1,3422,卖盘,2017-07-18,2017-07-18 10:24:45
10:24:48,10:24:48,34.23,0.01,1,3422,买盘,2017-07-18,2017-07-18 10:24:48
10:24:51,10:24:51,34.23,--,141,482642,卖盘,2017-07-18,2017-07-18 10:24:51
10:24:54,10:24:54,34.23,--,0,0,卖盘,2017-07-18,2017-07-18 10:24:54
10:24:57,10:24:57,34.27,0.04,68,233036,买盘,2017-07-18,2017-07-18 10:24:57
10:25:00,10:25:00,34.24,-0.03,35,119840,卖盘,2017-07-18,2017-07-18 10:25:00
10:25:03,10:25:03,34.25,0.01,5,17125,买盘,2017-07-18,2017-07-18 10:25:03
10:25:06,10:25:06,34.25,--,11,37675,买盘,2017-07-18,2017-07-18 10:25:06
10:25:09,10:25:09,34.23,-0.02,106,362837,卖盘,2017-07-18,2017-07-18 10:25:09
10:25:12,10:25:12,34.23,--,21,71883,卖盘,2017-07-18,2017-07-18 10:25:12
10:25:15,10:25:15,34.25,0.02,11,37675,买盘,2017-07-18,2017-07-18 10:25:15
10:25:18,10:25:18,34.25,--,31,106175,买盘,2017-07-18,2017-07-18 10:25:18
10:25:21,10:25:21,34.23,-0.02,249,852326,卖盘,2017-07-18,2017-07-18 10:25:21
10:25:24,10:25:24,34.25,0.02,28,95900,买盘,2017-07-18,2017-07-18 10:25:24
10:25:27,10:25:27,34.25,--,45,154125,买盘,2017-07-18,2017-07-18 10:25:27
10:25:31,10:25:31,34.25,--,74,253450,卖盘,2017-07-18,2017-07-18 10:25:31
10:25:34,10:25:34,34.25,--,144,493200,卖盘,2017-07-18,2017-07-18 10:25:34
10:25:36,10:25:36,34.25,--,15,51375,卖盘,2017-07-18,2017-07-18 10:25:36
10:25:40,10:25:40,34.25,--,28,95900,卖盘,2017-07-18,2017-07-18 10:25:40
10:25:42,10:25:42,34.24,-0.01,25,85600,卖盘,2017-07-18,2017-07-18 10:25:42
10:25:45,10:25:45,34.23,-0.01,209,715406,卖盘,2017-07-18,2017-07-18 10:25:45
10:25:49,10:25:49,34.24,0.01,18,61632,买盘,2017-07-18,2017-07-18 10:25:49
10:25:51,10:25:51,34.23,-0.01,45,154035,卖盘,2017-07-18,2017-07-18 10:25:51
10:25:54,10:25:54,34.22,-0.01,185,633070,卖盘,2017-07-18,2017-07-18 10:25:54
10:25:58,10:25:58,34.24,0.02,234,801216,买盘,2017-07-18,2017-07-18 10:25:58
10:26:01,10:26:01,34.22,-0.02,33,112926,卖盘,2017-07-18,2017-07-18 10:26:01
10:26:04,10:26:04,34.23,0.01,43,147189,中性盘,2017-07-18,2017-07-18 10:26:04
10:26:07,10:26:07,34.25,0.02,237,811725,买盘,2017-07-18,2017-07-18 10:26:07
10:26:10,10:26:10,34.24,-0.01,43,147232,买盘,2017-07-18,2017-07-18 10:26:10
10:26:13,10:26:13,34.24,--,50,171200,卖盘,2017-07-18,2017-07-18 10:26:13
10:26:16,10:26:16,34.26,0.02,16,54816,买盘,2017-07-18,2017-07-18 10:26:16
10:26:19,10:26:19,34.28,0.02,107,366796,买盘,2017-07-18,2017-07-18 10:26:19
10:26:22,10:26:22,34.24,-0.04,128,438272,卖盘,2017-07-18,2017-07-18 10:26:22
10:26:25,10:26:25,34.29,0.05,16,54864,买盘,2017-07-18,2017-07-18 10:26:25
10:26:28,10:26:28,34.29,--,0,0,买盘,2017-07-18,2017-07-18 10:26:28
10:26:31,10:26:31,34.26,-0.03,3,10278,卖盘,2017-07-18,2017-07-18 10:26:31
10:26:34,10:26:34,34.24,-0.02,10,34240,卖盘,2017-07-18,2017-07-18 10:26:34
10:26:37,10:26:37,34.24,--,0,0,卖盘,2017-07-18,2017-07-18 10:26:37
10:26:40,10:26:40,34.25,0.01,5,17125,卖盘,2017-07-18,2017-07-18 10:26:40
10:26:43,10:26:43,34.26,0.01,35,119910,卖盘,2017-07-18,2017-07-18 10:26:43
10:26:49,10:26:49,34.26,--,19,65093,卖盘,2017-07-18,2017-07-18 10:26:49
10:26:52,10:26:52,34.26,--,5,17130,卖盘,2017-07-18,2017-07-18 10:26:52
10:26:55,10:26:55,34.26,--,20,68520,卖盘,2017-07-18,2017-07-18 10:26:55
10:26:58,10:26:58,34.26,--,14,47964,卖盘,2017-07-18,2017-07-18 10:26:58
10:27:01,10:27:01,34.24,-0.02,35,119840,卖盘,2017-07-18,2017-07-18 10:27:01
10:27:04,10:27:04,34.26,0.02,36,123336,买盘,2017-07-18,2017-07-18 10:27:04
10:27:07,10:27:07,34.27,0.01,12,41124,卖盘,2017-07-18,2017-07-18 10:27:07
10:27:10,10:27:10,34.21,-0.06,62,212102,卖盘,2017-07-18,2017-07-18 10:27:10
10:27:13,10:27:13,34.21,--,0,0,卖盘,2017-07-18,2017-07-18 10:27:13
10:27:16,10:27:16,34.21,--,37,126577,卖盘,2017-07-18,2017-07-18 10:27:16
10:27:19,10:27:19,34.27,0.06,8,27416,买盘,2017-07-18,2017-07-18 10:27:19
10:27:22,10:27:22,34.21,-0.06,4,13684,卖盘,2017-07-18,2017-07-18 10:27:22
10:27:25,10:27:25,34.21,--,1,3421,卖盘,2017-07-18,2017-07-18 10:27:25
10:27:28,10:27:28,34.24,0.03,5,17120,买盘,2017-07-18,2017-07-18 10:27:28
10:27:31,10:27:31,34.26,0.02,1,3426,买盘,2017-07-18,2017-07-18 10:27:31
10:27:34,10:27:34,34.21,-0.05,127,434467,卖盘,2017-07-18,2017-07-18 10:27:34
10:27:37,10:27:37,34.22,0.01,11,37642,买盘,2017-07-18,2017-07-18 10:27:37
10:27:40,10:27:40,34.24,0.02,23,78752,买盘,2017-07-18,2017-07-18 10:27:40
10:27:43,10:27:43,34.22,-0.02,5,17110,卖盘,2017-07-18,2017-07-18 10:27:43
10:27:46,10:27:46,34.24,0.02,12,41088,买盘,2017-07-18,2017-07-18 10:27:46
10:27:49,10:27:49,34.24,--,14,47936,买盘,2017-07-18,2017-07-18 10:27:49
10:27:52,10:27:52,34.22,-0.02,54,184788,卖盘,2017-07-18,2017-07-18 10:27:52
10:27:55,10:27:55,34.24,0.02,14,47936,买盘,2017-07-18,2017-07-18 10:27:55
10:27:58,10:27:58,34.21,-0.03,32,109472,卖盘,2017-07-18,2017-07-18 10:27:58
10:28:01,10:28:01,34.21,--,40,136840,卖盘,2017-07-18,2017-07-18 10:28:01
10:28:07,10:28:07,34.2,-0.01,23,78660,卖盘,2017-07-18,2017-07-18 10:28:07
10:28:13,10:28:13,34.2,--,39,133380,卖盘,2017-07-18,2017-07-18 10:28:13
10:28:16,10:28:16,34.22,0.02,62,212164,买盘,2017-07-18,2017-07-18 10:28:16
10:28:19,10:28:19,34.21,-0.01,2,6842,卖盘,2017-07-18,2017-07-18 10:28:19
10:28:22,10:28:22,34.21,--,62,212102,卖盘,2017-07-18,2017-07-18 10:28:22
10:28:25,10:28:25,34.21,--,20,68420,卖盘,2017-07-18,2017-07-18 10:28:25
10:28:28,10:28:28,34.21,--,8,27368,卖盘,2017-07-18,2017-07-18 10:28:28
10:28:31,10:28:31,34.24,0.03,98,335552,买盘,2017-07-18,2017-07-18 10:28:31
10:28:34,10:28:34,34.21,-0.03,7,23947,卖盘,2017-07-18,2017-07-18 10:28:34
10:28:37,10:28:37,34.22,0.01,22,75284,卖盘,2017-07-18,2017-07-18 10:28:37
10:28:40,10:28:40,34.21,-0.01,22,75262,卖盘,2017-07-18,2017-07-18 10:28:40
10:28:43,10:28:43,34.21,--,3,10263,卖盘,2017-07-18,2017-07-18 10:28:43
10:28:46,10:28:46,34.21,--,0,0,卖盘,2017-07-18,2017-07-18 10:28:46
10:28:49,10:28:49,34.22,0.01,1,3422,买盘,2017-07-18,2017-07-18 10:28:49
10:28:52,10:28:52,34.21,-0.01,15,51315,卖盘,2017-07-18,2017-07-18 10:28:52
10:28:55,10:28:55,34.23,0.02,3,10268,买盘,2017-07-18,2017-07-18 10:28:55
10:28:58,10:28:58,34.21,-0.02,20,68420,卖盘,2017-07-18,2017-07-18 10:28:58
10:29:01,10:29:01,34.21,--,50,171050,卖盘,2017-07-18,2017-07-18 10:29:01
10:29:07,10:29:07,34.22,0.01,63,215586,买盘,2017-07-18,2017-07-18 10:29:07
10:29:10,10:29:10,34.21,-0.01,15,51315,卖盘,2017-07-18,2017-07-18 10:29:10
10:29:13,10:29:13,34.21,--,38,129998,卖盘,2017-07-18,2017-07-18 10:29:13
10:29:16,10:29:16,34.21,--,1,3421,买盘,2017-07-18,2017-07-18 10:29:16
10:29:25,10:29:25,34.2,-0.01,11,37620,卖盘,2017-07-18,2017-07-18 10:29:25
10:29:28,10:29:28,34.2,--,30,102600,卖盘,2017-07-18,2017-07-18 10:29:28
10:29:31,10:29:31,34.2,--,16,54720,卖盘,2017-07-18,2017-07-18 10:29:31
10:29:37,10:29:37,34.2,--,68,232560,买盘,2017-07-18,2017-07-18 10:29:37
10:29:40,10:29:40,34.2,--,0,0,买盘,2017-07-18,2017-07-18 10:29:40
10:29:43,10:29:43,34.18,-0.02,1,3418,买盘,2017-07-18,2017-07-18 10:29:43
10:29:46,10:29:46,34.18,--,5,17090,中性盘,2017-07-18,2017-07-18 10:29:46
10:29:49,10:29:49,34.15,-0.03,2,6830,卖盘,2017-07-18,2017-07-18 10:29:49
10:29:52,10:29:52,34.18,0.03,15,51270,买盘,2017-07-18,2017-07-18 10:29:52
10:29:55,10:29:55,34.15,-0.03,18,61470,卖盘,2017-07-18,2017-07-18 10:29:55
10:30:01,10:30:01,34.15,--,0,0,卖盘,2017-07-18,2017-07-18 10:30:01
10:30:04,10:30:04,34.16,0.01,2,6831,卖盘,2017-07-18,2017-07-18 10:30:04
10:30:07,10:30:07,34.15,-0.01,11,37565,卖盘,2017-07-18,2017-07-18 10:30:07
10:30:10,10:30:10,34.18,0.03,11,37598,买盘,2017-07-18,2017-07-18 10:30:10
10:30:13,10:30:13,34.15,-0.03,20,68300,卖盘,2017-07-18,2017-07-18 10:30:13
10:30:16,10:30:16,34.15,--,18,61470,卖盘,2017-07-18,2017-07-18 10:30:16
10:30:19,10:30:19,34.15,--,4,13660,买盘,2017-07-18,2017-07-18 10:30:19
10:30:25,10:30:25,34.15,--,15,51225,买盘,2017-07-18,2017-07-18 10:30:25
10:30:28,10:30:28,34.15,--,31,105865,买盘,2017-07-18,2017-07-18 10:30:28
10:30:31,10:30:31,34.14,-0.01,5,17070,卖盘,2017-07-18,2017-07-18 10:30:31
10:30:34,10:30:34,34.14,--,4,13656,卖盘,2017-07-18,2017-07-18 10:30:34
10:30:37,10:30:37,34.15,0.01,38,129770,买盘,2017-07-18,2017-07-18 10:30:37
10:30:43,10:30:43,34.14,-0.01,20,68280,卖盘,2017-07-18,2017-07-18 10:30:43
10:30:46,10:30:46,34.14,--,13,44382,卖盘,2017-07-18,2017-07-18 10:30:46
10:30:49,10:30:49,34.14,--,21,71694,买盘,2017-07-18,2017-07-18 10:30:49
10:30:55,10:30:55,34.13,-0.01,15,51195,卖盘,2017-07-18,2017-07-18 10:30:55
10:30:58,10:30:58,34.14,0.01,21,71694,买盘,2017-07-18,2017-07-18 10:30:58
10:31:01,10:31:01,34.13,-0.01,29,98977,卖盘,2017-07-18,2017-07-18 10:31:01
10:31:04,10:31:04,34.13,--,25,85325,卖盘,2017-07-18,2017-07-18 10:31:04
10:31:10,10:31:10,34.14,0.01,110,375540,买盘,2017-07-18,2017-07-18 10:31:10
10:31:13,10:31:13,34.14,--,5,17070,卖盘,2017-07-18,2017-07-18 10:31:13
10:31:16,10:31:16,34.14,--,10,34140,卖盘,2017-07-18,2017-07-18 10:31:16
10:31:22,10:31:22,34.15,0.01,41,140015,买盘,2017-07-18,2017-07-18 10:31:22
10:31:25,10:31:25,34.14,-0.01,76,259464,卖盘,2017-07-18,2017-07-18 10:31:25
10:31:28,10:31:28,34.14,--,35,119490,买盘,2017-07-18,2017-07-18 10:31:28
10:31:31,10:31:31,34.14,--,2,6828,买盘,2017-07-18,2017-07-18 10:31:31
10:31:34,10:31:34,34.13,-0.01,20,68260,卖盘,2017-07-18,2017-07-18 10:31:34
10:31:37,10:31:37,34.13,--,0,0,卖盘,2017-07-18,2017-07-18 10:31:37
10:31:43,10:31:43,34.12,-0.01,210,716520,卖盘,2017-07-18,2017-07-18 10:31:43
10:31:46,10:31:46,34.18,0.06,11,37598,买盘,2017-07-18,2017-07-18 10:31:46
10:31:49,10:31:49,34.16,-0.02,4,13663,卖盘,2017-07-18,2017-07-18 10:31:49
10:31:52,10:31:52,34.19,0.03,58,198302,买盘,2017-07-18,2017-07-18 10:31:52
10:31:55,10:31:55,34.15,-0.04,23,78545,卖盘,2017-07-18,2017-07-18 10:31:55
10:31:58,10:31:58,34.15,--,31,105865,买盘,2017-07-18,2017-07-18 10:31:58
10:32:01,10:32:01,34.15,--,1,3415,买盘,2017-07-18,2017-07-18 10:32:01
10:32:04,10:32:04,34.15,--,12,40980,买盘,2017-07-18,2017-07-18 10:32:04
10:32:07,10:32:07,34.15,--,33,112695,买盘,2017-07-18,2017-07-18 10:32:07
10:32:10,10:32:10,34.19,0.04,37,126502,买盘,2017-07-18,2017-07-18 10:32:10
10:32:13,10:32:13,34.15,-0.04,50,170750,卖盘,2017-07-18,2017-07-18 10:32:13
10:32:16,10:32:16,34.2,0.05,106,362656,买盘,2017-07-18,2017-07-18 10:32:16
10:32:19,10:32:19,34.2,--,18,61560,卖盘,2017-07-18,2017-07-18 10:32:19
10:32:25,10:32:25,34.21,0.01,50,171050,买盘,2017-07-18,2017-07-18 10:32:25
10:32:28,10:32:28,34.21,--,4,13684,买盘,2017-07-18,2017-07-18 10:32:28
10:32:31,10:32:31,34.2,-0.01,62,215323,卖盘,2017-07-18,2017-07-18 10:32:31
10:32:34,10:32:34,34.21,0.01,46,157366,买盘,2017-07-18,2017-07-18 10:32:34
10:32:37,10:32:37,34.2,-0.01,57,195076,中性盘,2017-07-18,2017-07-18 10:32:37
10:32:49,10:32:49,34.22,0.02,14,47908,买盘,2017-07-18,2017-07-18 10:32:49
10:32:52,10:32:52,34.22,--,12,41064,买盘,2017-07-18,2017-07-18 10:32:52
10:32:55,10:32:55,34.22,--,10,34220,买盘,2017-07-18,2017-07-18 10:32:55
10:32:58,10:32:58,34.23,0.01,13,44498,买盘,2017-07-18,2017-07-18 10:32:58
10:33:01,10:33:01,34.23,--,5,17115,买盘,2017-07-18,2017-07-18 10:33:01
10:33:04,10:33:04,34.23,--,19,65036,买盘,2017-07-18,2017-07-18 10:33:04
10:33:07,10:33:07,34.26,0.03,308,1055208,买盘,2017-07-18,2017-07-18 10:33:07
10:33:10,10:33:10,34.23,-0.03,48,164303,卖盘,2017-07-18,2017-07-18 10:33:10
10:33:13,10:33:13,34.23,--,0,0,卖盘,2017-07-18,2017-07-18 10:33:13
10:33:16,10:33:16,34.23,--,39,133497,卖盘,2017-07-18,2017-07-18 10:33:16
10:33:19,10:33:19,34.27,0.04,30,102810,买盘,2017-07-18,2017-07-18 10:33:19
10:33:22,10:33:22,34.28,0.01,16,54848,买盘,2017-07-18,2017-07-18 10:33:22
10:33:25,10:33:25,34.27,-0.01,4,13708,中性盘,2017-07-18,2017-07-18 10:33:25
10:33:28,10:33:28,34.28,0.01,101,346228,买盘,2017-07-18,2017-07-18 10:33:28
10:33:31,10:33:31,34.28,--,9,30852,买盘,2017-07-18,2017-07-18 10:33:31
10:33:34,10:33:34,34.3,0.02,45,154350,买盘,2017-07-18,2017-07-18 10:33:34
10:33:37,10:33:37,34.27,-0.03,17,58259,卖盘,2017-07-18,2017-07-18 10:33:37
10:33:43,10:33:43,34.27,--,0,0,卖盘,2017-07-18,2017-07-18 10:33:43
10:33:46,10:33:46,34.32,0.05,63,216216,买盘,2017-07-18,2017-07-18 10:33:46
10:33:49,10:33:49,34.32,--,8,27456,买盘,2017-07-18,2017-07-18 10:33:49
10:33:52,10:33:52,34.32,--,51,175032,买盘,2017-07-18,2017-07-18 10:33:52
10:33:55,10:33:55,34.33,0.01,42,144186,买盘,2017-07-18,2017-07-18 10:33:55
10:33:58,10:33:58,34.39,0.06,272,935408,买盘,2017-07-18,2017-07-18 10:33:58
10:34:01,10:34:01,34.4,0.01,2,6880,买盘,2017-07-18,2017-07-18 10:34:01
10:34:04,10:34:04,34.4,--,52,178880,买盘,2017-07-18,2017-07-18 10:34:04
10:34:07,10:34:07,34.4,--,7,24080,买盘,2017-07-18,2017-07-18 10:34:07
10:34:10,10:34:10,34.4,--,33,113520,买盘,2017-07-18,2017-07-18 10:34:10
10:34:13,10:34:13,34.39,-0.01,10,34390,买盘,2017-07-18,2017-07-18 10:34:13
10:34:16,10:34:16,34.37,-0.02,42,144354,卖盘,2017-07-18,2017-07-18 10:34:16
10:34:19,10:34:19,34.39,0.02,2,6878,买盘,2017-07-18,2017-07-18 10:34:19
10:34:22,10:34:22,34.4,0.01,363,1248720,买盘,2017-07-18,2017-07-18 10:34:22
10:34:25,10:34:25,34.4,--,12,41280,买盘,2017-07-18,2017-07-18 10:34:25
10:34:28,10:34:28,34.37,-0.03,5,17185,卖盘,2017-07-18,2017-07-18 10:34:28
10:34:31,10:34:31,34.4,0.03,130,447200,买盘,2017-07-18,2017-07-18 10:34:31
10:34:34,10:34:34,34.39,-0.01,61,209779,中性盘,2017-07-18,2017-07-18 10:34:34
10:34:37,10:34:37,34.39,--,0,0,买盘,2017-07-18,2017-07-18 10:34:37
10:34:40,10:34:40,34.38,-0.01,14,48132,买盘,2017-07-18,2017-07-18 10:34:40
10:34:43,10:34:43,34.41,0.03,224,770783,买盘,2017-07-18,2017-07-18 10:34:43
10:34:46,10:34:46,34.39,-0.02,7,24073,中性盘,2017-07-18,2017-07-18 10:34:46
10:34:49,10:34:49,34.39,--,16,55024,买盘,2017-07-18,2017-07-18 10:34:49
10:34:52,10:34:52,34.39,--,2,6878,买盘,2017-07-18,2017-07-18 10:34:52
10:34:55,10:34:55,34.39,--,15,51585,买盘,2017-07-18,2017-07-18 10:34:55
10:34:58,10:34:58,34.4,0.01,2,6880,买盘,2017-07-18,2017-07-18 10:34:58
10:35:01,10:35:01,34.4,--,3,10320,买盘,2017-07-18,2017-07-18 10:35:01
10:35:04,10:35:04,34.4,--,1,3440,买盘,2017-07-18,2017-07-18 10:35:04
10:35:07,10:35:07,34.4,--,15,51600,买盘,2017-07-18,2017-07-18 10:35:07
10:35:10,10:35:10,34.4,--,18,61920,买盘,2017-07-18,2017-07-18 10:35:10
10:35:13,10:35:13,34.4,--,38,130720,买盘,2017-07-18,2017-07-18 10:35:13
10:35:16,10:35:16,34.4,--,88,302720,买盘,2017-07-18,2017-07-18 10:35:16
10:35:19,10:35:19,34.4,--,56,192640,卖盘,2017-07-18,2017-07-18 10:35:19
10:35:22,10:35:22,34.39,-0.01,280,962920,卖盘,2017-07-18,2017-07-18 10:35:22
10:35:25,10:35:25,34.4,0.01,14,48160,买盘,2017-07-18,2017-07-18 10:35:25
10:35:28,10:35:28,34.4,--,8,27520,买盘,2017-07-18,2017-07-18 10:35:28
10:35:31,10:35:31,34.4,--,19,65360,买盘,2017-07-18,2017-07-18 10:35:31
10:35:34,10:35:34,34.4,--,76,261440,买盘,2017-07-18,2017-07-18 10:35:34
10:35:37,10:35:37,34.39,-0.01,106,364534,卖盘,2017-07-18,2017-07-18 10:35:37
10:35:40,10:35:40,34.39,--,132,453948,卖盘,2017-07-18,2017-07-18 10:35:40
10:35:43,10:35:43,34.39,--,96,330144,卖盘,2017-07-18,2017-07-18 10:35:43
10:35:46,10:35:46,34.38,-0.01,63,216594,卖盘,2017-07-18,2017-07-18 10:35:46
10:35:52,10:35:52,34.39,0.01,16,55024,买盘,2017-07-18,2017-07-18 10:35:52
10:35:55,10:35:55,34.39,--,8,27512,买盘,2017-07-18,2017-07-18 10:35:55
10:35:58,10:35:58,34.39,--,151,519289,买盘,2017-07-18,2017-07-18 10:35:58
10:36:01,10:36:01,34.36,-0.03,146,501656,卖盘,2017-07-18,2017-07-18 10:36:01
10:36:04,10:36:04,34.35,-0.01,11,37785,卖盘,2017-07-18,2017-07-18 10:36:04
10:36:07,10:36:07,34.38,0.03,1,3438,中性盘,2017-07-18,2017-07-18 10:36:07
10:36:10,10:36:10,34.38,--,11,37818,买盘,2017-07-18,2017-07-18 10:36:10
10:36:16,10:36:16,34.38,--,7,24066,买盘,2017-07-18,2017-07-18 10:36:16
10:36:19,10:36:19,34.38,--,14,48132,买盘,2017-07-18,2017-07-18 10:36:19
10:36:22,10:36:22,34.35,-0.03,4,13740,卖盘,2017-07-18,2017-07-18 10:36:22
10:36:25,10:36:25,34.35,--,504,1731240,卖盘,2017-07-18,2017-07-18 10:36:25
10:36:28,10:36:28,34.35,--,3,10305,卖盘,2017-07-18,2017-07-18 10:36:28
10:36:31,10:36:31,34.35,--,4,13740,卖盘,2017-07-18,2017-07-18 10:36:31
10:36:34,10:36:34,34.35,--,5,17175,买盘,2017-07-18,2017-07-18 10:36:34
10:36:37,10:36:37,34.34,-0.01,2,6868,卖盘,2017-07-18,2017-07-18 10:36:37
10:36:40,10:36:40,34.35,0.01,11,37785,买盘,2017-07-18,2017-07-18 10:36:40
10:36:43,10:36:43,34.35,--,17,58395,卖盘,2017-07-18,2017-07-18 10:36:43
10:36:46,10:36:46,34.35,--,1,3435,卖盘,2017-07-18,2017-07-18 10:36:46
10:36:49,10:36:49,34.35,--,10,34350,卖盘,2017-07-18,2017-07-18 10:36:49
10:36:52,10:36:52,34.37,0.02,22,75614,买盘,2017-07-18,2017-07-18 10:36:52
10:36:55,10:36:55,34.35,-0.02,37,127095,卖盘,2017-07-18,2017-07-18 10:36:55
10:36:58,10:36:58,34.35,--,27,92745,卖盘,2017-07-18,2017-07-18 10:36:58
10:37:01,10:37:01,34.36,0.01,3,10308,卖盘,2017-07-18,2017-07-18 10:37:01
10:37:07,10:37:07,34.36,--,16,54976,卖盘,2017-07-18,2017-07-18 10:37:07
10:37:10,10:37:10,34.37,0.01,70,240589,买盘,2017-07-18,2017-07-18 10:37:10
10:37:16,10:37:16,34.37,--,11,37807,卖盘,2017-07-18,2017-07-18 10:37:16
10:37:22,10:37:22,34.37,--,27,92799,卖盘,2017-07-18,2017-07-18 10:37:22
10:37:25,10:37:25,34.37,--,7,24059,卖盘,2017-07-18,2017-07-18 10:37:25
10:37:28,10:37:28,34.37,--,1,3436,卖盘,2017-07-18,2017-07-18 10:37:28
10:37:31,10:37:31,34.38,0.01,11,37818,买盘,2017-07-18,2017-07-18 10:37:31
10:37:34,10:37:34,34.38,--,34,116892,买盘,2017-07-18,2017-07-18 10:37:34
10:37:37,10:37:37,34.38,--,3,10314,买盘,2017-07-18,2017-07-18 10:37:37
10:37:40,10:37:40,34.38,--,14,48132,买盘,2017-07-18,2017-07-18 10:37:40
10:37:43,10:37:43,34.37,-0.01,2,6873,卖盘,2017-07-18,2017-07-18 10:37:43
10:37:49,10:37:49,34.38,0.01,11,37818,买盘,2017-07-18,2017-07-18 10:37:49
10:37:52,10:37:52,34.38,--,20,68760,买盘,2017-07-18,2017-07-18 10:37:52
10:37:55,10:37:55,34.38,--,17,58446,买盘,2017-07-18,2017-07-18 10:37:55
10:37:58,10:37:58,34.39,0.01,27,92853,买盘,2017-07-18,2017-07-18 10:37:58
10:38:01,10:38:01,34.4,0.01,84,288960,买盘,2017-07-18,2017-07-18 10:38:01
10:38:04,10:38:04,34.4,--,5,17200,买盘,2017-07-18,2017-07-18 10:38:04
10:38:07,10:38:07,34.4,--,72,247680,买盘,2017-07-18,2017-07-18 10:38:07
10:38:10,10:38:10,34.4,--,0,0,买盘,2017-07-18,2017-07-18 10:38:10
10:38:13,10:38:13,34.42,0.02,310,1067020,买盘,2017-07-18,2017-07-18 10:38:13
10:38:16,10:38:16,34.43,0.01,19,65417,买盘,2017-07-18,2017-07-18 10:38:16
10:38:22,10:38:22,34.42,-0.01,37,127354,卖盘,2017-07-18,2017-07-18 10:38:22
10:38:25,10:38:25,34.41,-0.01,127,437006,卖盘,2017-07-18,2017-07-18 10:38:25
10:38:28,10:38:28,34.42,0.01,1,3442,买盘,2017-07-18,2017-07-18 10:38:28
10:38:31,10:38:31,34.42,--,107,368294,买盘,2017-07-18,2017-07-18 10:38:31
10:38:34,10:38:34,34.45,0.03,68,234260,买盘,2017-07-18,2017-07-18 10:38:34
10:38:37,10:38:37,34.42,-0.03,6,20652,买盘,2017-07-18,2017-07-18 10:38:37
10:38:40,10:38:40,34.42,--,45,154890,买盘,2017-07-18,2017-07-18 10:38:40
10:38:43,10:38:43,34.43,0.01,63,216909,买盘,2017-07-18,2017-07-18 10:38:43
10:38:46,10:38:46,34.42,-0.01,63,216846,卖盘,2017-07-18,2017-07-18 10:38:46
10:38:49,10:38:49,34.43,0.01,94,323642,买盘,2017-07-18,2017-07-18 10:38:49
10:38:52,10:38:52,34.42,-0.01,35,120470,卖盘,2017-07-18,2017-07-18 10:38:52
10:38:55,10:38:55,34.42,--,221,760682,买盘,2017-07-18,2017-07-18 10:38:55
10:38:58,10:38:58,34.43,0.01,41,141163,买盘,2017-07-18,2017-07-18 10:38:58
10:39:01,10:39:01,34.42,-0.01,23,79166,卖盘,2017-07-18,2017-07-18 10:39:01
10:39:04,10:39:04,34.42,--,129,444018,卖盘,2017-07-18,2017-07-18 10:39:04
10:39:07,10:39:07,34.43,0.01,152,523336,买盘,2017-07-18,2017-07-18 10:39:07
10:39:10,10:39:10,34.42,-0.01,32,110144,卖盘,2017-07-18,2017-07-18 10:39:10
10:39:13,10:39:13,34.41,-0.01,46,158285,卖盘,2017-07-18,2017-07-18 10:39:13
10:39:16,10:39:16,34.42,0.01,71,244382,买盘,2017-07-18,2017-07-18 10:39:16
10:39:19,10:39:19,34.42,--,55,189310,卖盘,2017-07-18,2017-07-18 10:39:19
10:39:22,10:39:22,34.42,--,18,61956,卖盘,2017-07-18,2017-07-18 10:39:22
10:39:25,10:39:25,34.41,-0.01,4,13763,卖盘,2017-07-18,2017-07-18 10:39:25
10:39:28,10:39:28,34.41,--,2,6881,买盘,2017-07-18,2017-07-18 10:39:28
10:39:31,10:39:31,34.42,0.01,118,406156,买盘,2017-07-18,2017-07-18 10:39:31
10:39:34,10:39:34,34.42,--,8,27536,买盘,2017-07-18,2017-07-18 10:39:34
10:39:37,10:39:37,34.4,-0.02,13,44720,卖盘,2017-07-18,2017-07-18 10:39:37
10:39:40,10:39:40,34.39,-0.01,10,34390,卖盘,2017-07-18,2017-07-18 10:39:40
10:39:43,10:39:43,34.38,-0.01,41,140958,卖盘,2017-07-18,2017-07-18 10:39:43
10:39:46,10:39:46,34.4,0.02,11,37840,买盘,2017-07-18,2017-07-18 10:39:46
10:39:49,10:39:49,34.39,-0.01,31,106609,卖盘,2017-07-18,2017-07-18 10:39:49
10:39:52,10:39:52,34.39,--,12,41268,买盘,2017-07-18,2017-07-18 10:39:52
10:39:55,10:39:55,34.38,-0.01,6,20628,卖盘,2017-07-18,2017-07-18 10:39:55
10:40:01,10:40:01,34.38,--,97,333486,卖盘,2017-07-18,2017-07-18 10:40:01
10:40:04,10:40:04,34.39,0.01,29,99731,买盘,2017-07-18,2017-07-18 10:40:04
10:40:07,10:40:07,34.37,-0.02,81,278397,卖盘,2017-07-18,2017-07-18 10:40:07
10:40:10,10:40:10,34.38,0.01,2,6876,买盘,2017-07-18,2017-07-18 10:40:10
10:40:13,10:40:13,34.38,--,6,20628,买盘,2017-07-18,2017-07-18 10:40:13
10:40:16,10:40:16,34.38,--,24,82512,买盘,2017-07-18,2017-07-18 10:40:16
10:40:19,10:40:19,34.39,0.01,12,41268,买盘,2017-07-18,2017-07-18 10:40:19
10:40:22,10:40:22,34.37,-0.02,23,79051,卖盘,2017-07-18,2017-07-18 10:40:22
10:40:25,10:40:25,34.37,--,38,130605,卖盘,2017-07-18,2017-07-18 10:40:25
10:40:28,10:40:28,34.37,--,25,85925,卖盘,2017-07-18,2017-07-18 10:40:28
10:40:31,10:40:31,34.37,--,43,147791,卖盘,2017-07-18,2017-07-18 10:40:31
10:40:34,10:40:34,34.38,0.01,40,137520,买盘,2017-07-18,2017-07-18 10:40:34
10:40:37,10:40:37,34.37,-0.01,2,6873,卖盘,2017-07-18,2017-07-18 10:40:37
10:40:40,10:40:40,34.37,--,18,61865,卖盘,2017-07-18,2017-07-18 10:40:40
10:40:43,10:40:43,34.38,0.01,5,17190,买盘,2017-07-18,2017-07-18 10:40:43
10:40:52,10:40:52,34.36,-0.02,52,178672,卖盘,2017-07-18,2017-07-18 10:40:52
10:40:55,10:40:55,34.36,--,210,721560,卖盘,2017-07-18,2017-07-18 10:40:55
10:40:58,10:40:58,34.36,--,41,140876,卖盘,2017-07-18,2017-07-18 10:40:58
10:41:04,10:41:04,34.36,--,46,158056,卖盘,2017-07-18,2017-07-18 10:41:04
10:41:07,10:41:07,34.36,--,2,6872,卖盘,2017-07-18,2017-07-18 10:41:07
10:41:10,10:41:10,34.35,-0.01,93,319455,卖盘,2017-07-18,2017-07-18 10:41:10
10:41:13,10:41:13,34.36,0.01,15,51540,买盘,2017-07-18,2017-07-18 10:41:13
10:41:22,10:41:22,34.35,-0.01,30,103050,卖盘,2017-07-18,2017-07-18 10:41:22
10:41:25,10:41:25,34.35,--,21,72135,卖盘,2017-07-18,2017-07-18 10:41:25
10:41:28,10:41:28,34.35,--,38,130530,卖盘,2017-07-18,2017-07-18 10:41:28
10:41:31,10:41:31,34.35,--,36,123660,卖盘,2017-07-18,2017-07-18 10:41:31
10:41:34,10:41:34,34.35,--,59,202665,卖盘,2017-07-18,2017-07-18 10:41:34
10:41:37,10:41:37,34.33,-0.02,25,85825,卖盘,2017-07-18,2017-07-18 10:41:37
10:41:40,10:41:40,34.35,0.02,1,3435,买盘,2017-07-18,2017-07-18 10:41:40
10:41:43,10:41:43,34.35,--,0,0,买盘,2017-07-18,2017-07-18 10:41:43
10:41:46,10:41:46,34.33,-0.02,10,34330,卖盘,2017-07-18,2017-07-18 10:41:46
10:41:55,10:41:55,34.33,--,18,61794,卖盘,2017-07-18,2017-07-18 10:41:55
10:41:58,10:41:58,34.33,--,75,257475,卖盘,2017-07-18,2017-07-18 10:41:58
