idx_time,time,price,change,volume,amount,type,date,date_time
09:25:01,09:25:01,33.18,33.18,4232,14041776,买盘,2017-07-17,2017-07-17 09:25:01
09:29:00,09:29:00,33.18,--,0,0,买盘,2017-07-17,2017-07-17 09:29:00
09:30:03,09:30:03,33.2,0.02,2350,7802000,买盘,2017-07-17,2017-07-17 09:30:03
09:30:06,09:30:06,33.11,-0.09,5335,17664185,卖盘,2017-07-17,2017-07-17 09:30:06
09:30:09,09:30:09,33.17,0.06,820,2719940,买盘,2017-07-17,2017-07-17 09:30:09
09:30:12,09:30:12,33.18,0.01,29,96222,买盘,2017-07-17,2017-07-17 09:30:12
09:30:15,09:30:15,33.13,-0.05,45,149085,卖盘,2017-07-17,2017-07-17 09:30:15
09:30:18,09:30:18,33.0,-0.13,640,2112000,卖盘,2017-07-17,2017-07-17 09:30:18
09:30:21,09:30:21,33.19,0.19,373,1237987,卖盘,2017-07-17,2017-07-17 09:30:21
09:30:24,09:30:24,33.2,0.01,73,242360,中性盘,2017-07-17,2017-07-17 09:30:24
09:30:27,09:30:27,33.21,0.01,135,448335,中性盘,2017-07-17,2017-07-17 09:30:27
09:30:30,09:30:30,33.19,-0.02,109,361771,卖盘,2017-07-17,2017-07-17 09:30:30
09:30:33,09:30:33,33.26,0.07,52,172952,买盘,2017-07-17,2017-07-17 09:30:33
09:30:36,09:30:36,33.2,-0.06,370,1228400,卖盘,2017-07-17,2017-07-17 09:30:36
09:30:39,09:30:39,33.26,0.06,60,199560,买盘,2017-07-17,2017-07-17 09:30:39
09:30:42,09:30:42,33.26,--,410,1363660,卖盘,2017-07-17,2017-07-17 09:30:42
09:30:45,09:30:45,33.27,0.01,193,642111,买盘,2017-07-17,2017-07-17 09:30:45
09:30:48,09:30:48,33.27,--,187,622149,买盘,2017-07-17,2017-07-17 09:30:48
09:30:51,09:30:51,33.28,0.01,1186,3947008,买盘,2017-07-17,2017-07-17 09:30:51
09:30:54,09:30:54,33.28,--,377,1254656,买盘,2017-07-17,2017-07-17 09:30:54
09:30:57,09:30:57,33.29,0.01,491,1634539,买盘,2017-07-17,2017-07-17 09:30:57
09:31:00,09:31:00,33.29,--,113,376177,卖盘,2017-07-17,2017-07-17 09:31:00
09:31:03,09:31:03,33.33,0.04,116,386628,买盘,2017-07-17,2017-07-17 09:31:03
09:31:06,09:31:06,33.39,0.06,260,868140,买盘,2017-07-17,2017-07-17 09:31:06
09:31:09,09:31:09,33.4,0.01,114,380760,买盘,2017-07-17,2017-07-17 09:31:09
09:31:12,09:31:12,33.4,--,26,86840,卖盘,2017-07-17,2017-07-17 09:31:12
09:31:15,09:31:15,33.4,--,28,93520,卖盘,2017-07-17,2017-07-17 09:31:15
09:31:18,09:31:18,33.42,0.02,97,324174,买盘,2017-07-17,2017-07-17 09:31:18
09:31:21,09:31:21,33.5,0.08,267,894450,买盘,2017-07-17,2017-07-17 09:31:21
09:31:24,09:31:24,33.42,-0.08,185,618270,卖盘,2017-07-17,2017-07-17 09:31:24
09:31:27,09:31:27,33.44,0.02,144,481535,卖盘,2017-07-17,2017-07-17 09:31:27
09:31:30,09:31:30,33.49,0.05,93,311457,中性盘,2017-07-17,2017-07-17 09:31:30
09:31:33,09:31:33,33.48,-0.01,297,994355,卖盘,2017-07-17,2017-07-17 09:31:33
09:31:36,09:31:36,33.5,0.02,497,1664950,买盘,2017-07-17,2017-07-17 09:31:36
09:31:39,09:31:39,33.45,-0.05,230,769350,卖盘,2017-07-17,2017-07-17 09:31:39
09:31:42,09:31:42,33.45,--,354,1184130,卖盘,2017-07-17,2017-07-17 09:31:42
09:31:45,09:31:45,33.48,0.03,1100,3682799,买盘,2017-07-17,2017-07-17 09:31:45
09:31:48,09:31:48,33.45,-0.03,499,1669155,卖盘,2017-07-17,2017-07-17 09:31:48
09:31:51,09:31:51,33.44,-0.01,160,535040,中性盘,2017-07-17,2017-07-17 09:31:51
09:31:54,09:31:54,33.45,0.01,271,906495,买盘,2017-07-17,2017-07-17 09:31:54
09:31:57,09:31:57,33.4,-0.05,1018,3400120,卖盘,2017-07-17,2017-07-17 09:31:57
09:32:00,09:32:00,33.4,--,271,905140,买盘,2017-07-17,2017-07-17 09:32:00
09:32:03,09:32:03,33.4,--,170,567800,买盘,2017-07-17,2017-07-17 09:32:03
09:32:06,09:32:06,33.3,-0.1,1326,4415580,卖盘,2017-07-17,2017-07-17 09:32:06
09:32:09,09:32:09,33.39,0.09,76,253764,买盘,2017-07-17,2017-07-17 09:32:09
09:32:12,09:32:12,33.38,-0.01,61,203618,中性盘,2017-07-17,2017-07-17 09:32:12
09:32:15,09:32:15,33.4,0.02,285,951900,买盘,2017-07-17,2017-07-17 09:32:15
09:32:18,09:32:18,33.4,--,64,213760,卖盘,2017-07-17,2017-07-17 09:32:18
09:32:21,09:32:21,33.4,--,177,591180,卖盘,2017-07-17,2017-07-17 09:32:21
09:32:24,09:32:24,33.4,--,137,457580,卖盘,2017-07-17,2017-07-17 09:32:24
09:32:27,09:32:27,33.3,-0.1,796,2650680,卖盘,2017-07-17,2017-07-17 09:32:27
09:32:30,09:32:30,33.32,0.02,273,909636,中性盘,2017-07-17,2017-07-17 09:32:30
09:32:33,09:32:33,33.39,0.07,91,303849,买盘,2017-07-17,2017-07-17 09:32:33
09:32:36,09:32:36,33.4,0.01,111,370740,买盘,2017-07-17,2017-07-17 09:32:36
09:32:39,09:32:39,33.4,--,473,1579820,买盘,2017-07-17,2017-07-17 09:32:39
09:32:42,09:32:42,33.31,-0.09,140,466340,卖盘,2017-07-17,2017-07-17 09:32:42
09:32:45,09:32:45,33.32,0.01,460,1532720,买盘,2017-07-17,2017-07-17 09:32:45
09:32:48,09:32:48,33.3,-0.02,150,499499,中性盘,2017-07-17,2017-07-17 09:32:48
09:32:51,09:32:51,33.37,0.07,75,250274,买盘,2017-07-17,2017-07-17 09:32:51
09:32:54,09:32:54,33.35,-0.02,169,563615,中性盘,2017-07-17,2017-07-17 09:32:54
09:32:57,09:32:57,33.32,-0.03,12,39984,卖盘,2017-07-17,2017-07-17 09:32:57
09:33:00,09:33:00,33.37,0.05,145,483864,买盘,2017-07-17,2017-07-17 09:33:00
09:33:03,09:33:03,33.33,-0.04,28,93324,卖盘,2017-07-17,2017-07-17 09:33:03
09:33:06,09:33:06,33.38,0.05,505,1685690,中性盘,2017-07-17,2017-07-17 09:33:06
09:33:09,09:33:09,33.39,0.01,85,283815,卖盘,2017-07-17,2017-07-17 09:33:09
09:33:12,09:33:12,33.4,0.01,215,718100,买盘,2017-07-17,2017-07-17 09:33:12
09:33:15,09:33:15,33.33,-0.07,486,1619838,卖盘,2017-07-17,2017-07-17 09:33:15
09:33:18,09:33:18,33.4,0.07,183,611220,买盘,2017-07-17,2017-07-17 09:33:18
09:33:21,09:33:21,33.4,--,52,173680,卖盘,2017-07-17,2017-07-17 09:33:21
09:33:24,09:33:24,33.32,-0.08,970,3232040,卖盘,2017-07-17,2017-07-17 09:33:24
09:33:27,09:33:27,33.45,0.13,70,234150,买盘,2017-07-17,2017-07-17 09:33:27
09:33:30,09:33:30,33.4,-0.05,192,641280,卖盘,2017-07-17,2017-07-17 09:33:30
09:33:33,09:33:33,33.43,0.03,60,200580,卖盘,2017-07-17,2017-07-17 09:33:33
09:33:36,09:33:36,33.42,-0.01,333,1112886,卖盘,2017-07-17,2017-07-17 09:33:36
09:33:39,09:33:39,33.45,0.03,60,200700,中性盘,2017-07-17,2017-07-17 09:33:39
09:33:43,09:33:43,33.45,--,711,2378295,买盘,2017-07-17,2017-07-17 09:33:43
09:33:46,09:33:46,33.44,-0.01,99,331056,中性盘,2017-07-17,2017-07-17 09:33:46
09:33:49,09:33:49,33.45,0.01,77,257565,买盘,2017-07-17,2017-07-17 09:33:49
09:33:52,09:33:52,33.48,0.03,433,1449683,买盘,2017-07-17,2017-07-17 09:33:52
09:33:55,09:33:55,33.45,-0.03,147,491715,卖盘,2017-07-17,2017-07-17 09:33:55
09:33:58,09:33:58,33.53,0.08,98,328594,买盘,2017-07-17,2017-07-17 09:33:58
09:34:01,09:34:01,33.49,-0.04,134,448766,卖盘,2017-07-17,2017-07-17 09:34:01
09:34:04,09:34:04,33.54,0.05,32,107328,中性盘,2017-07-17,2017-07-17 09:34:04
09:34:07,09:34:07,33.54,--,99,332046,买盘,2017-07-17,2017-07-17 09:34:07
09:34:10,09:34:10,33.5,-0.04,148,495800,卖盘,2017-07-17,2017-07-17 09:34:10
09:34:13,09:34:13,33.54,0.04,134,449436,买盘,2017-07-17,2017-07-17 09:34:13
09:34:16,09:34:16,33.58,0.04,160,537280,买盘,2017-07-17,2017-07-17 09:34:16
09:34:19,09:34:19,33.56,-0.02,1,3356,中性盘,2017-07-17,2017-07-17 09:34:19
09:34:22,09:34:22,33.58,0.02,9,30222,买盘,2017-07-17,2017-07-17 09:34:22
09:34:25,09:34:25,33.58,--,83,278714,卖盘,2017-07-17,2017-07-17 09:34:25
09:34:28,09:34:28,33.6,0.02,146,490560,买盘,2017-07-17,2017-07-17 09:34:28
09:34:31,09:34:31,33.59,-0.01,90,302310,卖盘,2017-07-17,2017-07-17 09:34:31
09:34:34,09:34:34,33.64,0.05,188,632432,买盘,2017-07-17,2017-07-17 09:34:34
09:34:37,09:34:37,33.64,--,47,158108,买盘,2017-07-17,2017-07-17 09:34:37
09:34:40,09:34:40,33.61,-0.03,377,1267097,卖盘,2017-07-17,2017-07-17 09:34:40
09:34:43,09:34:43,33.65,0.04,17,57205,买盘,2017-07-17,2017-07-17 09:34:43
09:34:46,09:34:46,33.6,-0.05,304,1021440,卖盘,2017-07-17,2017-07-17 09:34:46
09:34:49,09:34:49,33.68,0.08,105,353640,买盘,2017-07-17,2017-07-17 09:34:49
09:34:52,09:34:52,33.66,-0.02,207,696761,卖盘,2017-07-17,2017-07-17 09:34:52
09:34:55,09:34:55,33.65,-0.01,368,1238320,卖盘,2017-07-17,2017-07-17 09:34:55
09:34:58,09:34:58,33.68,0.03,45,151560,买盘,2017-07-17,2017-07-17 09:34:58
09:35:01,09:35:01,33.65,-0.03,581,1955065,卖盘,2017-07-17,2017-07-17 09:35:01
09:35:04,09:35:04,33.69,0.04,90,303210,卖盘,2017-07-17,2017-07-17 09:35:04
09:35:07,09:35:07,33.69,--,111,373959,卖盘,2017-07-17,2017-07-17 09:35:07
09:35:10,09:35:10,33.71,0.02,174,586554,买盘,2017-07-17,2017-07-17 09:35:10
09:35:13,09:35:13,33.7,-0.01,139,468430,卖盘,2017-07-17,2017-07-17 09:35:13
09:35:16,09:35:16,33.7,--,41,138170,卖盘,2017-07-17,2017-07-17 09:35:16
09:35:19,09:35:19,33.73,0.03,94,317061,买盘,2017-07-17,2017-07-17 09:35:19
09:35:22,09:35:22,33.7,-0.03,202,680740,卖盘,2017-07-17,2017-07-17 09:35:22
09:35:25,09:35:25,33.74,0.04,376,1268624,中性盘,2017-07-17,2017-07-17 09:35:25
09:35:28,09:35:28,33.75,0.01,288,972000,买盘,2017-07-17,2017-07-17 09:35:28
09:35:31,09:35:31,33.75,--,125,421875,卖盘,2017-07-17,2017-07-17 09:35:31
09:35:34,09:35:34,33.75,--,527,1779603,卖盘,2017-07-17,2017-07-17 09:35:34
09:35:37,09:35:37,33.77,0.02,68,229636,中性盘,2017-07-17,2017-07-17 09:35:37
09:35:40,09:35:40,33.79,0.02,308,1040732,买盘,2017-07-17,2017-07-17 09:35:40
09:35:43,09:35:43,33.78,-0.01,271,915438,中性盘,2017-07-17,2017-07-17 09:35:43
09:35:46,09:35:46,33.78,--,688,2324064,买盘,2017-07-17,2017-07-17 09:35:46
09:35:49,09:35:49,33.75,-0.03,678,2290646,买盘,2017-07-17,2017-07-17 09:35:49
09:35:52,09:35:52,33.7,-0.05,401,1351370,中性盘,2017-07-17,2017-07-17 09:35:52
09:35:55,09:35:55,33.69,-0.01,405,1364445,卖盘,2017-07-17,2017-07-17 09:35:55
09:35:58,09:35:58,33.7,0.01,54,181980,中性盘,2017-07-17,2017-07-17 09:35:58
09:36:01,09:36:01,33.7,--,156,525720,卖盘,2017-07-17,2017-07-17 09:36:01
09:36:04,09:36:04,33.7,--,331,1115470,买盘,2017-07-17,2017-07-17 09:36:04
09:36:07,09:36:07,33.69,-0.01,228,768132,中性盘,2017-07-17,2017-07-17 09:36:07
09:36:10,09:36:10,33.68,-0.01,56,188608,中性盘,2017-07-17,2017-07-17 09:36:10
09:36:13,09:36:13,33.65,-0.03,32,107680,卖盘,2017-07-17,2017-07-17 09:36:13
09:36:16,09:36:16,33.65,--,337,1134005,卖盘,2017-07-17,2017-07-17 09:36:16
09:36:19,09:36:19,33.65,--,65,218725,买盘,2017-07-17,2017-07-17 09:36:19
09:36:22,09:36:22,33.62,-0.03,42,141204,卖盘,2017-07-17,2017-07-17 09:36:22
09:36:25,09:36:25,33.61,-0.01,381,1280541,卖盘,2017-07-17,2017-07-17 09:36:25
09:36:28,09:36:28,33.59,-0.02,314,1054726,卖盘,2017-07-17,2017-07-17 09:36:28
09:36:31,09:36:31,33.58,-0.01,43,144394,卖盘,2017-07-17,2017-07-17 09:36:31
09:36:34,09:36:34,33.65,0.07,445,1497425,买盘,2017-07-17,2017-07-17 09:36:34
09:36:37,09:36:37,33.55,-0.1,213,714614,卖盘,2017-07-17,2017-07-17 09:36:37
09:36:40,09:36:40,33.55,--,75,251624,卖盘,2017-07-17,2017-07-17 09:36:40
09:36:43,09:36:43,33.53,-0.02,80,268240,卖盘,2017-07-17,2017-07-17 09:36:43
09:36:46,09:36:46,33.59,0.06,266,893494,买盘,2017-07-17,2017-07-17 09:36:46
09:36:49,09:36:49,33.55,-0.04,103,345564,卖盘,2017-07-17,2017-07-17 09:36:49
09:36:52,09:36:52,33.55,--,14,46969,卖盘,2017-07-17,2017-07-17 09:36:52
09:36:55,09:36:55,33.52,-0.03,489,1639128,卖盘,2017-07-17,2017-07-17 09:36:55
09:36:58,09:36:58,33.55,0.03,93,312015,买盘,2017-07-17,2017-07-17 09:36:58
09:37:01,09:37:01,33.55,--,133,446214,买盘,2017-07-17,2017-07-17 09:37:01
09:37:04,09:37:04,33.53,-0.02,69,231357,卖盘,2017-07-17,2017-07-17 09:37:04
09:37:07,09:37:07,33.59,0.06,439,1474601,买盘,2017-07-17,2017-07-17 09:37:07
09:37:10,09:37:10,33.54,-0.05,53,177762,买盘,2017-07-17,2017-07-17 09:37:10
09:37:13,09:37:13,33.53,-0.01,73,244769,买盘,2017-07-17,2017-07-17 09:37:13
09:37:16,09:37:16,33.53,--,80,268240,买盘,2017-07-17,2017-07-17 09:37:16
09:37:19,09:37:19,33.53,--,53,177709,卖盘,2017-07-17,2017-07-17 09:37:19
09:37:22,09:37:22,33.53,--,290,972370,卖盘,2017-07-17,2017-07-17 09:37:22
09:37:25,09:37:25,33.6,0.07,52,174720,买盘,2017-07-17,2017-07-17 09:37:25
09:37:28,09:37:28,33.54,-0.06,73,244842,卖盘,2017-07-17,2017-07-17 09:37:28
09:37:31,09:37:31,33.61,0.07,88,295768,买盘,2017-07-17,2017-07-17 09:37:31
09:37:34,09:37:34,33.55,-0.06,108,362339,中性盘,2017-07-17,2017-07-17 09:37:34
09:37:37,09:37:37,33.52,-0.03,32,107264,中性盘,2017-07-17,2017-07-17 09:37:37
09:37:40,09:37:40,33.54,0.02,325,1090050,中性盘,2017-07-17,2017-07-17 09:37:40
09:37:43,09:37:43,33.5,-0.04,216,723600,卖盘,2017-07-17,2017-07-17 09:37:43
09:37:46,09:37:46,33.53,0.03,32,107296,中性盘,2017-07-17,2017-07-17 09:37:46
09:37:49,09:37:49,33.51,-0.02,460,1541460,卖盘,2017-07-17,2017-07-17 09:37:49
09:37:52,09:37:52,33.51,--,57,191007,买盘,2017-07-17,2017-07-17 09:37:52
09:37:55,09:37:55,33.53,0.02,130,435890,中性盘,2017-07-17,2017-07-17 09:37:55
09:37:58,09:37:58,33.54,0.01,22,73788,中性盘,2017-07-17,2017-07-17 09:37:58
09:38:01,09:38:01,33.53,-0.01,31,103943,卖盘,2017-07-17,2017-07-17 09:38:01
09:38:04,09:38:04,33.51,-0.02,100,335100,卖盘,2017-07-17,2017-07-17 09:38:04
09:38:07,09:38:07,33.51,--,1,3351,卖盘,2017-07-17,2017-07-17 09:38:07
09:38:10,09:38:10,33.6,0.09,212,712320,买盘,2017-07-17,2017-07-17 09:38:10
09:38:13,09:38:13,33.53,-0.07,42,140826,卖盘,2017-07-17,2017-07-17 09:38:13
09:38:16,09:38:16,33.49,-0.04,501,1677849,卖盘,2017-07-17,2017-07-17 09:38:16
09:38:19,09:38:19,33.5,0.01,167,559450,买盘,2017-07-17,2017-07-17 09:38:19
09:38:22,09:38:22,33.5,--,37,123950,买盘,2017-07-17,2017-07-17 09:38:22
09:38:25,09:38:25,33.5,--,109,365150,买盘,2017-07-17,2017-07-17 09:38:25
09:38:28,09:38:28,33.48,-0.02,22,73656,中性盘,2017-07-17,2017-07-17 09:38:28
09:38:31,09:38:31,33.5,0.02,493,1651550,买盘,2017-07-17,2017-07-17 09:38:31
09:38:34,09:38:34,33.45,-0.05,214,715830,卖盘,2017-07-17,2017-07-17 09:38:34
09:38:37,09:38:37,33.45,--,2,6690,买盘,2017-07-17,2017-07-17 09:38:37
09:38:40,09:38:40,33.45,--,208,695760,买盘,2017-07-17,2017-07-17 09:38:40
09:38:43,09:38:43,33.4,-0.05,102,340680,卖盘,2017-07-17,2017-07-17 09:38:43
09:38:46,09:38:46,33.41,0.01,135,451034,买盘,2017-07-17,2017-07-17 09:38:46
09:38:49,09:38:49,33.4,-0.01,59,197060,卖盘,2017-07-17,2017-07-17 09:38:49
09:38:52,09:38:52,33.38,-0.02,5,16690,卖盘,2017-07-17,2017-07-17 09:38:52
09:38:55,09:38:55,33.4,0.02,56,187040,买盘,2017-07-17,2017-07-17 09:38:55
09:38:58,09:38:58,33.35,-0.05,101,336835,卖盘,2017-07-17,2017-07-17 09:38:58
09:39:01,09:39:01,33.35,--,71,236785,卖盘,2017-07-17,2017-07-17 09:39:01
09:39:04,09:39:04,33.35,--,25,83375,卖盘,2017-07-17,2017-07-17 09:39:04
09:39:07,09:39:07,33.33,-0.02,82,273306,卖盘,2017-07-17,2017-07-17 09:39:07
09:39:10,09:39:10,33.34,0.01,192,640128,中性盘,2017-07-17,2017-07-17 09:39:10
09:39:13,09:39:13,33.33,-0.01,74,246642,卖盘,2017-07-17,2017-07-17 09:39:13
09:39:16,09:39:16,33.33,--,195,649935,买盘,2017-07-17,2017-07-17 09:39:16
09:39:19,09:39:19,33.35,0.02,51,170085,中性盘,2017-07-17,2017-07-17 09:39:19
09:39:22,09:39:22,33.33,-0.02,394,1313202,卖盘,2017-07-17,2017-07-17 09:39:22
09:39:25,09:39:25,33.33,--,79,263307,卖盘,2017-07-17,2017-07-17 09:39:25
09:39:29,09:39:29,33.31,-0.02,60,199860,卖盘,2017-07-17,2017-07-17 09:39:29
09:39:32,09:39:32,33.34,0.03,40,133360,中性盘,2017-07-17,2017-07-17 09:39:32
09:39:35,09:39:35,33.33,-0.01,64,213312,卖盘,2017-07-17,2017-07-17 09:39:35
09:39:38,09:39:38,33.33,--,220,733260,卖盘,2017-07-17,2017-07-17 09:39:38
09:39:41,09:39:41,33.33,--,82,273306,买盘,2017-07-17,2017-07-17 09:39:41
09:39:44,09:39:44,33.3,-0.03,156,519479,卖盘,2017-07-17,2017-07-17 09:39:44
09:39:47,09:39:47,33.31,0.01,128,426368,卖盘,2017-07-17,2017-07-17 09:39:47
09:39:50,09:39:50,33.32,0.01,337,1124616,卖盘,2017-07-17,2017-07-17 09:39:50
09:39:53,09:39:53,33.29,-0.03,70,233030,卖盘,2017-07-17,2017-07-17 09:39:53
09:39:56,09:39:56,33.3,0.01,44,146520,中性盘,2017-07-17,2017-07-17 09:39:56
09:39:59,09:39:59,33.3,--,39,129869,买盘,2017-07-17,2017-07-17 09:39:59
09:40:02,09:40:02,33.28,-0.02,38,126464,卖盘,2017-07-17,2017-07-17 09:40:02
09:40:05,09:40:05,33.3,0.02,73,243089,买盘,2017-07-17,2017-07-17 09:40:05
09:40:08,09:40:08,33.29,-0.01,322,1071938,买盘,2017-07-17,2017-07-17 09:40:08
09:40:11,09:40:11,33.29,--,940,3129260,买盘,2017-07-17,2017-07-17 09:40:11
09:40:14,09:40:14,33.26,-0.03,10,33260,卖盘,2017-07-17,2017-07-17 09:40:14
09:40:17,09:40:17,33.25,-0.01,496,1649200,卖盘,2017-07-17,2017-07-17 09:40:17
09:40:20,09:40:20,33.22,-0.03,146,485012,卖盘,2017-07-17,2017-07-17 09:40:20
09:40:23,09:40:23,33.25,0.03,75,249375,买盘,2017-07-17,2017-07-17 09:40:23
09:40:26,09:40:26,33.25,--,190,631750,买盘,2017-07-17,2017-07-17 09:40:26
09:40:29,09:40:29,33.21,-0.04,19,63099,卖盘,2017-07-17,2017-07-17 09:40:29
09:40:32,09:40:32,33.25,0.04,840,2793000,买盘,2017-07-17,2017-07-17 09:40:32
09:40:35,09:40:35,33.22,-0.03,90,298980,卖盘,2017-07-17,2017-07-17 09:40:35
09:40:38,09:40:38,33.25,0.03,94,312550,买盘,2017-07-17,2017-07-17 09:40:38
09:40:41,09:40:41,33.2,-0.05,282,936240,卖盘,2017-07-17,2017-07-17 09:40:41
09:40:44,09:40:44,33.2,--,227,753640,买盘,2017-07-17,2017-07-17 09:40:44
09:40:47,09:40:47,33.2,--,108,358560,买盘,2017-07-17,2017-07-17 09:40:47
09:40:50,09:40:50,33.11,-0.09,224,741664,卖盘,2017-07-17,2017-07-17 09:40:50
09:40:53,09:40:53,33.1,-0.01,240,794433,卖盘,2017-07-17,2017-07-17 09:40:53
09:40:56,09:40:56,33.1,--,204,678516,卖盘,2017-07-17,2017-07-17 09:40:56
09:40:59,09:40:59,33.08,-0.02,152,502816,卖盘,2017-07-17,2017-07-17 09:40:59
09:41:02,09:41:02,33.08,--,115,380420,卖盘,2017-07-17,2017-07-17 09:41:02
09:41:05,09:41:05,33.1,0.02,96,317760,卖盘,2017-07-17,2017-07-17 09:41:05
09:41:08,09:41:08,33.02,-0.08,250,825500,卖盘,2017-07-17,2017-07-17 09:41:08
09:41:11,09:41:11,33.08,0.06,127,420116,买盘,2017-07-17,2017-07-17 09:41:11
09:41:14,09:41:14,33.06,-0.02,67,221502,卖盘,2017-07-17,2017-07-17 09:41:14
09:41:17,09:41:17,33.04,-0.02,169,558376,卖盘,2017-07-17,2017-07-17 09:41:17
09:41:20,09:41:20,33.07,0.03,99,327393,中性盘,2017-07-17,2017-07-17 09:41:20
09:41:23,09:41:23,33.01,-0.06,152,501751,卖盘,2017-07-17,2017-07-17 09:41:23
09:41:26,09:41:26,33.0,-0.01,106,349800,卖盘,2017-07-17,2017-07-17 09:41:26
09:41:29,09:41:29,33.0,--,338,1115400,卖盘,2017-07-17,2017-07-17 09:41:29
09:41:32,09:41:32,33.04,0.04,51,168504,买盘,2017-07-17,2017-07-17 09:41:32
09:41:35,09:41:35,33.0,-0.04,658,2171400,卖盘,2017-07-17,2017-07-17 09:41:35
09:41:38,09:41:38,33.0,--,178,587400,买盘,2017-07-17,2017-07-17 09:41:38
09:41:41,09:41:41,32.96,-0.04,109,359264,卖盘,2017-07-17,2017-07-17 09:41:41
09:41:44,09:41:44,32.95,-0.01,219,721605,卖盘,2017-07-17,2017-07-17 09:41:44
09:41:47,09:41:47,32.95,--,16,52720,买盘,2017-07-17,2017-07-17 09:41:47
09:41:50,09:41:50,32.96,0.01,270,889920,买盘,2017-07-17,2017-07-17 09:41:50
09:41:53,09:41:53,32.92,-0.04,20,65840,中性盘,2017-07-17,2017-07-17 09:41:53
09:41:56,09:41:56,32.89,-0.03,154,506506,卖盘,2017-07-17,2017-07-17 09:41:56
09:41:59,09:41:59,32.91,0.02,158,519977,中性盘,2017-07-17,2017-07-17 09:41:59
09:42:02,09:42:02,32.88,-0.03,93,305784,卖盘,2017-07-17,2017-07-17 09:42:02
09:42:05,09:42:05,32.9,0.02,327,1075830,买盘,2017-07-17,2017-07-17 09:42:05
09:42:08,09:42:08,32.9,--,151,496790,卖盘,2017-07-17,2017-07-17 09:42:08
09:42:11,09:42:11,32.9,--,231,759990,卖盘,2017-07-17,2017-07-17 09:42:11
09:42:14,09:42:14,32.9,--,292,960680,买盘,2017-07-17,2017-07-17 09:42:14
09:42:17,09:42:17,32.89,-0.01,178,585442,卖盘,2017-07-17,2017-07-17 09:42:17
09:42:20,09:42:20,32.91,0.02,229,753638,卖盘,2017-07-17,2017-07-17 09:42:20
09:42:23,09:42:23,32.91,--,63,207332,卖盘,2017-07-17,2017-07-17 09:42:23
09:42:26,09:42:26,32.95,0.04,162,533822,买盘,2017-07-17,2017-07-17 09:42:26
09:42:29,09:42:29,32.94,-0.01,183,602802,中性盘,2017-07-17,2017-07-17 09:42:29
09:42:32,09:42:32,32.93,-0.01,114,375402,卖盘,2017-07-17,2017-07-17 09:42:32
09:42:35,09:42:35,32.95,0.02,118,388810,卖盘,2017-07-17,2017-07-17 09:42:35
09:42:38,09:42:38,33.0,0.05,62,204600,买盘,2017-07-17,2017-07-17 09:42:38
09:42:41,09:42:41,33.0,--,128,422400,买盘,2017-07-17,2017-07-17 09:42:41
09:42:44,09:42:44,33.0,--,154,508200,买盘,2017-07-17,2017-07-17 09:42:44
09:42:47,09:42:47,33.0,--,184,607200,买盘,2017-07-17,2017-07-17 09:42:47
09:42:50,09:42:50,33.0,--,105,346500,买盘,2017-07-17,2017-07-17 09:42:50
09:42:53,09:42:53,33.0,--,208,686400,买盘,2017-07-17,2017-07-17 09:42:53
09:42:56,09:42:56,33.0,--,140,462000,买盘,2017-07-17,2017-07-17 09:42:56
09:42:59,09:42:59,33.01,0.01,81,267381,买盘,2017-07-17,2017-07-17 09:42:59
09:43:02,09:43:02,33.0,-0.01,68,224400,卖盘,2017-07-17,2017-07-17 09:43:02
09:43:05,09:43:05,33.02,0.02,12,39624,买盘,2017-07-17,2017-07-17 09:43:05
09:43:08,09:43:08,33.01,-0.01,229,755929,卖盘,2017-07-17,2017-07-17 09:43:08
09:43:11,09:43:11,33.05,0.04,563,1860714,买盘,2017-07-17,2017-07-17 09:43:11
09:43:14,09:43:14,33.08,0.03,41,135628,买盘,2017-07-17,2017-07-17 09:43:14
09:43:17,09:43:17,33.02,-0.06,241,795782,卖盘,2017-07-17,2017-07-17 09:43:17
09:43:20,09:43:20,33.04,0.02,32,105728,买盘,2017-07-17,2017-07-17 09:43:20
09:43:23,09:43:23,33.07,0.03,5,16535,中性盘,2017-07-17,2017-07-17 09:43:23
09:43:26,09:43:26,33.09,0.02,61,201849,买盘,2017-07-17,2017-07-17 09:43:26
09:43:29,09:43:29,33.06,-0.03,677,2238162,卖盘,2017-07-17,2017-07-17 09:43:29
09:43:32,09:43:32,33.08,0.02,46,152168,买盘,2017-07-17,2017-07-17 09:43:32
09:43:35,09:43:35,33.08,--,22,72776,买盘,2017-07-17,2017-07-17 09:43:35
09:43:38,09:43:38,33.0,-0.08,664,2191200,卖盘,2017-07-17,2017-07-17 09:43:38
09:43:41,09:43:41,33.1,0.1,486,1608660,买盘,2017-07-17,2017-07-17 09:43:41
09:43:44,09:43:44,33.08,-0.02,87,287796,中性盘,2017-07-17,2017-07-17 09:43:44
09:43:47,09:43:47,33.17,0.09,73,242141,买盘,2017-07-17,2017-07-17 09:43:47
09:43:50,09:43:50,33.05,-0.12,287,948534,卖盘,2017-07-17,2017-07-17 09:43:50
09:43:53,09:43:53,33.1,0.05,117,387270,买盘,2017-07-17,2017-07-17 09:43:53
09:43:56,09:43:56,33.0,-0.1,112,369600,卖盘,2017-07-17,2017-07-17 09:43:56
09:43:59,09:43:59,33.08,0.08,43,142244,卖盘,2017-07-17,2017-07-17 09:43:59
09:44:02,09:44:02,33.07,-0.01,33,109131,卖盘,2017-07-17,2017-07-17 09:44:02
09:44:05,09:44:05,33.08,0.01,78,258024,中性盘,2017-07-17,2017-07-17 09:44:05
09:44:08,09:44:08,33.18,0.1,109,361662,买盘,2017-07-17,2017-07-17 09:44:08
09:44:11,09:44:11,33.13,-0.05,184,609592,买盘,2017-07-17,2017-07-17 09:44:11
09:44:14,09:44:14,33.06,-0.07,48,158688,卖盘,2017-07-17,2017-07-17 09:44:14
09:44:17,09:44:17,33.08,0.02,76,251408,买盘,2017-07-17,2017-07-17 09:44:17
09:44:20,09:44:20,33.06,-0.02,153,505818,中性盘,2017-07-17,2017-07-17 09:44:20
09:44:23,09:44:23,33.08,0.02,197,651676,买盘,2017-07-17,2017-07-17 09:44:23
09:44:26,09:44:26,33.02,-0.06,123,406146,卖盘,2017-07-17,2017-07-17 09:44:26
09:44:29,09:44:29,33.08,0.06,229,757532,买盘,2017-07-17,2017-07-17 09:44:29
09:44:32,09:44:32,33.08,--,301,995708,卖盘,2017-07-17,2017-07-17 09:44:32
09:44:35,09:44:35,33.02,-0.06,38,125476,中性盘,2017-07-17,2017-07-17 09:44:35
09:44:38,09:44:38,33.05,0.03,140,462699,买盘,2017-07-17,2017-07-17 09:44:38
09:44:41,09:44:41,33.01,-0.04,242,798842,卖盘,2017-07-17,2017-07-17 09:44:41
09:44:44,09:44:44,33.01,--,124,409324,卖盘,2017-07-17,2017-07-17 09:44:44
09:44:47,09:44:47,33.0,-0.01,73,240900,卖盘,2017-07-17,2017-07-17 09:44:47
09:44:50,09:44:50,33.0,--,355,1171500,卖盘,2017-07-17,2017-07-17 09:44:50
09:44:53,09:44:53,33.0,--,320,1056000,买盘,2017-07-17,2017-07-17 09:44:53
09:44:56,09:44:56,33.0,--,156,514800,买盘,2017-07-17,2017-07-17 09:44:56
09:44:59,09:44:59,32.95,-0.05,88,289960,卖盘,2017-07-17,2017-07-17 09:44:59
09:45:02,09:45:02,32.94,-0.01,249,820206,卖盘,2017-07-17,2017-07-17 09:45:02
09:45:05,09:45:05,32.92,-0.02,343,1129156,卖盘,2017-07-17,2017-07-17 09:45:05
09:45:08,09:45:08,32.91,-0.01,53,174422,卖盘,2017-07-17,2017-07-17 09:45:08
09:45:11,09:45:11,32.9,-0.01,668,2197720,卖盘,2017-07-17,2017-07-17 09:45:11
09:45:14,09:45:14,32.88,-0.02,95,312360,卖盘,2017-07-17,2017-07-17 09:45:14
09:45:17,09:45:17,32.85,-0.03,263,863955,卖盘,2017-07-17,2017-07-17 09:45:17
09:45:20,09:45:20,32.85,--,303,995355,卖盘,2017-07-17,2017-07-17 09:45:20
09:45:24,09:45:24,32.8,-0.05,78,255839,卖盘,2017-07-17,2017-07-17 09:45:24
09:45:27,09:45:27,32.78,-0.02,430,1409540,卖盘,2017-07-17,2017-07-17 09:45:27
09:45:30,09:45:30,32.76,-0.02,89,291564,卖盘,2017-07-17,2017-07-17 09:45:30
09:45:33,09:45:33,32.7,-0.06,159,519930,卖盘,2017-07-17,2017-07-17 09:45:33
09:45:36,09:45:36,32.68,-0.02,55,179740,卖盘,2017-07-17,2017-07-17 09:45:36
09:45:39,09:45:39,32.67,-0.01,196,640332,卖盘,2017-07-17,2017-07-17 09:45:39
09:45:42,09:45:42,32.63,-0.04,74,241462,卖盘,2017-07-17,2017-07-17 09:45:42
09:45:45,09:45:45,32.5,-0.13,553,1797250,卖盘,2017-07-17,2017-07-17 09:45:45
09:45:48,09:45:48,32.5,--,64,208000,买盘,2017-07-17,2017-07-17 09:45:48
09:45:51,09:45:51,32.45,-0.05,87,282315,中性盘,2017-07-17,2017-07-17 09:45:51
09:45:54,09:45:54,32.36,-0.09,80,258880,卖盘,2017-07-17,2017-07-17 09:45:54
09:45:57,09:45:57,32.4,0.04,193,625320,买盘,2017-07-17,2017-07-17 09:45:57
09:46:00,09:46:00,32.02,-0.38,247,790894,卖盘,2017-07-17,2017-07-17 09:46:00
09:46:03,09:46:03,32.01,-0.01,340,1088340,卖盘,2017-07-17,2017-07-17 09:46:03
09:46:06,09:46:06,32.0,-0.01,241,771200,卖盘,2017-07-17,2017-07-17 09:46:06
09:46:09,09:46:09,32.0,--,40,128000,买盘,2017-07-17,2017-07-17 09:46:09
09:46:12,09:46:12,32.0,--,288,921600,买盘,2017-07-17,2017-07-17 09:46:12
09:46:15,09:46:15,32.0,--,212,678400,买盘,2017-07-17,2017-07-17 09:46:15
09:46:18,09:46:18,32.0,--,1092,3494400,买盘,2017-07-17,2017-07-17 09:46:18
09:46:21,09:46:21,32.0,--,469,1500800,卖盘,2017-07-17,2017-07-17 09:46:21
09:46:24,09:46:24,32.0,--,448,1433600,卖盘,2017-07-17,2017-07-17 09:46:24
09:46:27,09:46:27,32.0,--,227,726400,卖盘,2017-07-17,2017-07-17 09:46:27
09:46:30,09:46:30,32.0,--,231,739200,卖盘,2017-07-17,2017-07-17 09:46:30
09:46:33,09:46:33,32.02,0.02,942,3016284,买盘,2017-07-17,2017-07-17 09:46:33
09:46:36,09:46:36,32.01,-0.01,590,1888589,中性盘,2017-07-17,2017-07-17 09:46:36
09:46:39,09:46:39,32.01,--,737,2359137,卖盘,2017-07-17,2017-07-17 09:46:39
09:46:42,09:46:42,32.01,--,195,624195,卖盘,2017-07-17,2017-07-17 09:46:42
09:46:45,09:46:45,32.01,--,578,1850178,卖盘,2017-07-17,2017-07-17 09:46:45
09:46:48,09:46:48,32.0,-0.01,437,1398400,卖盘,2017-07-17,2017-07-17 09:46:48
09:46:51,09:46:51,32.03,0.03,103,329909,买盘,2017-07-17,2017-07-17 09:46:51
09:46:54,09:46:54,32.15,0.12,191,614065,买盘,2017-07-17,2017-07-17 09:46:54
09:46:57,09:46:57,32.02,-0.13,115,368230,卖盘,2017-07-17,2017-07-17 09:46:57
09:47:00,09:47:00,32.15,0.13,336,1080240,买盘,2017-07-17,2017-07-17 09:47:00
09:47:03,09:47:03,32.0,-0.15,280,896000,卖盘,2017-07-17,2017-07-17 09:47:03
09:47:06,09:47:06,32.03,0.03,143,458029,买盘,2017-07-17,2017-07-17 09:47:06
09:47:09,09:47:09,32.27,0.24,562,1813574,买盘,2017-07-17,2017-07-17 09:47:09
09:47:12,09:47:12,32.3,0.03,144,465119,买盘,2017-07-17,2017-07-17 09:47:12
09:47:15,09:47:15,32.05,-0.25,65,208324,中性盘,2017-07-17,2017-07-17 09:47:15
09:47:18,09:47:18,32.0,-0.05,251,803200,卖盘,2017-07-17,2017-07-17 09:47:18
09:47:21,09:47:21,32.15,0.15,3,9645,卖盘,2017-07-17,2017-07-17 09:47:21
09:47:24,09:47:24,32.16,0.01,130,418079,中性盘,2017-07-17,2017-07-17 09:47:24
09:47:27,09:47:27,32.07,-0.09,367,1176969,卖盘,2017-07-17,2017-07-17 09:47:27
09:47:30,09:47:30,32.31,0.24,274,885294,买盘,2017-07-17,2017-07-17 09:47:30
09:47:33,09:47:33,32.34,0.03,83,268422,买盘,2017-07-17,2017-07-17 09:47:33
09:47:36,09:47:36,32.4,0.06,75,243000,买盘,2017-07-17,2017-07-17 09:47:36
09:47:39,09:47:39,32.35,-0.05,87,281445,中性盘,2017-07-17,2017-07-17 09:47:39
09:47:42,09:47:42,32.4,0.05,91,294840,买盘,2017-07-17,2017-07-17 09:47:42
09:47:45,09:47:45,32.3,-0.1,220,710599,卖盘,2017-07-17,2017-07-17 09:47:45
09:47:48,09:47:48,32.4,0.1,280,907200,买盘,2017-07-17,2017-07-17 09:47:48
09:47:51,09:47:51,32.35,-0.05,45,145575,卖盘,2017-07-17,2017-07-17 09:47:51
09:47:54,09:47:54,32.4,0.05,128,414720,卖盘,2017-07-17,2017-07-17 09:47:54
09:47:57,09:47:57,32.5,0.1,7,22750,买盘,2017-07-17,2017-07-17 09:47:57
09:48:00,09:48:00,32.4,-0.1,103,333720,卖盘,2017-07-17,2017-07-17 09:48:00
09:48:03,09:48:03,32.49,0.09,51,165699,中性盘,2017-07-17,2017-07-17 09:48:03
09:48:06,09:48:06,32.49,--,128,415872,买盘,2017-07-17,2017-07-17 09:48:06
09:48:09,09:48:09,32.5,0.01,56,182000,买盘,2017-07-17,2017-07-17 09:48:09
09:48:12,09:48:12,32.5,--,44,143000,买盘,2017-07-17,2017-07-17 09:48:12
09:48:15,09:48:15,32.5,--,87,282750,卖盘,2017-07-17,2017-07-17 09:48:15
09:48:18,09:48:18,32.6,0.1,433,1411580,买盘,2017-07-17,2017-07-17 09:48:18
09:48:21,09:48:21,32.59,-0.01,52,169468,卖盘,2017-07-17,2017-07-17 09:48:21
09:48:24,09:48:24,32.5,-0.09,195,633750,卖盘,2017-07-17,2017-07-17 09:48:24
09:48:27,09:48:27,32.5,--,160,520000,买盘,2017-07-17,2017-07-17 09:48:27
09:48:30,09:48:30,32.5,--,61,198250,买盘,2017-07-17,2017-07-17 09:48:30
09:48:33,09:48:33,32.55,0.05,144,468719,买盘,2017-07-17,2017-07-17 09:48:33
09:48:36,09:48:36,32.5,-0.05,233,757250,卖盘,2017-07-17,2017-07-17 09:48:36
09:48:39,09:48:39,32.6,0.1,281,916060,买盘,2017-07-17,2017-07-17 09:48:39
09:48:42,09:48:42,32.57,-0.03,187,609059,中性盘,2017-07-17,2017-07-17 09:48:42
09:48:45,09:48:45,32.59,0.02,16,52144,中性盘,2017-07-17,2017-07-17 09:48:45
09:48:48,09:48:48,32.58,-0.01,92,299736,中性盘,2017-07-17,2017-07-17 09:48:48
09:48:51,09:48:51,32.59,0.01,279,909261,买盘,2017-07-17,2017-07-17 09:48:51
09:48:54,09:48:54,32.55,-0.04,128,416639,卖盘,2017-07-17,2017-07-17 09:48:54
09:48:57,09:48:57,32.59,0.04,253,824527,买盘,2017-07-17,2017-07-17 09:48:57
09:49:00,09:49:00,32.59,--,134,436706,买盘,2017-07-17,2017-07-17 09:49:00
09:49:03,09:49:03,32.55,-0.04,70,227849,卖盘,2017-07-17,2017-07-17 09:49:03
09:49:06,09:49:06,32.51,-0.04,197,640447,卖盘,2017-07-17,2017-07-17 09:49:06
09:49:09,09:49:09,32.57,0.06,101,328957,中性盘,2017-07-17,2017-07-17 09:49:09
09:49:12,09:49:12,32.51,-0.06,132,429132,卖盘,2017-07-17,2017-07-17 09:49:12
09:49:15,09:49:15,32.57,0.06,256,833792,买盘,2017-07-17,2017-07-17 09:49:15
09:49:18,09:49:18,32.5,-0.07,570,1852500,卖盘,2017-07-17,2017-07-17 09:49:18
09:49:21,09:49:21,32.5,--,73,237250,买盘,2017-07-17,2017-07-17 09:49:21
09:49:24,09:49:24,32.5,--,63,204750,买盘,2017-07-17,2017-07-17 09:49:24
09:49:27,09:49:27,32.5,--,194,630500,卖盘,2017-07-17,2017-07-17 09:49:27
09:49:30,09:49:30,32.49,-0.01,83,269667,中性盘,2017-07-17,2017-07-17 09:49:30
09:49:33,09:49:33,32.49,--,44,142956,买盘,2017-07-17,2017-07-17 09:49:33
09:49:36,09:49:36,32.5,0.01,212,689000,买盘,2017-07-17,2017-07-17 09:49:36
09:49:39,09:49:39,32.47,-0.03,158,513026,中性盘,2017-07-17,2017-07-17 09:49:39
09:49:42,09:49:42,32.49,0.02,148,480852,买盘,2017-07-17,2017-07-17 09:49:42
09:49:45,09:49:45,32.46,-0.03,47,152562,卖盘,2017-07-17,2017-07-17 09:49:45
09:49:48,09:49:48,32.45,-0.01,86,279070,卖盘,2017-07-17,2017-07-17 09:49:48
09:49:51,09:49:51,32.41,-0.04,120,388919,卖盘,2017-07-17,2017-07-17 09:49:51
09:49:54,09:49:54,32.4,-0.01,339,1098360,卖盘,2017-07-17,2017-07-17 09:49:54
09:49:57,09:49:57,32.4,--,119,385560,买盘,2017-07-17,2017-07-17 09:49:57
09:50:00,09:50:00,32.4,--,33,106920,买盘,2017-07-17,2017-07-17 09:50:00
09:50:03,09:50:03,32.4,--,37,119880,买盘,2017-07-17,2017-07-17 09:50:03
09:50:06,09:50:06,32.4,--,145,469800,买盘,2017-07-17,2017-07-17 09:50:06
09:50:09,09:50:09,32.35,-0.05,8,25880,中性盘,2017-07-17,2017-07-17 09:50:09
09:50:12,09:50:12,32.39,0.04,21,68019,买盘,2017-07-17,2017-07-17 09:50:12
09:50:15,09:50:15,32.39,--,38,123082,买盘,2017-07-17,2017-07-17 09:50:15
09:50:18,09:50:18,32.33,-0.06,85,274805,卖盘,2017-07-17,2017-07-17 09:50:18
09:50:21,09:50:21,32.35,0.02,138,446430,卖盘,2017-07-17,2017-07-17 09:50:21
09:50:24,09:50:24,32.26,-0.09,121,390346,卖盘,2017-07-17,2017-07-17 09:50:24
09:50:27,09:50:27,32.27,0.01,23,74221,卖盘,2017-07-17,2017-07-17 09:50:27
09:50:30,09:50:30,32.3,0.03,106,342379,买盘,2017-07-17,2017-07-17 09:50:30
09:50:33,09:50:33,32.39,0.09,204,660756,买盘,2017-07-17,2017-07-17 09:50:33
09:50:36,09:50:36,32.39,--,4,12956,买盘,2017-07-17,2017-07-17 09:50:36
09:50:39,09:50:39,32.31,-0.08,74,239094,卖盘,2017-07-17,2017-07-17 09:50:39
09:50:42,09:50:42,32.33,0.02,3,9699,买盘,2017-07-17,2017-07-17 09:50:42
09:50:45,09:50:45,32.33,--,91,294203,买盘,2017-07-17,2017-07-17 09:50:45
09:50:48,09:50:48,32.31,-0.02,141,455571,卖盘,2017-07-17,2017-07-17 09:50:48
09:50:51,09:50:51,32.31,--,115,371565,卖盘,2017-07-17,2017-07-17 09:50:51
09:50:54,09:50:54,32.38,0.07,35,113330,买盘,2017-07-17,2017-07-17 09:50:54
09:50:57,09:50:57,32.31,-0.07,240,775440,卖盘,2017-07-17,2017-07-17 09:50:57
09:51:00,09:51:00,32.33,0.02,23,74359,卖盘,2017-07-17,2017-07-17 09:51:00
09:51:03,09:51:03,32.39,0.06,262,848618,买盘,2017-07-17,2017-07-17 09:51:03
09:51:06,09:51:06,32.4,0.01,60,194400,买盘,2017-07-17,2017-07-17 09:51:06
09:51:09,09:51:09,32.4,--,195,631800,买盘,2017-07-17,2017-07-17 09:51:09
09:51:12,09:51:12,32.33,-0.07,198,640134,卖盘,2017-07-17,2017-07-17 09:51:12
09:51:15,09:51:15,32.3,-0.03,213,687989,卖盘,2017-07-17,2017-07-17 09:51:15
09:51:18,09:51:18,32.3,--,176,568480,买盘,2017-07-17,2017-07-17 09:51:18
09:51:21,09:51:21,32.34,0.04,79,255486,买盘,2017-07-17,2017-07-17 09:51:21
09:51:24,09:51:24,32.35,0.01,3,9705,卖盘,2017-07-17,2017-07-17 09:51:24
09:51:30,09:51:30,32.31,-0.04,117,378027,卖盘,2017-07-17,2017-07-17 09:51:30
09:51:33,09:51:33,32.31,--,214,691434,买盘,2017-07-17,2017-07-17 09:51:33
09:51:36,09:51:36,32.3,-0.01,63,203489,中性盘,2017-07-17,2017-07-17 09:51:36
09:51:39,09:51:39,32.31,0.01,163,526653,买盘,2017-07-17,2017-07-17 09:51:39
09:51:42,09:51:42,32.35,0.04,257,831395,买盘,2017-07-17,2017-07-17 09:51:42
09:51:45,09:51:45,32.35,--,273,883155,买盘,2017-07-17,2017-07-17 09:51:45
09:51:48,09:51:48,32.35,--,53,171455,买盘,2017-07-17,2017-07-17 09:51:48
09:51:51,09:51:51,32.33,-0.02,38,122854,中性盘,2017-07-17,2017-07-17 09:51:51
09:51:54,09:51:54,32.31,-0.02,105,339255,卖盘,2017-07-17,2017-07-17 09:51:54
09:51:57,09:51:57,32.31,--,71,229401,买盘,2017-07-17,2017-07-17 09:51:57
09:52:00,09:52:00,32.35,0.04,609,1970115,买盘,2017-07-17,2017-07-17 09:52:00
09:52:03,09:52:03,32.35,--,55,177925,卖盘,2017-07-17,2017-07-17 09:52:03
09:52:06,09:52:06,32.35,--,97,313795,卖盘,2017-07-17,2017-07-17 09:52:06
09:52:09,09:52:09,32.35,--,55,177925,卖盘,2017-07-17,2017-07-17 09:52:09
09:52:12,09:52:12,32.4,0.05,43,139320,买盘,2017-07-17,2017-07-17 09:52:12
09:52:15,09:52:15,32.4,--,7,22680,卖盘,2017-07-17,2017-07-17 09:52:15
09:52:18,09:52:18,32.39,-0.01,85,275315,卖盘,2017-07-17,2017-07-17 09:52:18
09:52:21,09:52:21,32.42,0.03,53,171826,中性盘,2017-07-17,2017-07-17 09:52:21
09:52:24,09:52:24,32.4,-0.02,61,197640,卖盘,2017-07-17,2017-07-17 09:52:24
09:52:27,09:52:27,32.48,0.08,24,77951,买盘,2017-07-17,2017-07-17 09:52:27
09:52:30,09:52:30,32.48,--,41,133168,买盘,2017-07-17,2017-07-17 09:52:30
09:52:33,09:52:33,32.43,-0.05,43,139449,卖盘,2017-07-17,2017-07-17 09:52:33
09:52:36,09:52:36,32.48,0.05,18,58463,卖盘,2017-07-17,2017-07-17 09:52:36
09:52:39,09:52:39,32.5,0.02,91,295750,买盘,2017-07-17,2017-07-17 09:52:39
09:52:42,09:52:42,32.5,--,37,120250,买盘,2017-07-17,2017-07-17 09:52:42
09:52:45,09:52:45,32.5,--,176,572000,买盘,2017-07-17,2017-07-17 09:52:45
09:52:48,09:52:48,32.51,0.01,87,282837,买盘,2017-07-17,2017-07-17 09:52:48
09:52:51,09:52:51,32.51,--,20,65019,卖盘,2017-07-17,2017-07-17 09:52:51
09:52:54,09:52:54,32.51,--,0,0,卖盘,2017-07-17,2017-07-17 09:52:54
09:53:00,09:53:00,32.6,0.09,187,609620,买盘,2017-07-17,2017-07-17 09:53:00
09:53:03,09:53:03,32.58,-0.02,180,586440,卖盘,2017-07-17,2017-07-17 09:53:03
09:53:06,09:53:06,32.68,0.1,16,52288,买盘,2017-07-17,2017-07-17 09:53:06
09:53:10,09:53:10,32.61,-0.07,22,71742,卖盘,2017-07-17,2017-07-17 09:53:10
09:53:13,09:53:13,32.69,0.08,8,26152,买盘,2017-07-17,2017-07-17 09:53:13
09:53:16,09:53:16,32.7,0.01,136,444720,买盘,2017-07-17,2017-07-17 09:53:16
09:53:19,09:53:19,32.76,0.06,1,3276,买盘,2017-07-17,2017-07-17 09:53:19
09:53:22,09:53:22,32.75,-0.01,55,180125,中性盘,2017-07-17,2017-07-17 09:53:22
09:53:25,09:53:25,32.76,0.01,35,114660,买盘,2017-07-17,2017-07-17 09:53:25
09:53:28,09:53:28,32.8,0.04,70,229599,买盘,2017-07-17,2017-07-17 09:53:28
09:53:31,09:53:31,32.79,-0.01,262,859098,中性盘,2017-07-17,2017-07-17 09:53:31
09:53:34,09:53:34,32.78,-0.01,66,216348,中性盘,2017-07-17,2017-07-17 09:53:34
09:53:37,09:53:37,32.77,-0.01,72,235944,卖盘,2017-07-17,2017-07-17 09:53:37
09:53:40,09:53:40,32.77,--,52,170404,买盘,2017-07-17,2017-07-17 09:53:40
09:53:43,09:53:43,32.8,0.03,33,108239,买盘,2017-07-17,2017-07-17 09:53:43
09:53:46,09:53:46,32.83,0.03,53,173999,买盘,2017-07-17,2017-07-17 09:53:46
09:53:49,09:53:49,32.85,0.02,10,32850,买盘,2017-07-17,2017-07-17 09:53:49
09:53:52,09:53:52,32.85,--,96,315360,买盘,2017-07-17,2017-07-17 09:53:52
09:53:55,09:53:55,32.85,--,28,91980,买盘,2017-07-17,2017-07-17 09:53:55
09:53:58,09:53:58,32.85,--,50,164250,卖盘,2017-07-17,2017-07-17 09:53:58
09:54:01,09:54:01,32.85,--,111,364635,卖盘,2017-07-17,2017-07-17 09:54:01
09:54:04,09:54:04,32.85,--,31,101835,卖盘,2017-07-17,2017-07-17 09:54:04
09:54:07,09:54:07,32.9,0.05,114,375060,买盘,2017-07-17,2017-07-17 09:54:07
09:54:10,09:54:10,32.93,0.03,26,85618,买盘,2017-07-17,2017-07-17 09:54:10
09:54:13,09:54:13,32.9,-0.03,1,3290,卖盘,2017-07-17,2017-07-17 09:54:13
09:54:16,09:54:16,32.9,--,62,203980,卖盘,2017-07-17,2017-07-17 09:54:16
09:54:19,09:54:19,32.95,0.05,53,174635,买盘,2017-07-17,2017-07-17 09:54:19
09:54:22,09:54:22,32.94,-0.01,566,1864403,中性盘,2017-07-17,2017-07-17 09:54:22
09:54:25,09:54:25,32.94,--,34,111995,买盘,2017-07-17,2017-07-17 09:54:25
09:54:28,09:54:28,33.0,0.06,136,448800,买盘,2017-07-17,2017-07-17 09:54:28
09:54:31,09:54:31,32.99,-0.01,98,323302,卖盘,2017-07-17,2017-07-17 09:54:31
09:54:34,09:54:34,32.97,-0.02,184,606648,卖盘,2017-07-17,2017-07-17 09:54:34
09:54:37,09:54:37,32.97,--,130,428610,买盘,2017-07-17,2017-07-17 09:54:37
09:54:40,09:54:40,32.97,--,67,220899,买盘,2017-07-17,2017-07-17 09:54:40
09:54:43,09:54:43,32.97,--,219,722043,买盘,2017-07-17,2017-07-17 09:54:43
09:54:46,09:54:46,32.97,--,154,507738,买盘,2017-07-17,2017-07-17 09:54:46
09:54:49,09:54:49,32.97,--,188,619836,卖盘,2017-07-17,2017-07-17 09:54:49
09:54:52,09:54:52,32.97,--,97,319809,卖盘,2017-07-17,2017-07-17 09:54:52
09:54:55,09:54:55,32.97,--,36,118692,卖盘,2017-07-17,2017-07-17 09:54:55
09:54:58,09:54:58,32.97,--,88,290136,卖盘,2017-07-17,2017-07-17 09:54:58
09:55:01,09:55:01,32.99,0.02,258,851142,买盘,2017-07-17,2017-07-17 09:55:01
09:55:04,09:55:04,32.97,-0.02,207,682479,卖盘,2017-07-17,2017-07-17 09:55:04
09:55:07,09:55:07,32.97,--,75,247275,买盘,2017-07-17,2017-07-17 09:55:07
09:55:10,09:55:10,33.0,0.03,263,867900,买盘,2017-07-17,2017-07-17 09:55:10
09:55:13,09:55:13,33.0,--,67,221100,卖盘,2017-07-17,2017-07-17 09:55:13
09:55:16,09:55:16,33.0,--,54,178200,卖盘,2017-07-17,2017-07-17 09:55:16
09:55:19,09:55:19,33.06,0.06,94,310764,买盘,2017-07-17,2017-07-17 09:55:19
09:55:22,09:55:22,33.0,-0.06,225,742500,卖盘,2017-07-17,2017-07-17 09:55:22
09:55:25,09:55:25,33.01,0.01,27,89127,中性盘,2017-07-17,2017-07-17 09:55:25
09:55:28,09:55:28,33.05,0.04,84,277620,中性盘,2017-07-17,2017-07-17 09:55:28
09:55:31,09:55:31,33.1,0.05,47,155570,买盘,2017-07-17,2017-07-17 09:55:31
09:55:34,09:55:34,33.07,-0.03,27,89289,中性盘,2017-07-17,2017-07-17 09:55:34
09:55:37,09:55:37,33.1,0.03,53,175430,买盘,2017-07-17,2017-07-17 09:55:37
09:55:40,09:55:40,33.14,0.04,138,457332,买盘,2017-07-17,2017-07-17 09:55:40
09:55:43,09:55:43,33.08,-0.06,49,162092,卖盘,2017-07-17,2017-07-17 09:55:43
09:55:46,09:55:46,33.14,0.06,1036,3434364,买盘,2017-07-17,2017-07-17 09:55:46
09:55:49,09:55:49,33.14,--,22,72908,卖盘,2017-07-17,2017-07-17 09:55:49
09:55:52,09:55:52,33.1,-0.04,22,72820,卖盘,2017-07-17,2017-07-17 09:55:52
09:55:55,09:55:55,33.05,-0.05,301,994804,卖盘,2017-07-17,2017-07-17 09:55:55
09:55:58,09:55:58,33.05,--,189,624645,买盘,2017-07-17,2017-07-17 09:55:58
09:56:01,09:56:01,33.0,-0.05,157,518100,卖盘,2017-07-17,2017-07-17 09:56:01
09:56:04,09:56:04,33.0,--,50,165000,卖盘,2017-07-17,2017-07-17 09:56:04
09:56:07,09:56:07,33.05,0.05,70,231349,中性盘,2017-07-17,2017-07-17 09:56:07
09:56:10,09:56:10,33.06,0.01,36,119016,中性盘,2017-07-17,2017-07-17 09:56:10
09:56:13,09:56:13,33.1,0.04,59,195290,买盘,2017-07-17,2017-07-17 09:56:13
09:56:16,09:56:16,33.1,--,269,890390,买盘,2017-07-17,2017-07-17 09:56:16
09:56:19,09:56:19,33.1,--,560,1853600,卖盘,2017-07-17,2017-07-17 09:56:19
09:56:22,09:56:22,33.1,--,110,364100,买盘,2017-07-17,2017-07-17 09:56:22
09:56:25,09:56:25,33.1,--,58,191980,买盘,2017-07-17,2017-07-17 09:56:25
09:56:28,09:56:28,33.09,-0.01,60,198540,卖盘,2017-07-17,2017-07-17 09:56:28
09:56:31,09:56:31,33.08,-0.01,75,248100,卖盘,2017-07-17,2017-07-17 09:56:31
09:56:34,09:56:34,32.98,-0.1,1063,3508016,卖盘,2017-07-17,2017-07-17 09:56:34
09:56:37,09:56:37,33.06,0.08,53,175218,买盘,2017-07-17,2017-07-17 09:56:37
09:56:40,09:56:40,33.0,-0.06,120,396000,卖盘,2017-07-17,2017-07-17 09:56:40
09:56:43,09:56:43,33.09,0.09,20,66180,买盘,2017-07-17,2017-07-17 09:56:43
09:56:46,09:56:46,33.06,-0.03,46,152076,中性盘,2017-07-17,2017-07-17 09:56:46
09:56:49,09:56:49,32.98,-0.08,202,666195,卖盘,2017-07-17,2017-07-17 09:56:49
09:56:52,09:56:52,33.06,0.08,30,99180,买盘,2017-07-17,2017-07-17 09:56:52
09:56:55,09:56:55,33.0,-0.06,98,323400,卖盘,2017-07-17,2017-07-17 09:56:55
09:56:58,09:56:58,33.0,--,20,66000,买盘,2017-07-17,2017-07-17 09:56:58
09:57:01,09:57:01,33.01,0.01,77,254176,买盘,2017-07-17,2017-07-17 09:57:01
09:57:04,09:57:04,32.97,-0.04,116,382452,卖盘,2017-07-17,2017-07-17 09:57:04
09:57:07,09:57:07,33.0,0.03,10,33000,买盘,2017-07-17,2017-07-17 09:57:07
09:57:10,09:57:10,32.9,-0.1,504,1658160,卖盘,2017-07-17,2017-07-17 09:57:10
09:57:13,09:57:13,32.9,--,10,32900,买盘,2017-07-17,2017-07-17 09:57:13
09:57:16,09:57:16,32.88,-0.02,16,52608,卖盘,2017-07-17,2017-07-17 09:57:16
09:57:19,09:57:19,32.91,0.03,102,335681,买盘,2017-07-17,2017-07-17 09:57:19
09:57:22,09:57:22,32.91,--,0,0,买盘,2017-07-17,2017-07-17 09:57:22
09:57:25,09:57:25,32.89,-0.02,74,243386,卖盘,2017-07-17,2017-07-17 09:57:25
09:57:28,09:57:28,32.98,0.09,321,1058658,买盘,2017-07-17,2017-07-17 09:57:28
09:57:31,09:57:31,32.89,-0.09,8,26312,买盘,2017-07-17,2017-07-17 09:57:31
09:57:34,09:57:34,32.89,--,0,0,卖盘,2017-07-17,2017-07-17 09:57:34
09:57:37,09:57:37,32.9,0.01,168,552720,卖盘,2017-07-17,2017-07-17 09:57:37
09:57:40,09:57:40,32.9,--,4,13160,买盘,2017-07-17,2017-07-17 09:57:40
09:57:43,09:57:43,32.89,-0.01,9,29601,卖盘,2017-07-17,2017-07-17 09:57:43
09:57:46,09:57:46,32.88,-0.01,128,420864,卖盘,2017-07-17,2017-07-17 09:57:46
09:57:49,09:57:49,32.85,-0.03,212,696420,卖盘,2017-07-17,2017-07-17 09:57:49
09:57:52,09:57:52,32.85,--,65,213525,买盘,2017-07-17,2017-07-17 09:57:52
09:57:56,09:57:56,32.85,--,202,663570,买盘,2017-07-17,2017-07-17 09:57:56
09:57:58,09:57:58,32.81,-0.04,34,111554,卖盘,2017-07-17,2017-07-17 09:57:58
09:58:01,09:58:01,32.81,--,4,13124,卖盘,2017-07-17,2017-07-17 09:58:01
09:58:04,09:58:04,32.81,--,33,108273,卖盘,2017-07-17,2017-07-17 09:58:04
09:58:07,09:58:07,32.81,--,54,177174,卖盘,2017-07-17,2017-07-17 09:58:07
09:58:10,09:58:10,32.84,0.03,200,656800,中性盘,2017-07-17,2017-07-17 09:58:10
09:58:13,09:58:13,32.82,-0.02,12,39384,卖盘,2017-07-17,2017-07-17 09:58:13
09:58:16,09:58:16,32.82,--,12,39384,卖盘,2017-07-17,2017-07-17 09:58:16
09:58:19,09:58:19,32.85,0.03,124,407340,买盘,2017-07-17,2017-07-17 09:58:19
09:58:22,09:58:22,32.88,0.03,16,52608,买盘,2017-07-17,2017-07-17 09:58:22
09:58:25,09:58:25,32.82,-0.06,466,1529412,卖盘,2017-07-17,2017-07-17 09:58:25
09:58:28,09:58:28,32.77,-0.05,135,442395,卖盘,2017-07-17,2017-07-17 09:58:28
09:58:31,09:58:31,32.75,-0.02,18,58950,买盘,2017-07-17,2017-07-17 09:58:31
09:58:34,09:58:34,32.75,--,17,55675,买盘,2017-07-17,2017-07-17 09:58:34
09:58:38,09:58:38,32.84,0.09,162,532008,买盘,2017-07-17,2017-07-17 09:58:38
09:58:41,09:58:41,32.84,--,0,0,买盘,2017-07-17,2017-07-17 09:58:41
09:58:44,09:58:44,32.6,-0.24,542,1766920,卖盘,2017-07-17,2017-07-17 09:58:44
09:58:47,09:58:47,32.6,--,58,189080,买盘,2017-07-17,2017-07-17 09:58:47
09:58:50,09:58:50,32.6,--,82,267320,买盘,2017-07-17,2017-07-17 09:58:50
09:58:53,09:58:53,32.58,-0.02,20,65160,卖盘,2017-07-17,2017-07-17 09:58:53
09:58:56,09:58:56,32.6,0.02,107,348820,买盘,2017-07-17,2017-07-17 09:58:56
09:58:59,09:58:59,32.6,--,246,801960,买盘,2017-07-17,2017-07-17 09:58:59
09:59:02,09:59:02,32.7,0.1,18,58860,买盘,2017-07-17,2017-07-17 09:59:02
09:59:05,09:59:05,32.8,0.1,6,19680,卖盘,2017-07-17,2017-07-17 09:59:05
09:59:08,09:59:08,32.8,--,2,6559,卖盘,2017-07-17,2017-07-17 09:59:08
09:59:11,09:59:11,32.8,--,8,26239,卖盘,2017-07-17,2017-07-17 09:59:11
09:59:14,09:59:14,32.84,0.04,7,22988,买盘,2017-07-17,2017-07-17 09:59:14
09:59:17,09:59:17,32.85,0.01,29,95265,买盘,2017-07-17,2017-07-17 09:59:17
09:59:20,09:59:20,32.8,-0.05,32,104959,卖盘,2017-07-17,2017-07-17 09:59:20
09:59:23,09:59:23,32.8,--,100,328000,买盘,2017-07-17,2017-07-17 09:59:23
09:59:26,09:59:26,32.8,--,220,721599,买盘,2017-07-17,2017-07-17 09:59:26
09:59:29,09:59:29,32.85,0.05,29,95265,卖盘,2017-07-17,2017-07-17 09:59:29
09:59:32,09:59:32,32.7,-0.15,172,562440,卖盘,2017-07-17,2017-07-17 09:59:32
09:59:35,09:59:35,32.7,--,28,91560,买盘,2017-07-17,2017-07-17 09:59:35
09:59:38,09:59:38,32.7,--,87,284490,买盘,2017-07-17,2017-07-17 09:59:38
09:59:41,09:59:41,32.7,--,16,52320,买盘,2017-07-17,2017-07-17 09:59:41
09:59:44,09:59:44,32.7,--,75,245250,买盘,2017-07-17,2017-07-17 09:59:44
09:59:47,09:59:47,32.7,--,156,510120,买盘,2017-07-17,2017-07-17 09:59:47
09:59:50,09:59:50,32.7,--,175,572250,买盘,2017-07-17,2017-07-17 09:59:50
09:59:53,09:59:53,32.63,-0.07,216,704808,卖盘,2017-07-17,2017-07-17 09:59:53
09:59:56,09:59:56,32.8,0.17,1,3279,买盘,2017-07-17,2017-07-17 09:59:56
09:59:59,09:59:59,32.7,-0.1,4,13080,卖盘,2017-07-17,2017-07-17 09:59:59
10:00:02,10:00:02,32.7,--,180,588600,卖盘,2017-07-17,2017-07-17 10:00:02
10:00:05,10:00:05,32.8,0.1,89,291920,买盘,2017-07-17,2017-07-17 10:00:05
10:00:08,10:00:08,32.79,-0.01,81,265599,中性盘,2017-07-17,2017-07-17 10:00:08
10:00:11,10:00:11,32.7,-0.09,273,892710,卖盘,2017-07-17,2017-07-17 10:00:11
10:00:14,10:00:14,32.7,--,8,26160,买盘,2017-07-17,2017-07-17 10:00:14
10:00:17,10:00:17,32.8,0.1,10,32800,卖盘,2017-07-17,2017-07-17 10:00:17
10:00:20,10:00:20,32.74,-0.06,6,19644,中性盘,2017-07-17,2017-07-17 10:00:20
10:00:23,10:00:23,32.74,--,25,81850,买盘,2017-07-17,2017-07-17 10:00:23
10:00:26,10:00:26,32.72,-0.02,1,3272,卖盘,2017-07-17,2017-07-17 10:00:26
10:00:29,10:00:29,32.8,0.08,76,249279,买盘,2017-07-17,2017-07-17 10:00:29
10:00:32,10:00:32,32.8,--,3,9840,买盘,2017-07-17,2017-07-17 10:00:32
10:00:35,10:00:35,32.8,--,10,32800,买盘,2017-07-17,2017-07-17 10:00:35
10:00:38,10:00:38,32.8,--,10,32800,买盘,2017-07-17,2017-07-17 10:00:38
10:00:41,10:00:41,32.76,-0.04,81,265356,卖盘,2017-07-17,2017-07-17 10:00:41
10:00:44,10:00:44,32.76,--,72,235872,卖盘,2017-07-17,2017-07-17 10:00:44
10:00:47,10:00:47,32.81,0.05,35,114835,买盘,2017-07-17,2017-07-17 10:00:47
10:00:50,10:00:50,32.81,--,9,29529,卖盘,2017-07-17,2017-07-17 10:00:50
10:00:53,10:00:53,32.81,--,1,3281,卖盘,2017-07-17,2017-07-17 10:00:53
10:00:56,10:00:56,32.81,--,150,492150,卖盘,2017-07-17,2017-07-17 10:00:56
10:00:59,10:00:59,32.87,0.06,45,147915,买盘,2017-07-17,2017-07-17 10:00:59
10:01:02,10:01:02,32.86,-0.01,5,16430,中性盘,2017-07-17,2017-07-17 10:01:02
10:01:05,10:01:05,32.86,--,7,23002,买盘,2017-07-17,2017-07-17 10:01:05
10:01:08,10:01:08,32.81,-0.05,239,784159,卖盘,2017-07-17,2017-07-17 10:01:08
10:01:11,10:01:11,32.81,--,44,144364,卖盘,2017-07-17,2017-07-17 10:01:11
10:01:14,10:01:14,32.86,0.05,37,121582,卖盘,2017-07-17,2017-07-17 10:01:14
10:01:17,10:01:17,32.86,--,11,36146,买盘,2017-07-17,2017-07-17 10:01:17
10:01:20,10:01:20,32.88,0.02,48,157824,买盘,2017-07-17,2017-07-17 10:01:20
10:01:23,10:01:23,32.88,--,55,180840,买盘,2017-07-17,2017-07-17 10:01:23
10:01:26,10:01:26,32.88,--,7,23016,卖盘,2017-07-17,2017-07-17 10:01:26
10:01:29,10:01:29,32.87,-0.01,90,295830,卖盘,2017-07-17,2017-07-17 10:01:29
10:01:32,10:01:32,32.88,0.01,67,220296,卖盘,2017-07-17,2017-07-17 10:01:32
10:01:35,10:01:35,32.9,0.02,25,82250,买盘,2017-07-17,2017-07-17 10:01:35
10:01:38,10:01:38,32.9,--,56,184240,卖盘,2017-07-17,2017-07-17 10:01:38
10:01:41,10:01:41,32.97,0.07,153,504441,买盘,2017-07-17,2017-07-17 10:01:41
10:01:44,10:01:44,32.95,-0.02,10,32950,中性盘,2017-07-17,2017-07-17 10:01:44
10:01:50,10:01:50,32.92,-0.03,24,79008,卖盘,2017-07-17,2017-07-17 10:01:50
10:01:53,10:01:53,32.97,0.05,7,23079,买盘,2017-07-17,2017-07-17 10:01:53
10:01:56,10:01:56,32.97,--,146,481362,买盘,2017-07-17,2017-07-17 10:01:56
10:01:59,10:01:59,32.95,-0.02,21,69195,买盘,2017-07-17,2017-07-17 10:01:59
10:02:02,10:02:02,32.96,0.01,228,751488,买盘,2017-07-17,2017-07-17 10:02:02
10:02:05,10:02:05,33.0,0.04,15,49500,买盘,2017-07-17,2017-07-17 10:02:05
10:02:08,10:02:08,32.93,-0.07,50,164650,卖盘,2017-07-17,2017-07-17 10:02:08
10:02:14,10:02:14,33.0,0.07,38,125400,买盘,2017-07-17,2017-07-17 10:02:14
10:02:17,10:02:17,33.0,--,7,23100,卖盘,2017-07-17,2017-07-17 10:02:17
10:02:20,10:02:20,33.01,0.01,60,198060,买盘,2017-07-17,2017-07-17 10:02:20
10:02:23,10:02:23,33.0,-0.01,122,402600,卖盘,2017-07-17,2017-07-17 10:02:23
10:02:26,10:02:26,33.05,0.05,61,201604,买盘,2017-07-17,2017-07-17 10:02:26
10:02:29,10:02:29,33.06,0.01,4,13224,买盘,2017-07-17,2017-07-17 10:02:29
10:02:32,10:02:32,33.06,--,13,42978,买盘,2017-07-17,2017-07-17 10:02:32
10:02:35,10:02:35,33.06,--,37,122322,买盘,2017-07-17,2017-07-17 10:02:35
10:02:38,10:02:38,33.06,--,254,839724,买盘,2017-07-17,2017-07-17 10:02:38
10:02:41,10:02:41,33.06,--,206,681036,买盘,2017-07-17,2017-07-17 10:02:41
10:02:44,10:02:44,33.06,--,234,773604,买盘,2017-07-17,2017-07-17 10:02:44
10:02:47,10:02:47,33.05,-0.01,152,502359,卖盘,2017-07-17,2017-07-17 10:02:47
10:02:50,10:02:50,33.05,--,50,165250,买盘,2017-07-17,2017-07-17 10:02:50
10:02:53,10:02:53,33.05,--,72,237959,买盘,2017-07-17,2017-07-17 10:02:53
10:02:56,10:02:56,33.05,--,80,264400,买盘,2017-07-17,2017-07-17 10:02:56
10:02:59,10:02:59,33.04,-0.01,19,62776,中性盘,2017-07-17,2017-07-17 10:02:59
10:03:02,10:03:02,33.05,0.01,410,1355049,买盘,2017-07-17,2017-07-17 10:03:02
10:03:05,10:03:05,33.06,0.01,66,218196,买盘,2017-07-17,2017-07-17 10:03:05
10:03:08,10:03:08,33.0,-0.06,343,1131900,卖盘,2017-07-17,2017-07-17 10:03:08
10:03:11,10:03:11,33.0,--,142,468600,买盘,2017-07-17,2017-07-17 10:03:11
10:03:14,10:03:14,32.92,-0.08,55,181060,卖盘,2017-07-17,2017-07-17 10:03:14
10:03:17,10:03:17,33.0,0.08,21,69300,买盘,2017-07-17,2017-07-17 10:03:17
10:03:20,10:03:20,33.0,--,1710,5643000,买盘,2017-07-17,2017-07-17 10:03:20
10:03:23,10:03:23,32.9,-0.1,11,36190,卖盘,2017-07-17,2017-07-17 10:03:23
10:03:26,10:03:26,32.9,--,4,13160,卖盘,2017-07-17,2017-07-17 10:03:26
10:03:29,10:03:29,32.9,--,80,263200,卖盘,2017-07-17,2017-07-17 10:03:29
10:03:32,10:03:32,32.99,0.09,14,46186,买盘,2017-07-17,2017-07-17 10:03:32
10:03:35,10:03:35,32.9,-0.09,1,3290,中性盘,2017-07-17,2017-07-17 10:03:35
10:03:38,10:03:38,32.92,0.02,11,36212,买盘,2017-07-17,2017-07-17 10:03:38
10:03:41,10:03:41,32.92,--,3,9876,卖盘,2017-07-17,2017-07-17 10:03:41
10:03:44,10:03:44,32.93,0.01,8,26344,买盘,2017-07-17,2017-07-17 10:03:44
10:03:47,10:03:47,32.93,--,3,9879,买盘,2017-07-17,2017-07-17 10:03:47
10:03:50,10:03:50,32.93,--,24,79032,买盘,2017-07-17,2017-07-17 10:03:50
10:03:53,10:03:53,33.0,0.07,28,92400,买盘,2017-07-17,2017-07-17 10:03:53
10:03:56,10:03:56,32.92,-0.08,122,401624,卖盘,2017-07-17,2017-07-17 10:03:56
10:03:59,10:03:59,32.93,0.01,9,29637,卖盘,2017-07-17,2017-07-17 10:03:59
10:04:02,10:04:02,32.93,--,5,16465,卖盘,2017-07-17,2017-07-17 10:04:02
10:04:05,10:04:05,32.93,--,0,0,卖盘,2017-07-17,2017-07-17 10:04:05
10:04:08,10:04:08,33.04,0.11,101,333704,买盘,2017-07-17,2017-07-17 10:04:08
10:04:11,10:04:11,33.05,0.01,155,512274,买盘,2017-07-17,2017-07-17 10:04:11
10:04:14,10:04:14,33.05,--,13,42964,卖盘,2017-07-17,2017-07-17 10:04:14
10:04:17,10:04:17,33.04,-0.01,55,181720,卖盘,2017-07-17,2017-07-17 10:04:17
10:04:20,10:04:20,33.06,0.02,4,13224,买盘,2017-07-17,2017-07-17 10:04:20
10:04:23,10:04:23,33.06,--,17,56202,买盘,2017-07-17,2017-07-17 10:04:23
10:04:26,10:04:26,33.06,--,33,109098,买盘,2017-07-17,2017-07-17 10:04:26
10:04:30,10:04:30,33.06,--,40,132240,买盘,2017-07-17,2017-07-17 10:04:30
10:04:32,10:04:32,33.08,0.02,247,817076,买盘,2017-07-17,2017-07-17 10:04:32
10:04:36,10:04:36,33.09,0.01,100,330900,买盘,2017-07-17,2017-07-17 10:04:36
10:04:39,10:04:39,33.09,--,101,334209,买盘,2017-07-17,2017-07-17 10:04:39
10:04:42,10:04:42,33.1,0.01,69,228390,买盘,2017-07-17,2017-07-17 10:04:42
10:04:48,10:04:48,33.1,--,2,6620,卖盘,2017-07-17,2017-07-17 10:04:48
10:04:51,10:04:51,33.14,0.04,3,9942,买盘,2017-07-17,2017-07-17 10:04:51
10:04:54,10:04:54,33.15,0.01,104,344760,买盘,2017-07-17,2017-07-17 10:04:54
10:04:57,10:04:57,33.18,0.03,105,348390,买盘,2017-07-17,2017-07-17 10:04:57
10:05:00,10:05:00,33.18,--,10,33180,卖盘,2017-07-17,2017-07-17 10:05:00
10:05:03,10:05:03,33.19,0.01,1,3319,买盘,2017-07-17,2017-07-17 10:05:03
10:05:06,10:05:06,33.18,-0.01,60,199080,卖盘,2017-07-17,2017-07-17 10:05:06
10:05:09,10:05:09,33.2,0.02,82,272240,买盘,2017-07-17,2017-07-17 10:05:09
10:05:15,10:05:15,33.2,--,155,514600,卖盘,2017-07-17,2017-07-17 10:05:15
10:05:18,10:05:18,33.25,0.05,556,1848700,买盘,2017-07-17,2017-07-17 10:05:18
10:05:21,10:05:21,33.21,-0.04,16,53136,卖盘,2017-07-17,2017-07-17 10:05:21
10:05:24,10:05:24,33.23,0.02,53,176118,中性盘,2017-07-17,2017-07-17 10:05:24
10:05:27,10:05:27,33.25,0.02,98,325850,买盘,2017-07-17,2017-07-17 10:05:27
10:05:30,10:05:30,33.21,-0.04,301,999621,卖盘,2017-07-17,2017-07-17 10:05:30
10:05:33,10:05:33,33.28,0.07,33,109824,中性盘,2017-07-17,2017-07-17 10:05:33
10:05:36,10:05:36,33.26,-0.02,21,69846,卖盘,2017-07-17,2017-07-17 10:05:36
10:05:39,10:05:39,33.3,0.04,66,219779,买盘,2017-07-17,2017-07-17 10:05:39
10:05:42,10:05:42,33.28,-0.02,54,179712,卖盘,2017-07-17,2017-07-17 10:05:42
10:05:45,10:05:45,33.29,0.01,195,649155,买盘,2017-07-17,2017-07-17 10:05:45
10:05:48,10:05:48,33.1,-0.19,1109,3670790,卖盘,2017-07-17,2017-07-17 10:05:48
10:05:51,10:05:51,33.1,--,44,145640,买盘,2017-07-17,2017-07-17 10:05:51
10:05:54,10:05:54,33.26,0.16,127,422402,买盘,2017-07-17,2017-07-17 10:05:54
10:05:57,10:05:57,33.29,0.03,56,186424,中性盘,2017-07-17,2017-07-17 10:05:57
10:06:00,10:06:00,33.3,0.01,93,309690,买盘,2017-07-17,2017-07-17 10:06:00
10:06:03,10:06:03,33.21,-0.09,137,454977,卖盘,2017-07-17,2017-07-17 10:06:03
10:06:06,10:06:06,33.2,-0.01,76,252320,买盘,2017-07-17,2017-07-17 10:06:06
10:06:09,10:06:09,33.2,--,213,707160,买盘,2017-07-17,2017-07-17 10:06:09
10:06:12,10:06:12,33.21,0.01,1,3321,买盘,2017-07-17,2017-07-17 10:06:12
10:06:15,10:06:15,33.18,-0.03,94,311892,卖盘,2017-07-17,2017-07-17 10:06:15
10:06:18,10:06:18,33.18,--,32,106176,买盘,2017-07-17,2017-07-17 10:06:18
10:06:21,10:06:21,33.18,--,44,145992,买盘,2017-07-17,2017-07-17 10:06:21
10:06:24,10:06:24,33.18,--,27,89586,买盘,2017-07-17,2017-07-17 10:06:24
10:06:27,10:06:27,33.18,--,35,116130,买盘,2017-07-17,2017-07-17 10:06:27
10:06:30,10:06:30,33.18,--,80,265440,买盘,2017-07-17,2017-07-17 10:06:30
10:06:33,10:06:33,33.2,0.02,15,49800,买盘,2017-07-17,2017-07-17 10:06:33
10:06:36,10:06:36,33.2,--,11,36520,买盘,2017-07-17,2017-07-17 10:06:36
10:06:39,10:06:39,33.2,--,16,53120,买盘,2017-07-17,2017-07-17 10:06:39
10:06:42,10:06:42,33.2,--,59,195880,买盘,2017-07-17,2017-07-17 10:06:42
10:06:45,10:06:45,33.25,0.05,146,485450,买盘,2017-07-17,2017-07-17 10:06:45
10:06:48,10:06:48,33.21,-0.04,3,9963,卖盘,2017-07-17,2017-07-17 10:06:48
10:06:51,10:06:51,33.2,-0.01,54,179280,卖盘,2017-07-17,2017-07-17 10:06:51
10:06:54,10:06:54,33.21,0.01,7,23247,中性盘,2017-07-17,2017-07-17 10:06:54
10:06:57,10:06:57,33.25,0.04,53,176225,买盘,2017-07-17,2017-07-17 10:06:57
10:07:00,10:07:00,33.2,-0.05,250,830000,卖盘,2017-07-17,2017-07-17 10:07:00
10:07:03,10:07:03,33.24,0.04,63,209412,中性盘,2017-07-17,2017-07-17 10:07:03
10:07:06,10:07:06,33.24,--,32,106368,买盘,2017-07-17,2017-07-17 10:07:06
10:07:09,10:07:09,33.26,0.02,130,432380,买盘,2017-07-17,2017-07-17 10:07:09
10:07:15,10:07:15,33.22,-0.04,42,139524,卖盘,2017-07-17,2017-07-17 10:07:15
10:07:18,10:07:18,33.26,0.04,219,728394,买盘,2017-07-17,2017-07-17 10:07:18
10:07:21,10:07:21,33.26,--,20,66520,卖盘,2017-07-17,2017-07-17 10:07:21
10:07:24,10:07:24,33.28,0.02,200,665600,买盘,2017-07-17,2017-07-17 10:07:24
10:07:27,10:07:27,33.28,--,15,49920,卖盘,2017-07-17,2017-07-17 10:07:27
10:07:30,10:07:30,33.28,--,13,43264,卖盘,2017-07-17,2017-07-17 10:07:30
10:07:33,10:07:33,33.28,--,90,299520,卖盘,2017-07-17,2017-07-17 10:07:33
10:07:36,10:07:36,33.29,0.01,19,63251,买盘,2017-07-17,2017-07-17 10:07:36
10:07:39,10:07:39,33.3,0.01,33,109889,买盘,2017-07-17,2017-07-17 10:07:39
10:07:42,10:07:42,33.29,-0.01,65,216385,卖盘,2017-07-17,2017-07-17 10:07:42
10:07:45,10:07:45,33.31,0.02,11,36641,买盘,2017-07-17,2017-07-17 10:07:45
10:07:48,10:07:48,33.31,--,6,19986,买盘,2017-07-17,2017-07-17 10:07:48
10:07:51,10:07:51,33.28,-0.03,238,792064,卖盘,2017-07-17,2017-07-17 10:07:51
10:07:54,10:07:54,33.28,--,27,89856,买盘,2017-07-17,2017-07-17 10:07:54
10:07:57,10:07:57,33.32,0.04,141,469812,买盘,2017-07-17,2017-07-17 10:07:57
10:08:00,10:08:00,33.33,0.01,12,39996,买盘,2017-07-17,2017-07-17 10:08:00
10:08:03,10:08:03,33.33,--,85,283305,买盘,2017-07-17,2017-07-17 10:08:03
10:08:06,10:08:06,33.33,--,26,86658,买盘,2017-07-17,2017-07-17 10:08:06
10:08:09,10:08:09,33.34,0.01,50,166700,买盘,2017-07-17,2017-07-17 10:08:09
10:08:12,10:08:12,33.34,--,23,76682,卖盘,2017-07-17,2017-07-17 10:08:12
10:08:15,10:08:15,33.34,--,2,6668,卖盘,2017-07-17,2017-07-17 10:08:15
10:08:18,10:08:18,33.34,--,0,0,卖盘,2017-07-17,2017-07-17 10:08:18
10:08:21,10:08:21,33.4,0.06,27,90180,买盘,2017-07-17,2017-07-17 10:08:21
10:08:24,10:08:24,33.4,--,71,237140,买盘,2017-07-17,2017-07-17 10:08:24
10:08:27,10:08:27,33.4,--,109,364060,买盘,2017-07-17,2017-07-17 10:08:27
10:08:30,10:08:30,33.38,-0.02,17,56746,中性盘,2017-07-17,2017-07-17 10:08:30
10:08:33,10:08:33,33.39,0.01,1,3339,买盘,2017-07-17,2017-07-17 10:08:33
10:08:36,10:08:36,33.4,0.01,8,26720,买盘,2017-07-17,2017-07-17 10:08:36
10:08:39,10:08:39,33.42,0.02,8,26736,买盘,2017-07-17,2017-07-17 10:08:39
10:08:42,10:08:42,33.4,-0.02,6,20040,卖盘,2017-07-17,2017-07-17 10:08:42
10:08:45,10:08:45,33.38,-0.02,61,203618,卖盘,2017-07-17,2017-07-17 10:08:45
10:08:48,10:08:48,33.4,0.02,15,50100,中性盘,2017-07-17,2017-07-17 10:08:48
10:08:51,10:08:51,33.42,0.02,27,90234,买盘,2017-07-17,2017-07-17 10:08:51
10:08:54,10:08:54,33.39,-0.03,110,367290,卖盘,2017-07-17,2017-07-17 10:08:54
10:08:57,10:08:57,33.42,0.03,12,40104,买盘,2017-07-17,2017-07-17 10:08:57
10:09:00,10:09:00,33.42,--,41,137022,买盘,2017-07-17,2017-07-17 10:09:00
10:09:03,10:09:03,33.4,-0.02,157,524380,卖盘,2017-07-17,2017-07-17 10:09:03
10:09:06,10:09:06,33.4,--,67,223780,买盘,2017-07-17,2017-07-17 10:09:06
10:09:09,10:09:09,33.42,0.02,43,143706,买盘,2017-07-17,2017-07-17 10:09:09
10:09:12,10:09:12,33.42,--,53,177126,买盘,2017-07-17,2017-07-17 10:09:12
10:09:15,10:09:15,33.42,--,139,464538,买盘,2017-07-17,2017-07-17 10:09:15
10:09:18,10:09:18,33.42,--,11,36762,买盘,2017-07-17,2017-07-17 10:09:18
10:09:21,10:09:21,33.42,--,72,240624,买盘,2017-07-17,2017-07-17 10:09:21
10:09:24,10:09:24,33.4,-0.02,100,334000,买盘,2017-07-17,2017-07-17 10:09:24
10:09:27,10:09:27,33.42,0.02,105,350910,买盘,2017-07-17,2017-07-17 10:09:27
10:09:30,10:09:30,33.39,-0.03,23,76797,卖盘,2017-07-17,2017-07-17 10:09:30
10:09:33,10:09:33,33.4,0.01,78,260520,买盘,2017-07-17,2017-07-17 10:09:33
10:09:36,10:09:36,33.4,--,280,935200,卖盘,2017-07-17,2017-07-17 10:09:36
10:09:39,10:09:39,33.39,-0.01,93,310527,买盘,2017-07-17,2017-07-17 10:09:39
10:09:42,10:09:42,33.39,--,9,30051,买盘,2017-07-17,2017-07-17 10:09:42
10:09:45,10:09:45,33.38,-0.01,56,186928,中性盘,2017-07-17,2017-07-17 10:09:45
10:09:48,10:09:48,33.4,0.02,92,307280,买盘,2017-07-17,2017-07-17 10:09:48
10:09:51,10:09:51,33.41,0.01,44,147003,买盘,2017-07-17,2017-07-17 10:09:51
10:09:54,10:09:54,33.35,-0.06,307,1023845,卖盘,2017-07-17,2017-07-17 10:09:54
10:09:57,10:09:57,33.36,0.01,8,26688,买盘,2017-07-17,2017-07-17 10:09:57
10:10:00,10:10:00,33.36,--,7,23352,买盘,2017-07-17,2017-07-17 10:10:00
10:10:03,10:10:03,33.36,--,10,33360,买盘,2017-07-17,2017-07-17 10:10:03
10:10:06,10:10:06,33.36,--,16,53376,买盘,2017-07-17,2017-07-17 10:10:06
10:10:09,10:10:09,33.36,--,21,70056,买盘,2017-07-17,2017-07-17 10:10:09
10:10:12,10:10:12,33.37,0.01,71,236926,卖盘,2017-07-17,2017-07-17 10:10:12
10:10:15,10:10:15,33.37,--,84,280308,卖盘,2017-07-17,2017-07-17 10:10:15
10:10:18,10:10:18,33.37,--,13,43381,卖盘,2017-07-17,2017-07-17 10:10:18
10:10:21,10:10:21,33.37,--,0,0,卖盘,2017-07-17,2017-07-17 10:10:21
10:10:24,10:10:24,33.4,0.03,29,96860,买盘,2017-07-17,2017-07-17 10:10:24
10:10:27,10:10:27,33.4,--,309,1032060,买盘,2017-07-17,2017-07-17 10:10:27
10:10:30,10:10:30,33.4,--,82,273880,买盘,2017-07-17,2017-07-17 10:10:30
10:10:33,10:10:33,33.39,-0.01,132,440748,卖盘,2017-07-17,2017-07-17 10:10:33
10:10:36,10:10:36,33.4,0.01,31,103540,买盘,2017-07-17,2017-07-17 10:10:36
10:10:39,10:10:39,33.4,--,106,354040,买盘,2017-07-17,2017-07-17 10:10:39
10:10:42,10:10:42,33.4,--,164,547760,卖盘,2017-07-17,2017-07-17 10:10:42
10:10:45,10:10:45,33.37,-0.03,11,36707,中性盘,2017-07-17,2017-07-17 10:10:45
10:10:48,10:10:48,33.4,0.03,14,46760,买盘,2017-07-17,2017-07-17 10:10:48
10:10:51,10:10:51,33.38,-0.02,9,30042,中性盘,2017-07-17,2017-07-17 10:10:51
10:10:54,10:10:54,33.35,-0.03,66,220110,卖盘,2017-07-17,2017-07-17 10:10:54
10:10:57,10:10:57,33.38,0.03,1,3338,买盘,2017-07-17,2017-07-17 10:10:57
10:11:00,10:11:00,33.39,0.01,13,43407,买盘,2017-07-17,2017-07-17 10:11:00
10:11:03,10:11:03,33.39,--,42,140238,买盘,2017-07-17,2017-07-17 10:11:03
10:11:06,10:11:06,33.37,-0.02,53,176861,中性盘,2017-07-17,2017-07-17 10:11:06
10:11:09,10:11:09,33.38,0.01,26,86788,买盘,2017-07-17,2017-07-17 10:11:09
10:11:12,10:11:12,33.39,0.01,62,207018,买盘,2017-07-17,2017-07-17 10:11:12
10:11:15,10:11:15,33.35,-0.04,32,106720,卖盘,2017-07-17,2017-07-17 10:11:15
10:11:18,10:11:18,33.34,-0.01,40,133360,卖盘,2017-07-17,2017-07-17 10:11:18
10:11:21,10:11:21,33.39,0.05,99,330561,买盘,2017-07-17,2017-07-17 10:11:21
10:11:24,10:11:24,33.39,--,9,30051,卖盘,2017-07-17,2017-07-17 10:11:24
10:11:27,10:11:27,33.38,-0.01,208,694304,卖盘,2017-07-17,2017-07-17 10:11:27
10:11:31,10:11:31,33.38,--,45,150210,卖盘,2017-07-17,2017-07-17 10:11:31
10:11:34,10:11:34,33.34,-0.04,311,1036874,卖盘,2017-07-17,2017-07-17 10:11:34
10:11:37,10:11:37,33.39,0.05,23,76797,买盘,2017-07-17,2017-07-17 10:11:37
10:11:40,10:11:40,33.38,-0.01,15,50070,中性盘,2017-07-17,2017-07-17 10:11:40
10:11:43,10:11:43,33.39,0.01,28,93492,买盘,2017-07-17,2017-07-17 10:11:43
10:11:46,10:11:46,33.4,0.01,17,56780,买盘,2017-07-17,2017-07-17 10:11:46
10:11:48,10:11:48,33.38,-0.02,20,66760,卖盘,2017-07-17,2017-07-17 10:11:48
10:11:52,10:11:52,33.4,0.02,100,334000,买盘,2017-07-17,2017-07-17 10:11:52
10:11:55,10:11:55,33.39,-0.01,48,160272,中性盘,2017-07-17,2017-07-17 10:11:55
10:11:58,10:11:58,33.38,-0.01,8,26704,卖盘,2017-07-17,2017-07-17 10:11:58
10:12:04,10:12:04,33.4,0.02,75,250500,买盘,2017-07-17,2017-07-17 10:12:04
10:12:07,10:12:07,33.39,-0.01,28,93492,卖盘,2017-07-17,2017-07-17 10:12:07
10:12:10,10:12:10,33.39,--,41,136899,卖盘,2017-07-17,2017-07-17 10:12:10
10:12:13,10:12:13,33.38,-0.01,9,30042,卖盘,2017-07-17,2017-07-17 10:12:13
10:12:16,10:12:16,33.4,0.02,180,601200,买盘,2017-07-17,2017-07-17 10:12:16
10:12:19,10:12:19,33.38,-0.02,24,80112,卖盘,2017-07-17,2017-07-17 10:12:19
10:12:22,10:12:22,33.36,-0.02,95,316920,卖盘,2017-07-17,2017-07-17 10:12:22
10:12:25,10:12:25,33.38,0.02,41,136858,买盘,2017-07-17,2017-07-17 10:12:25
10:12:28,10:12:28,33.4,0.02,24,80160,买盘,2017-07-17,2017-07-17 10:12:28
10:12:31,10:12:31,33.34,-0.06,213,710142,卖盘,2017-07-17,2017-07-17 10:12:31
10:12:34,10:12:34,33.39,0.05,89,297171,买盘,2017-07-17,2017-07-17 10:12:34
10:12:37,10:12:37,33.39,--,100,333900,买盘,2017-07-17,2017-07-17 10:12:37
10:12:40,10:12:40,33.37,-0.02,65,216904,中性盘,2017-07-17,2017-07-17 10:12:40
10:12:43,10:12:43,33.36,-0.01,27,90072,卖盘,2017-07-17,2017-07-17 10:12:43
10:12:46,10:12:46,33.38,0.02,58,193604,买盘,2017-07-17,2017-07-17 10:12:46
10:12:49,10:12:49,33.4,0.02,268,895120,买盘,2017-07-17,2017-07-17 10:12:49
10:12:52,10:12:52,33.4,--,25,83500,卖盘,2017-07-17,2017-07-17 10:12:52
10:12:55,10:12:55,33.39,-0.01,13,43407,卖盘,2017-07-17,2017-07-17 10:12:55
10:12:58,10:12:58,33.4,0.01,1,3340,中性盘,2017-07-17,2017-07-17 10:12:58
10:13:01,10:13:01,33.39,-0.01,47,156933,卖盘,2017-07-17,2017-07-17 10:13:01
10:13:04,10:13:04,33.36,-0.03,21,70056,卖盘,2017-07-17,2017-07-17 10:13:04
10:13:07,10:13:07,33.38,0.02,11,36718,中性盘,2017-07-17,2017-07-17 10:13:07
10:13:10,10:13:10,33.39,0.01,7,23373,买盘,2017-07-17,2017-07-17 10:13:10
10:13:13,10:13:13,33.39,--,100,333900,买盘,2017-07-17,2017-07-17 10:13:13
10:13:16,10:13:16,33.36,-0.03,29,96744,卖盘,2017-07-17,2017-07-17 10:13:16
10:13:19,10:13:19,33.38,0.02,7,23366,买盘,2017-07-17,2017-07-17 10:13:19
10:13:25,10:13:25,33.35,-0.03,26,86710,卖盘,2017-07-17,2017-07-17 10:13:25
10:13:28,10:13:28,33.35,--,108,360180,卖盘,2017-07-17,2017-07-17 10:13:28
10:13:34,10:13:34,33.34,-0.01,64,213376,卖盘,2017-07-17,2017-07-17 10:13:34
10:13:37,10:13:37,33.33,-0.01,2,6666,卖盘,2017-07-17,2017-07-17 10:13:37
10:13:40,10:13:40,33.33,--,66,219978,卖盘,2017-07-17,2017-07-17 10:13:40
10:13:43,10:13:43,33.34,0.01,145,483430,买盘,2017-07-17,2017-07-17 10:13:43
10:13:46,10:13:46,33.31,-0.03,6,19986,卖盘,2017-07-17,2017-07-17 10:13:46
10:13:49,10:13:49,33.31,--,123,409713,卖盘,2017-07-17,2017-07-17 10:13:49
10:13:52,10:13:52,33.3,-0.01,67,223109,卖盘,2017-07-17,2017-07-17 10:13:52
10:14:01,10:14:01,33.28,-0.02,70,232960,卖盘,2017-07-17,2017-07-17 10:14:01
10:14:04,10:14:04,33.28,--,102,339456,买盘,2017-07-17,2017-07-17 10:14:04
10:14:10,10:14:10,33.26,-0.02,10,33260,卖盘,2017-07-17,2017-07-17 10:14:10
10:14:13,10:14:13,33.26,--,5,16630,卖盘,2017-07-17,2017-07-17 10:14:13
10:14:16,10:14:16,33.26,--,24,79824,卖盘,2017-07-17,2017-07-17 10:14:16
10:14:19,10:14:19,33.26,--,25,83150,卖盘,2017-07-17,2017-07-17 10:14:19
10:14:22,10:14:22,33.23,-0.03,68,225963,卖盘,2017-07-17,2017-07-17 10:14:22
10:14:25,10:14:25,33.25,0.02,11,36575,买盘,2017-07-17,2017-07-17 10:14:25
10:14:28,10:14:28,33.25,--,3,9975,买盘,2017-07-17,2017-07-17 10:14:28
10:14:31,10:14:31,33.2,-0.05,194,644080,卖盘,2017-07-17,2017-07-17 10:14:31
10:14:34,10:14:34,33.2,--,10,33200,买盘,2017-07-17,2017-07-17 10:14:34
10:14:37,10:14:37,33.2,--,8,26560,买盘,2017-07-17,2017-07-17 10:14:37
10:14:40,10:14:40,33.12,-0.08,11,36432,卖盘,2017-07-17,2017-07-17 10:14:40
10:14:43,10:14:43,33.2,0.08,10,33200,买盘,2017-07-17,2017-07-17 10:14:43
10:14:46,10:14:46,33.2,--,0,0,买盘,2017-07-17,2017-07-17 10:14:46
10:14:49,10:14:49,33.11,-0.09,96,317856,卖盘,2017-07-17,2017-07-17 10:14:49
10:14:52,10:14:52,33.12,0.01,141,466991,卖盘,2017-07-17,2017-07-17 10:14:52
10:14:55,10:14:55,33.1,-0.02,10,33100,卖盘,2017-07-17,2017-07-17 10:14:55
10:14:58,10:14:58,33.04,-0.06,281,928424,卖盘,2017-07-17,2017-07-17 10:14:58
10:15:05,10:15:05,33.04,--,101,333704,买盘,2017-07-17,2017-07-17 10:15:05
10:15:07,10:15:07,33.1,0.06,39,129090,买盘,2017-07-17,2017-07-17 10:15:07
10:15:11,10:15:11,33.1,--,64,211840,买盘,2017-07-17,2017-07-17 10:15:11
10:15:14,10:15:14,33.04,-0.06,2,6608,卖盘,2017-07-17,2017-07-17 10:15:14
10:15:16,10:15:16,33.0,-0.04,107,353100,卖盘,2017-07-17,2017-07-17 10:15:16
10:15:20,10:15:20,33.0,--,54,178200,买盘,2017-07-17,2017-07-17 10:15:20
10:15:23,10:15:23,33.03,0.03,20,66060,买盘,2017-07-17,2017-07-17 10:15:23
10:15:25,10:15:25,33.04,0.01,9,29736,卖盘,2017-07-17,2017-07-17 10:15:25
10:15:28,10:15:28,33.02,-0.02,157,518414,卖盘,2017-07-17,2017-07-17 10:15:28
10:15:32,10:15:32,33.05,0.03,61,201604,中性盘,2017-07-17,2017-07-17 10:15:32
10:15:35,10:15:35,32.98,-0.07,87,286926,卖盘,2017-07-17,2017-07-17 10:15:35
10:15:37,10:15:37,32.98,--,134,441931,买盘,2017-07-17,2017-07-17 10:15:37
10:15:40,10:15:40,33.01,0.03,5,16505,中性盘,2017-07-17,2017-07-17 10:15:40
10:15:44,10:15:44,33.02,0.01,172,567944,买盘,2017-07-17,2017-07-17 10:15:44
10:15:47,10:15:47,33.02,--,8,26416,卖盘,2017-07-17,2017-07-17 10:15:47
10:15:49,10:15:49,33.03,0.01,27,89181,买盘,2017-07-17,2017-07-17 10:15:49
10:15:56,10:15:56,33.02,-0.01,70,231140,卖盘,2017-07-17,2017-07-17 10:15:56
10:15:59,10:15:59,33.02,--,5,16510,卖盘,2017-07-17,2017-07-17 10:15:59
10:16:05,10:16:05,33.09,0.07,17,56253,买盘,2017-07-17,2017-07-17 10:16:05
10:16:08,10:16:08,33.04,-0.05,29,95816,卖盘,2017-07-17,2017-07-17 10:16:08
10:16:11,10:16:11,33.04,--,60,198240,卖盘,2017-07-17,2017-07-17 10:16:11
10:16:13,10:16:13,33.09,0.05,37,122433,买盘,2017-07-17,2017-07-17 10:16:13
10:16:17,10:16:17,33.09,--,26,86034,买盘,2017-07-17,2017-07-17 10:16:17
10:16:20,10:16:20,33.12,0.03,172,569664,买盘,2017-07-17,2017-07-17 10:16:20
10:16:26,10:16:26,33.12,--,4,13247,卖盘,2017-07-17,2017-07-17 10:16:26
10:16:29,10:16:29,33.13,0.01,92,304796,买盘,2017-07-17,2017-07-17 10:16:29
10:16:32,10:16:32,33.13,--,5,16565,买盘,2017-07-17,2017-07-17 10:16:32
10:16:35,10:16:35,33.13,--,17,56321,买盘,2017-07-17,2017-07-17 10:16:35
10:16:38,10:16:38,33.09,-0.04,310,1025790,卖盘,2017-07-17,2017-07-17 10:16:38
10:16:40,10:16:40,33.12,0.03,136,450431,买盘,2017-07-17,2017-07-17 10:16:40
10:16:44,10:16:44,33.12,--,12,39744,买盘,2017-07-17,2017-07-17 10:16:44
10:16:47,10:16:47,33.12,--,9,29807,买盘,2017-07-17,2017-07-17 10:16:47
10:16:50,10:16:50,33.12,--,9,29807,买盘,2017-07-17,2017-07-17 10:16:50
10:16:53,10:16:53,33.12,--,1,3311,买盘,2017-07-17,2017-07-17 10:16:53
10:16:56,10:16:56,33.12,--,132,437183,买盘,2017-07-17,2017-07-17 10:16:56
10:16:59,10:16:59,33.09,-0.03,52,172068,卖盘,2017-07-17,2017-07-17 10:16:59
10:17:02,10:17:02,33.09,--,57,188613,卖盘,2017-07-17,2017-07-17 10:17:02
10:17:05,10:17:05,33.1,0.01,59,195290,买盘,2017-07-17,2017-07-17 10:17:05
10:17:08,10:17:08,33.09,-0.01,30,99270,卖盘,2017-07-17,2017-07-17 10:17:08
10:17:11,10:17:11,33.12,0.03,77,255023,买盘,2017-07-17,2017-07-17 10:17:11
10:17:14,10:17:14,33.1,-0.02,21,69510,中性盘,2017-07-17,2017-07-17 10:17:14
10:17:17,10:17:17,33.09,-0.01,10,33090,中性盘,2017-07-17,2017-07-17 10:17:17
10:17:20,10:17:20,33.06,-0.03,21,69426,卖盘,2017-07-17,2017-07-17 10:17:20
10:17:22,10:17:22,33.09,0.03,3,9927,中性盘,2017-07-17,2017-07-17 10:17:22
10:17:26,10:17:26,33.09,--,10,33090,买盘,2017-07-17,2017-07-17 10:17:26
10:17:29,10:17:29,33.09,--,19,62871,买盘,2017-07-17,2017-07-17 10:17:29
10:17:32,10:17:32,33.05,-0.04,17,56184,卖盘,2017-07-17,2017-07-17 10:17:32
10:17:35,10:17:35,33.06,0.01,3,9918,买盘,2017-07-17,2017-07-17 10:17:35
10:17:38,10:17:38,33.1,0.04,192,635520,买盘,2017-07-17,2017-07-17 10:17:38
10:17:41,10:17:41,33.1,--,3,9930,卖盘,2017-07-17,2017-07-17 10:17:41
10:17:44,10:17:44,33.06,-0.04,97,320682,卖盘,2017-07-17,2017-07-17 10:17:44
10:17:47,10:17:47,33.05,-0.01,42,138810,卖盘,2017-07-17,2017-07-17 10:17:47
10:17:50,10:17:50,33.05,--,10,33050,卖盘,2017-07-17,2017-07-17 10:17:50
10:17:53,10:17:53,33.05,--,12,39660,卖盘,2017-07-17,2017-07-17 10:17:53
10:17:56,10:17:56,33.06,0.01,21,69426,买盘,2017-07-17,2017-07-17 10:17:56
10:17:59,10:17:59,33.05,-0.01,69,228044,卖盘,2017-07-17,2017-07-17 10:17:59
10:18:02,10:18:02,33.05,--,5,16525,买盘,2017-07-17,2017-07-17 10:18:02
10:18:05,10:18:05,33.06,0.01,35,115710,买盘,2017-07-17,2017-07-17 10:18:05
10:18:08,10:18:08,33.06,--,1,3306,卖盘,2017-07-17,2017-07-17 10:18:08
10:18:11,10:18:11,33.04,-0.02,19,62776,卖盘,2017-07-17,2017-07-17 10:18:11
10:18:14,10:18:14,33.04,--,11,36344,卖盘,2017-07-17,2017-07-17 10:18:14
10:18:17,10:18:17,33.06,0.02,145,479370,买盘,2017-07-17,2017-07-17 10:18:17
10:18:20,10:18:20,33.05,-0.01,89,294145,中性盘,2017-07-17,2017-07-17 10:18:20
10:18:23,10:18:23,33.04,-0.01,61,201544,中性盘,2017-07-17,2017-07-17 10:18:23
10:18:26,10:18:26,33.0,-0.04,172,567600,卖盘,2017-07-17,2017-07-17 10:18:26
10:18:29,10:18:29,33.0,--,3,9900,买盘,2017-07-17,2017-07-17 10:18:29
10:18:32,10:18:32,33.04,0.04,49,161896,买盘,2017-07-17,2017-07-17 10:18:32
10:18:35,10:18:35,32.99,-0.05,2,6598,卖盘,2017-07-17,2017-07-17 10:18:35
10:18:38,10:18:38,32.99,--,10,32990,卖盘,2017-07-17,2017-07-17 10:18:38
10:18:41,10:18:41,32.98,-0.01,7,23085,卖盘,2017-07-17,2017-07-17 10:18:41
10:18:44,10:18:44,32.99,0.01,22,72578,买盘,2017-07-17,2017-07-17 10:18:44
10:18:47,10:18:47,33.0,0.01,18,59400,买盘,2017-07-17,2017-07-17 10:18:47
10:18:50,10:18:50,33.0,--,21,69300,卖盘,2017-07-17,2017-07-17 10:18:50
10:18:53,10:18:53,32.98,-0.02,69,227561,卖盘,2017-07-17,2017-07-17 10:18:53
10:18:56,10:18:56,32.98,--,10,32980,买盘,2017-07-17,2017-07-17 10:18:56
10:18:59,10:18:59,32.97,-0.01,31,102207,卖盘,2017-07-17,2017-07-17 10:18:59
10:19:02,10:19:02,33.04,0.07,23,75992,买盘,2017-07-17,2017-07-17 10:19:02
10:19:05,10:19:05,32.97,-0.07,3,9891,卖盘,2017-07-17,2017-07-17 10:19:05
10:19:08,10:19:08,32.98,0.01,7,23085,中性盘,2017-07-17,2017-07-17 10:19:08
10:19:11,10:19:11,33.0,0.02,112,369600,买盘,2017-07-17,2017-07-17 10:19:11
10:19:14,10:19:14,33.0,--,9,29700,买盘,2017-07-17,2017-07-17 10:19:14
10:19:17,10:19:17,33.0,--,2,6600,卖盘,2017-07-17,2017-07-17 10:19:17
10:19:20,10:19:20,33.0,--,132,435600,卖盘,2017-07-17,2017-07-17 10:19:20
10:19:23,10:19:23,33.0,--,23,75900,买盘,2017-07-17,2017-07-17 10:19:23
10:19:26,10:19:26,33.0,--,74,244200,买盘,2017-07-17,2017-07-17 10:19:26
10:19:29,10:19:29,33.0,--,11,36300,卖盘,2017-07-17,2017-07-17 10:19:29
10:19:32,10:19:32,33.03,0.03,61,201483,买盘,2017-07-17,2017-07-17 10:19:32
10:19:35,10:19:35,33.0,-0.03,115,379500,卖盘,2017-07-17,2017-07-17 10:19:35
10:19:38,10:19:38,33.0,--,20,66000,买盘,2017-07-17,2017-07-17 10:19:38
10:19:41,10:19:41,33.0,--,2,6600,买盘,2017-07-17,2017-07-17 10:19:41
10:19:44,10:19:44,33.0,--,29,95700,买盘,2017-07-17,2017-07-17 10:19:44
10:19:47,10:19:47,33.0,--,2,6600,卖盘,2017-07-17,2017-07-17 10:19:47
10:19:50,10:19:50,33.0,--,33,108900,卖盘,2017-07-17,2017-07-17 10:19:50
10:19:53,10:19:53,33.04,0.04,650,2147600,买盘,2017-07-17,2017-07-17 10:19:53
10:19:56,10:19:56,33.04,--,0,0,买盘,2017-07-17,2017-07-17 10:19:56
10:19:59,10:19:59,33.04,--,23,75992,买盘,2017-07-17,2017-07-17 10:19:59
10:20:02,10:20:02,33.04,--,19,62776,卖盘,2017-07-17,2017-07-17 10:20:02
10:20:08,10:20:08,33.04,--,36,118944,卖盘,2017-07-17,2017-07-17 10:20:08
10:20:11,10:20:11,33.04,--,88,290752,卖盘,2017-07-17,2017-07-17 10:20:11
10:20:14,10:20:14,33.06,0.02,5,16530,买盘,2017-07-17,2017-07-17 10:20:14
10:20:17,10:20:17,33.06,--,0,0,中性盘,2017-07-17,2017-07-17 10:20:17
10:20:20,10:20:20,33.1,0.04,158,522980,买盘,2017-07-17,2017-07-17 10:20:20
10:20:26,10:20:26,33.1,--,2,6620,卖盘,2017-07-17,2017-07-17 10:20:26
10:20:29,10:20:29,33.11,0.01,19,62909,买盘,2017-07-17,2017-07-17 10:20:29
10:20:32,10:20:32,33.11,--,2,6622,买盘,2017-07-17,2017-07-17 10:20:32
10:20:35,10:20:35,33.12,0.01,35,115919,买盘,2017-07-17,2017-07-17 10:20:35
10:20:38,10:20:38,33.19,0.07,160,531040,买盘,2017-07-17,2017-07-17 10:20:38
10:20:47,10:20:47,33.19,--,9,29870,卖盘,2017-07-17,2017-07-17 10:20:47
10:20:50,10:20:50,33.2,0.01,20,66400,买盘,2017-07-17,2017-07-17 10:20:50
10:20:53,10:20:53,33.2,--,26,86320,买盘,2017-07-17,2017-07-17 10:20:53
10:20:56,10:20:56,33.21,0.01,4,13284,买盘,2017-07-17,2017-07-17 10:20:56
10:20:59,10:20:59,33.21,--,0,0,中性盘,2017-07-17,2017-07-17 10:20:59
10:21:02,10:21:02,33.26,0.05,62,206212,买盘,2017-07-17,2017-07-17 10:21:02
10:21:05,10:21:05,33.2,-0.06,58,192560,卖盘,2017-07-17,2017-07-17 10:21:05
10:21:08,10:21:08,33.26,0.06,30,99780,买盘,2017-07-17,2017-07-17 10:21:08
10:21:11,10:21:11,33.27,0.01,15,49905,买盘,2017-07-17,2017-07-17 10:21:11
10:21:14,10:21:14,33.28,0.01,41,136448,买盘,2017-07-17,2017-07-17 10:21:14
10:21:17,10:21:17,33.28,--,36,119808,买盘,2017-07-17,2017-07-17 10:21:17
10:21:20,10:21:20,33.28,--,7,23296,卖盘,2017-07-17,2017-07-17 10:21:20
10:21:26,10:21:26,33.3,0.02,149,496169,买盘,2017-07-17,2017-07-17 10:21:26
10:21:29,10:21:29,33.3,--,0,0,卖盘,2017-07-17,2017-07-17 10:21:29
10:21:32,10:21:32,33.3,--,98,326340,卖盘,2017-07-17,2017-07-17 10:21:32
10:21:35,10:21:35,33.3,--,0,0,卖盘,2017-07-17,2017-07-17 10:21:35
10:21:38,10:21:38,33.34,0.04,29,96686,买盘,2017-07-17,2017-07-17 10:21:38
10:21:41,10:21:41,33.34,--,130,433420,买盘,2017-07-17,2017-07-17 10:21:41
10:21:44,10:21:44,33.36,0.02,33,110088,买盘,2017-07-17,2017-07-17 10:21:44
10:21:50,10:21:50,33.39,0.03,77,257103,买盘,2017-07-17,2017-07-17 10:21:50
10:21:53,10:21:53,33.37,-0.02,1,3336,卖盘,2017-07-17,2017-07-17 10:21:53
10:21:56,10:21:56,33.39,0.02,14,46746,买盘,2017-07-17,2017-07-17 10:21:56
10:21:59,10:21:59,33.4,0.01,22,73480,买盘,2017-07-17,2017-07-17 10:21:59
10:22:02,10:22:02,33.4,--,6,20040,买盘,2017-07-17,2017-07-17 10:22:02
10:22:05,10:22:05,33.41,0.01,33,110252,买盘,2017-07-17,2017-07-17 10:22:05
10:22:08,10:22:08,33.4,-0.01,172,574480,卖盘,2017-07-17,2017-07-17 10:22:08
10:22:11,10:22:11,33.41,0.01,51,170390,买盘,2017-07-17,2017-07-17 10:22:11
10:22:14,10:22:14,33.4,-0.01,5,16700,中性盘,2017-07-17,2017-07-17 10:22:14
10:22:17,10:22:17,33.4,--,20,66800,卖盘,2017-07-17,2017-07-17 10:22:17
10:22:20,10:22:20,33.41,0.01,33,110252,买盘,2017-07-17,2017-07-17 10:22:20
10:22:23,10:22:23,33.4,-0.01,46,153640,卖盘,2017-07-17,2017-07-17 10:22:23
10:22:26,10:22:26,33.4,--,0,0,卖盘,2017-07-17,2017-07-17 10:22:26
10:22:29,10:22:29,33.48,0.08,223,746603,买盘,2017-07-17,2017-07-17 10:22:29
10:22:32,10:22:32,33.48,--,12,40175,买盘,2017-07-17,2017-07-17 10:22:32
10:22:35,10:22:35,33.48,--,0,0,买盘,2017-07-17,2017-07-17 10:22:35
10:22:38,10:22:38,33.42,-0.06,18,60156,卖盘,2017-07-17,2017-07-17 10:22:38
10:22:41,10:22:41,33.48,0.06,110,368279,买盘,2017-07-17,2017-07-17 10:22:41
10:22:44,10:22:44,33.48,--,293,980963,买盘,2017-07-17,2017-07-17 10:22:44
10:22:47,10:22:47,33.48,--,35,117179,卖盘,2017-07-17,2017-07-17 10:22:47
10:22:50,10:22:50,33.49,0.01,13,43537,买盘,2017-07-17,2017-07-17 10:22:50
10:22:53,10:22:53,33.48,-0.01,2,6695,卖盘,2017-07-17,2017-07-17 10:22:53
10:22:56,10:22:56,33.48,--,10,33480,卖盘,2017-07-17,2017-07-17 10:22:56
10:22:59,10:22:59,33.48,--,421,1409507,卖盘,2017-07-17,2017-07-17 10:22:59
10:23:02,10:23:02,33.5,0.02,85,284750,买盘,2017-07-17,2017-07-17 10:23:02
10:23:05,10:23:05,33.52,0.02,26,87152,买盘,2017-07-17,2017-07-17 10:23:05
10:23:08,10:23:08,33.52,--,7,23464,买盘,2017-07-17,2017-07-17 10:23:08
10:23:11,10:23:11,33.52,--,13,43576,中性盘,2017-07-17,2017-07-17 10:23:11
10:23:14,10:23:14,33.54,0.02,1,3354,中性盘,2017-07-17,2017-07-17 10:23:14
10:23:17,10:23:17,33.57,0.03,2,6714,买盘,2017-07-17,2017-07-17 10:23:17
10:23:20,10:23:20,33.6,0.03,180,604800,买盘,2017-07-17,2017-07-17 10:23:20
10:23:23,10:23:23,33.6,--,99,332640,卖盘,2017-07-17,2017-07-17 10:23:23
10:23:26,10:23:26,33.6,--,4,13440,卖盘,2017-07-17,2017-07-17 10:23:26
10:23:29,10:23:29,33.6,--,50,168000,卖盘,2017-07-17,2017-07-17 10:23:29
10:23:32,10:23:32,33.66,0.06,28,94247,买盘,2017-07-17,2017-07-17 10:23:32
10:23:35,10:23:35,33.67,0.01,35,117845,买盘,2017-07-17,2017-07-17 10:23:35
10:23:38,10:23:38,33.67,--,138,464646,买盘,2017-07-17,2017-07-17 10:23:38
10:23:41,10:23:41,33.66,-0.01,68,230570,卖盘,2017-07-17,2017-07-17 10:23:41
10:23:44,10:23:44,33.72,0.06,50,168600,买盘,2017-07-17,2017-07-17 10:23:44
10:23:47,10:23:47,33.72,--,55,185460,买盘,2017-07-17,2017-07-17 10:23:47
10:23:50,10:23:50,33.77,0.05,42,141834,买盘,2017-07-17,2017-07-17 10:23:50
10:23:53,10:23:53,33.72,-0.05,34,114648,卖盘,2017-07-17,2017-07-17 10:23:53
10:23:56,10:23:56,33.78,0.06,14,47292,买盘,2017-07-17,2017-07-17 10:23:56
10:23:59,10:23:59,33.76,-0.02,74,249823,中性盘,2017-07-17,2017-07-17 10:23:59
10:24:02,10:24:02,33.77,0.01,106,357962,买盘,2017-07-17,2017-07-17 10:24:02
10:24:05,10:24:05,33.79,0.02,368,1246817,买盘,2017-07-17,2017-07-17 10:24:05
10:24:08,10:24:08,33.78,-0.01,62,209436,卖盘,2017-07-17,2017-07-17 10:24:08
10:24:12,10:24:12,33.78,--,102,344556,卖盘,2017-07-17,2017-07-17 10:24:12
10:24:15,10:24:15,33.77,-0.01,205,692285,卖盘,2017-07-17,2017-07-17 10:24:15
10:24:17,10:24:17,33.79,0.02,40,135160,买盘,2017-07-17,2017-07-17 10:24:17
10:24:21,10:24:21,33.78,-0.01,211,712758,卖盘,2017-07-17,2017-07-17 10:24:21
10:24:23,10:24:23,33.78,--,172,581016,买盘,2017-07-17,2017-07-17 10:24:23
10:24:27,10:24:27,33.78,--,114,385092,买盘,2017-07-17,2017-07-17 10:24:27
10:24:30,10:24:30,33.78,--,218,736404,买盘,2017-07-17,2017-07-17 10:24:30
10:24:33,10:24:33,33.74,-0.04,411,1386714,卖盘,2017-07-17,2017-07-17 10:24:33
10:24:36,10:24:36,33.74,--,49,165326,买盘,2017-07-17,2017-07-17 10:24:36
10:24:39,10:24:39,33.7,-0.04,88,296593,卖盘,2017-07-17,2017-07-17 10:24:39
10:24:42,10:24:42,33.7,--,5,16850,买盘,2017-07-17,2017-07-17 10:24:42
10:24:45,10:24:45,33.7,--,172,579640,买盘,2017-07-17,2017-07-17 10:24:45
10:24:48,10:24:48,33.67,-0.03,30,101010,卖盘,2017-07-17,2017-07-17 10:24:48
10:24:51,10:24:51,33.7,0.03,40,134800,买盘,2017-07-17,2017-07-17 10:24:51
10:24:54,10:24:54,33.67,-0.03,36,121212,卖盘,2017-07-17,2017-07-17 10:24:54
10:24:57,10:24:57,33.67,--,11,37037,买盘,2017-07-17,2017-07-17 10:24:57
10:25:00,10:25:00,33.63,-0.04,126,423738,卖盘,2017-07-17,2017-07-17 10:25:00
10:25:03,10:25:03,33.67,0.04,147,494949,买盘,2017-07-17,2017-07-17 10:25:03
10:25:06,10:25:06,33.66,-0.01,19,63953,中性盘,2017-07-17,2017-07-17 10:25:06
10:25:09,10:25:09,33.63,-0.03,60,201780,卖盘,2017-07-17,2017-07-17 10:25:09
10:25:12,10:25:12,33.66,0.03,211,710225,买盘,2017-07-17,2017-07-17 10:25:12
10:25:15,10:25:15,33.66,--,35,117809,买盘,2017-07-17,2017-07-17 10:25:15
10:25:18,10:25:18,33.66,--,17,57221,买盘,2017-07-17,2017-07-17 10:25:18
10:25:21,10:25:21,33.61,-0.05,35,117635,卖盘,2017-07-17,2017-07-17 10:25:21
10:25:24,10:25:24,33.62,0.01,27,90774,卖盘,2017-07-17,2017-07-17 10:25:24
10:25:27,10:25:27,33.6,-0.02,95,319200,卖盘,2017-07-17,2017-07-17 10:25:27
10:25:30,10:25:30,33.61,0.01,11,36971,买盘,2017-07-17,2017-07-17 10:25:30
10:25:33,10:25:33,33.63,0.02,72,242136,买盘,2017-07-17,2017-07-17 10:25:33
10:25:36,10:25:36,33.63,--,0,0,买盘,2017-07-17,2017-07-17 10:25:36
10:25:39,10:25:39,33.62,-0.01,64,215167,买盘,2017-07-17,2017-07-17 10:25:39
10:25:42,10:25:42,33.6,-0.02,71,238560,卖盘,2017-07-17,2017-07-17 10:25:42
10:25:45,10:25:45,33.62,0.02,13,43706,买盘,2017-07-17,2017-07-17 10:25:45
10:25:48,10:25:48,33.6,-0.02,13,43680,卖盘,2017-07-17,2017-07-17 10:25:48
10:25:51,10:25:51,33.6,--,222,745920,卖盘,2017-07-17,2017-07-17 10:25:51
10:25:54,10:25:54,33.61,0.01,19,63859,买盘,2017-07-17,2017-07-17 10:25:54
10:25:57,10:25:57,33.6,-0.01,10,33600,卖盘,2017-07-17,2017-07-17 10:25:57
10:26:00,10:26:00,33.62,0.02,7,23534,买盘,2017-07-17,2017-07-17 10:26:00
10:26:03,10:26:03,33.6,-0.02,14,47040,买盘,2017-07-17,2017-07-17 10:26:03
10:26:06,10:26:06,33.6,--,37,124320,买盘,2017-07-17,2017-07-17 10:26:06
10:26:09,10:26:09,33.6,--,25,84000,买盘,2017-07-17,2017-07-17 10:26:09
10:26:12,10:26:12,33.57,-0.03,1,3357,卖盘,2017-07-17,2017-07-17 10:26:12
10:26:15,10:26:15,33.57,--,14,46998,卖盘,2017-07-17,2017-07-17 10:26:15
10:26:18,10:26:18,33.6,0.03,33,110880,买盘,2017-07-17,2017-07-17 10:26:18
10:26:21,10:26:21,33.61,0.01,11,36971,买盘,2017-07-17,2017-07-17 10:26:21
10:26:24,10:26:24,33.61,--,7,23527,卖盘,2017-07-17,2017-07-17 10:26:24
10:26:27,10:26:27,33.61,--,4,13444,卖盘,2017-07-17,2017-07-17 10:26:27
10:26:30,10:26:30,33.65,0.04,15,50475,买盘,2017-07-17,2017-07-17 10:26:30
10:26:33,10:26:33,33.65,--,12,40380,中性盘,2017-07-17,2017-07-17 10:26:33
10:26:36,10:26:36,33.65,--,46,154790,买盘,2017-07-17,2017-07-17 10:26:36
10:26:39,10:26:39,33.67,0.02,136,457912,买盘,2017-07-17,2017-07-17 10:26:39
10:26:42,10:26:42,33.69,0.02,40,134760,买盘,2017-07-17,2017-07-17 10:26:42
10:26:45,10:26:45,33.67,-0.02,4,13468,卖盘,2017-07-17,2017-07-17 10:26:45
10:26:48,10:26:48,33.69,0.02,53,178557,买盘,2017-07-17,2017-07-17 10:26:48
10:26:51,10:26:51,33.7,0.01,70,239236,买盘,2017-07-17,2017-07-17 10:26:51
10:26:54,10:26:54,33.72,0.02,1,3372,买盘,2017-07-17,2017-07-17 10:26:54
10:26:57,10:26:57,33.7,-0.02,42,141540,卖盘,2017-07-17,2017-07-17 10:26:57
10:27:00,10:27:00,33.72,0.02,15,50580,买盘,2017-07-17,2017-07-17 10:27:00
10:27:03,10:27:03,33.7,-0.02,156,525753,卖盘,2017-07-17,2017-07-17 10:27:03
10:27:06,10:27:06,33.7,--,75,252750,买盘,2017-07-17,2017-07-17 10:27:06
10:27:09,10:27:09,33.72,0.02,61,209030,买盘,2017-07-17,2017-07-17 10:27:09
10:27:12,10:27:12,33.73,0.01,17,57340,买盘,2017-07-17,2017-07-17 10:27:12
10:27:15,10:27:15,33.77,0.04,35,118195,买盘,2017-07-17,2017-07-17 10:27:15
10:27:18,10:27:18,33.71,-0.06,178,600071,卖盘,2017-07-17,2017-07-17 10:27:18
10:27:21,10:27:21,33.72,0.01,64,215808,买盘,2017-07-17,2017-07-17 10:27:21
10:27:24,10:27:24,33.72,--,9,30348,买盘,2017-07-17,2017-07-17 10:27:24
10:27:27,10:27:27,33.7,-0.02,237,798690,卖盘,2017-07-17,2017-07-17 10:27:27
10:27:30,10:27:30,33.7,--,104,350480,买盘,2017-07-17,2017-07-17 10:27:30
10:27:33,10:27:33,33.72,0.02,35,118020,买盘,2017-07-17,2017-07-17 10:27:33
10:27:36,10:27:36,33.7,-0.02,58,195460,买盘,2017-07-17,2017-07-17 10:27:36
10:27:39,10:27:39,33.7,--,73,246010,买盘,2017-07-17,2017-07-17 10:27:39
10:27:42,10:27:42,33.69,-0.01,16,53904,中性盘,2017-07-17,2017-07-17 10:27:42
10:27:45,10:27:45,33.69,--,2,6738,卖盘,2017-07-17,2017-07-17 10:27:45
10:27:48,10:27:48,33.7,0.01,136,461656,买盘,2017-07-17,2017-07-17 10:27:48
10:27:51,10:27:51,33.71,0.01,43,144953,买盘,2017-07-17,2017-07-17 10:27:51
10:27:54,10:27:54,33.7,-0.01,17,57290,卖盘,2017-07-17,2017-07-17 10:27:54
10:27:57,10:27:57,33.72,0.02,83,279876,买盘,2017-07-17,2017-07-17 10:27:57
10:28:00,10:28:00,33.7,-0.02,187,630190,卖盘,2017-07-17,2017-07-17 10:28:00
10:28:03,10:28:03,33.71,0.01,98,330358,中性盘,2017-07-17,2017-07-17 10:28:03
10:28:06,10:28:06,33.72,0.01,45,151740,中性盘,2017-07-17,2017-07-17 10:28:06
10:28:09,10:28:09,33.75,0.03,4,13500,买盘,2017-07-17,2017-07-17 10:28:09
10:28:12,10:28:12,33.75,--,23,77625,卖盘,2017-07-17,2017-07-17 10:28:12
10:28:18,10:28:18,33.75,--,27,91125,卖盘,2017-07-17,2017-07-17 10:28:18
10:28:21,10:28:21,33.76,0.01,321,1083696,买盘,2017-07-17,2017-07-17 10:28:21
10:28:24,10:28:24,33.75,-0.01,104,351000,卖盘,2017-07-17,2017-07-17 10:28:24
10:28:27,10:28:27,33.75,--,32,108000,买盘,2017-07-17,2017-07-17 10:28:27
10:28:30,10:28:30,33.73,-0.02,1516,5113467,卖盘,2017-07-17,2017-07-17 10:28:30
10:28:33,10:28:33,33.73,--,125,421624,卖盘,2017-07-17,2017-07-17 10:28:33
10:28:36,10:28:36,33.73,--,22,74206,买盘,2017-07-17,2017-07-17 10:28:36
10:28:39,10:28:39,33.77,0.04,103,347831,买盘,2017-07-17,2017-07-17 10:28:39
10:28:42,10:28:42,33.75,-0.02,8,27000,卖盘,2017-07-17,2017-07-17 10:28:42
10:28:45,10:28:45,33.73,-0.02,80,269840,卖盘,2017-07-17,2017-07-17 10:28:45
10:28:48,10:28:48,33.75,0.02,2,6750,卖盘,2017-07-17,2017-07-17 10:28:48
10:28:51,10:28:51,33.8,0.05,20,67600,买盘,2017-07-17,2017-07-17 10:28:51
10:28:54,10:28:54,33.82,0.02,11,37202,卖盘,2017-07-17,2017-07-17 10:28:54
10:28:57,10:28:57,33.82,--,9,30438,卖盘,2017-07-17,2017-07-17 10:28:57
10:29:00,10:29:00,33.82,--,17,57494,卖盘,2017-07-17,2017-07-17 10:29:00
10:29:03,10:29:03,33.82,--,49,165718,卖盘,2017-07-17,2017-07-17 10:29:03
10:29:06,10:29:06,33.82,--,156,527592,卖盘,2017-07-17,2017-07-17 10:29:06
10:29:09,10:29:09,33.83,0.01,48,162384,中性盘,2017-07-17,2017-07-17 10:29:09
10:29:12,10:29:12,33.8,-0.03,164,554320,卖盘,2017-07-17,2017-07-17 10:29:12
10:29:15,10:29:15,33.82,0.02,47,158954,买盘,2017-07-17,2017-07-17 10:29:15
10:29:18,10:29:18,33.8,-0.02,44,148720,卖盘,2017-07-17,2017-07-17 10:29:18
10:29:21,10:29:21,33.85,0.05,70,236950,买盘,2017-07-17,2017-07-17 10:29:21
10:29:24,10:29:24,33.8,-0.05,50,169000,卖盘,2017-07-17,2017-07-17 10:29:24
10:29:27,10:29:27,33.8,--,38,128439,买盘,2017-07-17,2017-07-17 10:29:27
10:29:33,10:29:33,33.82,0.02,130,439660,买盘,2017-07-17,2017-07-17 10:29:33
10:29:36,10:29:36,33.8,-0.02,49,165620,中性盘,2017-07-17,2017-07-17 10:29:36
10:29:39,10:29:39,33.78,-0.02,132,445896,卖盘,2017-07-17,2017-07-17 10:29:39
10:29:42,10:29:42,33.78,--,29,97962,买盘,2017-07-17,2017-07-17 10:29:42
10:29:45,10:29:45,33.78,--,41,138498,买盘,2017-07-17,2017-07-17 10:29:45
10:29:48,10:29:48,33.77,-0.01,48,162096,卖盘,2017-07-17,2017-07-17 10:29:48
10:29:51,10:29:51,33.78,0.01,197,665466,买盘,2017-07-17,2017-07-17 10:29:51
10:29:54,10:29:54,33.78,--,20,67560,买盘,2017-07-17,2017-07-17 10:29:54
10:29:57,10:29:57,33.77,-0.01,108,364716,卖盘,2017-07-17,2017-07-17 10:29:57
10:30:00,10:30:00,33.77,--,53,178981,买盘,2017-07-17,2017-07-17 10:30:00
10:30:03,10:30:03,33.78,0.01,64,216192,买盘,2017-07-17,2017-07-17 10:30:03
10:30:06,10:30:06,33.78,--,20,67560,买盘,2017-07-17,2017-07-17 10:30:06
10:30:09,10:30:09,33.78,--,30,101340,买盘,2017-07-17,2017-07-17 10:30:09
10:30:12,10:30:12,33.78,--,48,162144,买盘,2017-07-17,2017-07-17 10:30:12
10:30:15,10:30:15,33.78,--,21,70938,买盘,2017-07-17,2017-07-17 10:30:15
10:30:18,10:30:18,33.8,0.02,61,206179,买盘,2017-07-17,2017-07-17 10:30:18
10:30:21,10:30:21,33.78,-0.02,13,43914,卖盘,2017-07-17,2017-07-17 10:30:21
10:30:24,10:30:24,33.78,--,0,0,卖盘,2017-07-17,2017-07-17 10:30:24
10:30:27,10:30:27,33.78,--,26,87828,卖盘,2017-07-17,2017-07-17 10:30:27
10:30:30,10:30:30,33.78,--,42,141876,买盘,2017-07-17,2017-07-17 10:30:30
10:30:33,10:30:33,33.8,0.02,25,84500,买盘,2017-07-17,2017-07-17 10:30:33
10:30:36,10:30:36,33.78,-0.02,45,152010,卖盘,2017-07-17,2017-07-17 10:30:36
10:30:39,10:30:39,33.78,--,8,27024,卖盘,2017-07-17,2017-07-17 10:30:39
10:30:42,10:30:42,33.78,--,170,574260,买盘,2017-07-17,2017-07-17 10:30:42
10:30:45,10:30:45,33.78,--,30,101340,买盘,2017-07-17,2017-07-17 10:30:45
10:30:49,10:30:49,33.77,-0.01,49,165473,卖盘,2017-07-17,2017-07-17 10:30:49
10:30:52,10:30:52,33.77,--,9,30393,买盘,2017-07-17,2017-07-17 10:30:52
10:30:55,10:30:55,33.77,--,0,0,买盘,2017-07-17,2017-07-17 10:30:55
10:30:58,10:30:58,33.77,--,43,145211,买盘,2017-07-17,2017-07-17 10:30:58
10:31:01,10:31:01,33.73,-0.04,46,155158,卖盘,2017-07-17,2017-07-17 10:31:01
10:31:04,10:31:04,33.73,--,68,229363,卖盘,2017-07-17,2017-07-17 10:31:04
10:31:07,10:31:07,33.73,--,47,158530,买盘,2017-07-17,2017-07-17 10:31:07
10:31:10,10:31:10,33.73,--,111,374402,买盘,2017-07-17,2017-07-17 10:31:10
10:31:13,10:31:13,33.73,--,34,114681,买盘,2017-07-17,2017-07-17 10:31:13
10:31:16,10:31:16,33.7,-0.03,17,57290,卖盘,2017-07-17,2017-07-17 10:31:16
10:31:19,10:31:19,33.7,--,35,117950,卖盘,2017-07-17,2017-07-17 10:31:19
10:31:22,10:31:22,33.66,-0.04,34,114443,卖盘,2017-07-17,2017-07-17 10:31:22
10:31:25,10:31:25,33.73,0.07,99,333926,买盘,2017-07-17,2017-07-17 10:31:25
10:31:28,10:31:28,33.73,--,14,47221,卖盘,2017-07-17,2017-07-17 10:31:28
10:31:31,10:31:31,33.73,--,16,53967,卖盘,2017-07-17,2017-07-17 10:31:31
10:31:34,10:31:34,33.7,-0.03,283,953710,卖盘,2017-07-17,2017-07-17 10:31:34
10:31:37,10:31:37,33.7,--,32,107840,卖盘,2017-07-17,2017-07-17 10:31:37
10:31:40,10:31:40,33.7,--,26,87620,买盘,2017-07-17,2017-07-17 10:31:40
10:31:46,10:31:46,33.7,--,0,0,买盘,2017-07-17,2017-07-17 10:31:46
10:31:52,10:31:52,33.66,-0.04,3,10097,卖盘,2017-07-17,2017-07-17 10:31:52
10:31:55,10:31:55,33.65,-0.01,56,188473,卖盘,2017-07-17,2017-07-17 10:31:55
10:31:58,10:31:58,33.65,--,6,20190,买盘,2017-07-17,2017-07-17 10:31:58
10:32:01,10:32:01,33.65,--,26,87490,买盘,2017-07-17,2017-07-17 10:32:01
10:32:04,10:32:04,33.65,--,105,353325,买盘,2017-07-17,2017-07-17 10:32:04
10:32:07,10:32:07,33.65,--,0,0,买盘,2017-07-17,2017-07-17 10:32:07
10:32:10,10:32:10,33.62,-0.03,42,141204,买盘,2017-07-17,2017-07-17 10:32:10
10:32:16,10:32:16,33.57,-0.05,7,23499,卖盘,2017-07-17,2017-07-17 10:32:16
10:32:19,10:32:19,33.6,0.03,3,10080,买盘,2017-07-17,2017-07-17 10:32:19
10:32:22,10:32:22,33.57,-0.03,63,211491,卖盘,2017-07-17,2017-07-17 10:32:22
10:32:25,10:32:25,33.6,0.03,194,651840,买盘,2017-07-17,2017-07-17 10:32:25
10:32:28,10:32:28,33.57,-0.03,14,46998,买盘,2017-07-17,2017-07-17 10:32:28
10:32:31,10:32:31,33.55,-0.02,1,3354,卖盘,2017-07-17,2017-07-17 10:32:31
10:32:34,10:32:34,33.56,0.01,20,67120,卖盘,2017-07-17,2017-07-17 10:32:34
10:32:37,10:32:37,33.57,0.01,57,191349,买盘,2017-07-17,2017-07-17 10:32:37
10:32:40,10:32:40,33.57,--,108,362556,买盘,2017-07-17,2017-07-17 10:32:40
10:32:43,10:32:43,33.56,-0.01,20,67120,卖盘,2017-07-17,2017-07-17 10:32:43
10:32:46,10:32:46,33.56,--,38,127528,买盘,2017-07-17,2017-07-17 10:32:46
10:32:49,10:32:49,33.55,-0.01,19,63744,卖盘,2017-07-17,2017-07-17 10:32:49
10:32:52,10:32:52,33.55,--,124,416019,买盘,2017-07-17,2017-07-17 10:32:52
10:32:55,10:32:55,33.56,0.01,6,20136,中性盘,2017-07-17,2017-07-17 10:32:55
10:32:58,10:32:58,33.57,0.01,5,16785,中性盘,2017-07-17,2017-07-17 10:32:58
10:33:01,10:33:01,33.57,--,3,10071,卖盘,2017-07-17,2017-07-17 10:33:01
10:33:04,10:33:04,33.59,0.02,7,23513,买盘,2017-07-17,2017-07-17 10:33:04
10:33:07,10:33:07,33.57,-0.02,8,26856,卖盘,2017-07-17,2017-07-17 10:33:07
10:33:10,10:33:10,33.59,0.02,15,50385,买盘,2017-07-17,2017-07-17 10:33:10
10:33:13,10:33:13,33.58,-0.01,24,80592,中性盘,2017-07-17,2017-07-17 10:33:13
10:33:16,10:33:16,33.59,0.01,9,30231,买盘,2017-07-17,2017-07-17 10:33:16
10:33:19,10:33:19,33.6,0.01,4,13440,买盘,2017-07-17,2017-07-17 10:33:19
10:33:22,10:33:22,33.6,--,1,3360,买盘,2017-07-17,2017-07-17 10:33:22
10:33:28,10:33:28,33.6,--,55,184800,买盘,2017-07-17,2017-07-17 10:33:28
10:33:31,10:33:31,33.6,--,35,117600,买盘,2017-07-17,2017-07-17 10:33:31
10:33:34,10:33:34,33.6,--,1,3360,卖盘,2017-07-17,2017-07-17 10:33:34
10:33:40,10:33:40,33.63,0.03,46,154698,买盘,2017-07-17,2017-07-17 10:33:40
10:33:43,10:33:43,33.63,--,58,195054,买盘,2017-07-17,2017-07-17 10:33:43
10:33:46,10:33:46,33.65,0.02,36,121140,买盘,2017-07-17,2017-07-17 10:33:46
10:33:58,10:33:58,33.63,-0.02,80,269040,卖盘,2017-07-17,2017-07-17 10:33:58
10:34:01,10:34:01,33.65,0.02,19,63935,买盘,2017-07-17,2017-07-17 10:34:01
10:34:04,10:34:04,33.66,0.01,3,10097,买盘,2017-07-17,2017-07-17 10:34:04
10:34:07,10:34:07,33.65,-0.01,6,20190,卖盘,2017-07-17,2017-07-17 10:34:07
10:34:10,10:34:10,33.66,0.01,17,57221,买盘,2017-07-17,2017-07-17 10:34:10
10:34:14,10:34:14,33.68,0.02,14,47152,买盘,2017-07-17,2017-07-17 10:34:14
10:34:16,10:34:16,33.68,--,19,63992,买盘,2017-07-17,2017-07-17 10:34:16
10:34:19,10:34:19,33.7,0.02,20,67400,买盘,2017-07-17,2017-07-17 10:34:19
10:34:23,10:34:23,33.75,0.05,15,50625,买盘,2017-07-17,2017-07-17 10:34:23
10:34:31,10:34:31,33.78,0.03,41,138498,买盘,2017-07-17,2017-07-17 10:34:31
10:34:34,10:34:34,33.78,--,6,20268,买盘,2017-07-17,2017-07-17 10:34:34
10:34:38,10:34:38,33.78,--,57,192546,买盘,2017-07-17,2017-07-17 10:34:38
10:34:41,10:34:41,33.8,0.02,5,16900,买盘,2017-07-17,2017-07-17 10:34:41
10:34:43,10:34:43,33.8,--,125,422499,买盘,2017-07-17,2017-07-17 10:34:43
10:34:47,10:34:47,33.82,0.02,16,54112,买盘,2017-07-17,2017-07-17 10:34:47
10:34:53,10:34:53,33.82,--,10,33820,买盘,2017-07-17,2017-07-17 10:34:53
10:34:56,10:34:56,33.82,--,2,6764,买盘,2017-07-17,2017-07-17 10:34:56
10:34:59,10:34:59,33.85,0.03,20,67700,买盘,2017-07-17,2017-07-17 10:34:59
10:35:02,10:35:02,33.85,--,17,57545,买盘,2017-07-17,2017-07-17 10:35:02
10:35:05,10:35:05,33.83,-0.02,137,463471,中性盘,2017-07-17,2017-07-17 10:35:05
10:35:08,10:35:08,33.83,--,83,280789,卖盘,2017-07-17,2017-07-17 10:35:08
10:35:11,10:35:11,33.85,0.02,167,565295,买盘,2017-07-17,2017-07-17 10:35:11
10:35:14,10:35:14,33.88,0.03,344,1165472,买盘,2017-07-17,2017-07-17 10:35:14
10:35:17,10:35:17,33.85,-0.03,5,16925,卖盘,2017-07-17,2017-07-17 10:35:17
10:35:20,10:35:20,33.85,--,47,159095,卖盘,2017-07-17,2017-07-17 10:35:20
10:35:23,10:35:23,33.88,0.03,40,135520,买盘,2017-07-17,2017-07-17 10:35:23
10:35:26,10:35:26,33.88,--,74,250712,买盘,2017-07-17,2017-07-17 10:35:26
10:35:29,10:35:29,33.88,--,78,264264,买盘,2017-07-17,2017-07-17 10:35:29
10:35:32,10:35:32,33.88,--,162,548856,买盘,2017-07-17,2017-07-17 10:35:32
10:35:35,10:35:35,33.88,--,70,237160,买盘,2017-07-17,2017-07-17 10:35:35
10:35:38,10:35:38,33.9,0.02,265,898756,买盘,2017-07-17,2017-07-17 10:35:38
10:35:41,10:35:41,33.92,0.02,6,20352,买盘,2017-07-17,2017-07-17 10:35:41
10:35:44,10:35:44,33.92,--,38,128896,买盘,2017-07-17,2017-07-17 10:35:44
10:35:50,10:35:50,33.98,0.06,31,105337,买盘,2017-07-17,2017-07-17 10:35:50
10:35:53,10:35:53,33.96,-0.02,40,135840,中性盘,2017-07-17,2017-07-17 10:35:53
10:35:56,10:35:56,34.0,0.04,288,979200,买盘,2017-07-17,2017-07-17 10:35:56
10:35:59,10:35:59,34.0,--,27,91800,买盘,2017-07-17,2017-07-17 10:35:59
10:36:02,10:36:02,34.0,--,57,193800,买盘,2017-07-17,2017-07-17 10:36:02
10:36:05,10:36:05,34.0,--,6,20400,卖盘,2017-07-17,2017-07-17 10:36:05
10:36:08,10:36:08,34.09,0.09,14,47726,买盘,2017-07-17,2017-07-17 10:36:08
10:36:11,10:36:11,34.1,0.01,75,255750,买盘,2017-07-17,2017-07-17 10:36:11
10:36:14,10:36:14,34.11,0.01,2,6822,中性盘,2017-07-17,2017-07-17 10:36:14
10:36:17,10:36:17,34.15,0.04,43,146845,卖盘,2017-07-17,2017-07-17 10:36:17
10:36:20,10:36:20,34.16,0.01,97,331351,买盘,2017-07-17,2017-07-17 10:36:20
10:36:23,10:36:23,34.18,0.02,41,140138,买盘,2017-07-17,2017-07-17 10:36:23
10:36:26,10:36:26,34.18,--,522,1785187,买盘,2017-07-17,2017-07-17 10:36:26
10:36:28,10:36:28,34.22,0.04,205,701510,买盘,2017-07-17,2017-07-17 10:36:28
10:36:32,10:36:32,34.29,0.07,26,89154,买盘,2017-07-17,2017-07-17 10:36:32
10:36:35,10:36:35,34.29,--,16,54864,买盘,2017-07-17,2017-07-17 10:36:35
10:36:38,10:36:38,34.3,0.01,106,363579,买盘,2017-07-17,2017-07-17 10:36:38
10:36:41,10:36:41,34.34,0.04,38,130492,买盘,2017-07-17,2017-07-17 10:36:41
10:36:44,10:36:44,34.3,-0.04,276,946679,卖盘,2017-07-17,2017-07-17 10:36:44
10:36:47,10:36:47,34.3,--,218,747739,卖盘,2017-07-17,2017-07-17 10:36:47
10:36:50,10:36:50,34.35,0.05,355,1219425,买盘,2017-07-17,2017-07-17 10:36:50
10:36:53,10:36:53,34.37,0.02,225,773325,买盘,2017-07-17,2017-07-17 10:36:53
10:36:56,10:36:56,34.3,-0.07,336,1152480,卖盘,2017-07-17,2017-07-17 10:36:56
10:36:59,10:36:59,34.32,0.02,155,531960,中性盘,2017-07-17,2017-07-17 10:36:59
10:37:02,10:37:02,34.35,0.03,319,1095765,买盘,2017-07-17,2017-07-17 10:37:02
10:37:05,10:37:05,34.35,--,345,1185075,买盘,2017-07-17,2017-07-17 10:37:05
10:37:08,10:37:08,34.3,-0.05,349,1197070,卖盘,2017-07-17,2017-07-17 10:37:08
10:37:11,10:37:11,34.3,--,221,758029,买盘,2017-07-17,2017-07-17 10:37:11
10:37:14,10:37:14,34.29,-0.01,331,1134999,卖盘,2017-07-17,2017-07-17 10:37:14
10:37:17,10:37:17,34.29,--,44,150876,买盘,2017-07-17,2017-07-17 10:37:17
10:37:20,10:37:20,34.25,-0.04,370,1267250,中性盘,2017-07-17,2017-07-17 10:37:20
10:37:23,10:37:23,34.29,0.04,77,264033,买盘,2017-07-17,2017-07-17 10:37:23
10:37:26,10:37:26,34.2,-0.09,350,1197000,卖盘,2017-07-17,2017-07-17 10:37:26
10:37:29,10:37:29,34.2,--,59,201780,买盘,2017-07-17,2017-07-17 10:37:29
10:37:32,10:37:32,34.29,0.09,80,274320,买盘,2017-07-17,2017-07-17 10:37:32
10:37:35,10:37:35,34.22,-0.07,107,366154,中性盘,2017-07-17,2017-07-17 10:37:35
10:37:38,10:37:38,34.27,0.05,64,219328,中性盘,2017-07-17,2017-07-17 10:37:38
10:37:41,10:37:41,34.27,--,18,61686,买盘,2017-07-17,2017-07-17 10:37:41
10:37:44,10:37:44,34.28,0.01,170,582760,买盘,2017-07-17,2017-07-17 10:37:44
10:37:47,10:37:47,34.25,-0.03,225,770625,卖盘,2017-07-17,2017-07-17 10:37:47
10:37:50,10:37:50,34.26,0.01,51,174726,买盘,2017-07-17,2017-07-17 10:37:50
10:37:53,10:37:53,34.22,-0.04,231,790482,卖盘,2017-07-17,2017-07-17 10:37:53
10:37:56,10:37:56,34.25,0.03,149,510325,买盘,2017-07-17,2017-07-17 10:37:56
10:37:59,10:37:59,34.29,0.04,87,298323,买盘,2017-07-17,2017-07-17 10:37:59
10:38:02,10:38:02,34.22,-0.07,62,212164,卖盘,2017-07-17,2017-07-17 10:38:02
10:38:05,10:38:05,34.24,0.02,29,99296,买盘,2017-07-17,2017-07-17 10:38:05
10:38:08,10:38:08,34.28,0.04,228,781584,买盘,2017-07-17,2017-07-17 10:38:08
10:38:11,10:38:11,34.24,-0.04,48,164352,卖盘,2017-07-17,2017-07-17 10:38:11
10:38:14,10:38:14,34.28,0.04,82,281096,买盘,2017-07-17,2017-07-17 10:38:14
10:38:17,10:38:17,34.28,--,77,263956,买盘,2017-07-17,2017-07-17 10:38:17
10:38:20,10:38:20,34.29,0.01,87,298323,买盘,2017-07-17,2017-07-17 10:38:20
10:38:23,10:38:23,34.28,-0.01,9,30852,卖盘,2017-07-17,2017-07-17 10:38:23
10:38:26,10:38:26,34.28,--,95,325660,卖盘,2017-07-17,2017-07-17 10:38:26
10:38:29,10:38:29,34.3,0.02,294,1008419,买盘,2017-07-17,2017-07-17 10:38:29
10:38:32,10:38:32,34.29,-0.01,63,216027,中性盘,2017-07-17,2017-07-17 10:38:32
10:38:35,10:38:35,34.3,0.01,63,219485,买盘,2017-07-17,2017-07-17 10:38:35
10:38:38,10:38:38,34.33,0.03,36,123588,买盘,2017-07-17,2017-07-17 10:38:38
10:38:41,10:38:41,34.34,0.01,25,85850,买盘,2017-07-17,2017-07-17 10:38:41
10:38:44,10:38:44,34.34,--,25,85850,买盘,2017-07-17,2017-07-17 10:38:44
10:38:47,10:38:47,34.33,-0.01,101,346733,卖盘,2017-07-17,2017-07-17 10:38:47
10:38:50,10:38:50,34.34,0.01,208,714272,买盘,2017-07-17,2017-07-17 10:38:50
10:38:53,10:38:53,34.38,0.04,107,367866,买盘,2017-07-17,2017-07-17 10:38:53
10:38:56,10:38:56,34.35,-0.03,41,140835,卖盘,2017-07-17,2017-07-17 10:38:56
10:38:59,10:38:59,34.35,--,113,388155,卖盘,2017-07-17,2017-07-17 10:38:59
10:39:02,10:39:02,34.37,0.02,179,615223,买盘,2017-07-17,2017-07-17 10:39:02
10:39:05,10:39:05,34.38,0.01,162,556956,买盘,2017-07-17,2017-07-17 10:39:05
10:39:08,10:39:08,34.38,--,63,216594,买盘,2017-07-17,2017-07-17 10:39:08
10:39:11,10:39:11,34.4,0.02,374,1286560,买盘,2017-07-17,2017-07-17 10:39:11
10:39:14,10:39:14,34.4,--,104,357760,卖盘,2017-07-17,2017-07-17 10:39:14
10:39:17,10:39:17,34.45,0.05,150,516750,买盘,2017-07-17,2017-07-17 10:39:17
10:39:20,10:39:20,34.48,0.03,1034,3565231,买盘,2017-07-17,2017-07-17 10:39:20
10:39:23,10:39:23,34.45,-0.03,34,117130,卖盘,2017-07-17,2017-07-17 10:39:23
10:39:26,10:39:26,34.49,0.04,88,303512,买盘,2017-07-17,2017-07-17 10:39:26
10:39:29,10:39:29,34.45,-0.04,94,323830,卖盘,2017-07-17,2017-07-17 10:39:29
10:39:32,10:39:32,34.49,0.04,144,496656,买盘,2017-07-17,2017-07-17 10:39:32
10:39:35,10:39:35,34.48,-0.01,66,227567,卖盘,2017-07-17,2017-07-17 10:39:35
10:39:38,10:39:38,34.5,0.02,211,727950,买盘,2017-07-17,2017-07-17 10:39:38
10:39:41,10:39:41,34.5,--,169,583050,买盘,2017-07-17,2017-07-17 10:39:41
10:39:44,10:39:44,34.49,-0.01,88,303512,卖盘,2017-07-17,2017-07-17 10:39:44
10:39:47,10:39:47,34.5,0.01,50,172500,卖盘,2017-07-17,2017-07-17 10:39:47
10:39:50,10:39:50,34.6,0.1,257,889220,买盘,2017-07-17,2017-07-17 10:39:50
10:39:53,10:39:53,34.57,-0.03,94,324958,中性盘,2017-07-17,2017-07-17 10:39:53
10:39:56,10:39:56,34.55,-0.02,135,466424,卖盘,2017-07-17,2017-07-17 10:39:56
10:39:59,10:39:59,34.6,0.05,92,318320,买盘,2017-07-17,2017-07-17 10:39:59
10:40:02,10:40:02,34.61,0.01,120,415320,买盘,2017-07-17,2017-07-17 10:40:02
10:40:05,10:40:05,34.6,-0.01,102,352920,卖盘,2017-07-17,2017-07-17 10:40:05
10:40:08,10:40:08,34.6,--,224,775040,卖盘,2017-07-17,2017-07-17 10:40:08
10:40:11,10:40:11,34.62,0.02,237,820493,买盘,2017-07-17,2017-07-17 10:40:11
10:40:14,10:40:14,34.66,0.04,69,239153,买盘,2017-07-17,2017-07-17 10:40:14
10:40:17,10:40:17,34.6,-0.06,955,3304300,卖盘,2017-07-17,2017-07-17 10:40:17
10:40:20,10:40:20,34.62,0.02,119,411977,买盘,2017-07-17,2017-07-17 10:40:20
10:40:23,10:40:23,34.61,-0.01,340,1176740,中性盘,2017-07-17,2017-07-17 10:40:23
10:40:26,10:40:26,34.6,-0.01,403,1394380,卖盘,2017-07-17,2017-07-17 10:40:26
10:40:29,10:40:29,34.6,--,733,2537910,买盘,2017-07-17,2017-07-17 10:40:29
10:40:32,10:40:32,34.66,0.06,808,2800527,买盘,2017-07-17,2017-07-17 10:40:32
10:40:35,10:40:35,34.66,--,360,1247759,卖盘,2017-07-17,2017-07-17 10:40:35
10:40:38,10:40:38,34.66,--,171,592685,卖盘,2017-07-17,2017-07-17 10:40:38
10:40:41,10:40:41,34.72,0.06,86,298592,买盘,2017-07-17,2017-07-17 10:40:41
10:40:44,10:40:44,34.65,-0.07,327,1133055,卖盘,2017-07-17,2017-07-17 10:40:44
10:40:47,10:40:47,34.7,0.05,163,565610,买盘,2017-07-17,2017-07-17 10:40:47
10:40:50,10:40:50,34.69,-0.01,333,1155177,中性盘,2017-07-17,2017-07-17 10:40:50
10:40:53,10:40:53,34.66,-0.03,174,603083,卖盘,2017-07-17,2017-07-17 10:40:53
10:40:56,10:40:56,34.74,0.08,420,1459080,买盘,2017-07-17,2017-07-17 10:40:56
