idx_time,time,price,change,volume,amount,type,date,date_time
09:25:00,09:25:00,6.6,6.6,8026,5297760,买盘,2017-06-29,2017-06-29 09:25:00
09:28:45,09:28:45,6.6,--,0,0,卖盘,2017-06-29,2017-06-29 09:28:45
09:30:01,09:30:01,6.67,0.07,2960,1974320,买盘,2017-06-29,2017-06-29 09:30:01
09:30:04,09:30:04,6.64,-0.03,11871,7882344,卖盘,2017-06-29,2017-06-29 09:30:04
09:30:07,09:30:07,6.7,0.06,4122,2761740,买盘,2017-06-29,2017-06-29 09:30:07
09:30:10,09:30:10,6.65,-0.05,2274,1512210,卖盘,2017-06-29,2017-06-29 09:30:10
09:30:13,09:30:13,6.74,0.09,615,414510,买盘,2017-06-29,2017-06-29 09:30:13
09:30:16,09:30:16,6.77,0.03,479,324283,买盘,2017-06-29,2017-06-29 09:30:16
09:30:19,09:30:19,6.6,-0.17,778,513539,卖盘,2017-06-29,2017-06-29 09:30:19
09:30:22,09:30:22,6.67,0.07,298,199372,买盘,2017-06-29,2017-06-29 09:30:22
09:30:25,09:30:25,6.66,-0.01,303,201798,卖盘,2017-06-29,2017-06-29 09:30:25
09:30:28,09:30:28,6.67,0.01,305,203435,买盘,2017-06-29,2017-06-29 09:30:28
09:30:31,09:30:31,6.62,-0.05,248,164176,卖盘,2017-06-29,2017-06-29 09:30:31
09:30:34,09:30:34,6.63,0.01,953,631839,买盘,2017-06-29,2017-06-29 09:30:34
09:30:37,09:30:37,6.61,-0.02,465,307365,卖盘,2017-06-29,2017-06-29 09:30:37
09:30:40,09:30:40,6.66,0.05,294,195804,买盘,2017-06-29,2017-06-29 09:30:40
09:30:43,09:30:43,6.61,-0.05,523,345703,卖盘,2017-06-29,2017-06-29 09:30:43
09:30:46,09:30:46,6.65,0.04,725,482125,买盘,2017-06-29,2017-06-29 09:30:46
09:30:49,09:30:49,6.63,-0.02,124,82212,中性盘,2017-06-29,2017-06-29 09:30:49
09:30:52,09:30:52,6.62,-0.01,971,642802,卖盘,2017-06-29,2017-06-29 09:30:52
09:30:55,09:30:55,6.66,0.04,770,512820,买盘,2017-06-29,2017-06-29 09:30:55
09:30:58,09:30:58,6.65,-0.01,248,164920,卖盘,2017-06-29,2017-06-29 09:30:58
09:31:01,09:31:01,6.65,--,857,569905,买盘,2017-06-29,2017-06-29 09:31:01
09:31:04,09:31:04,6.65,--,291,193515,买盘,2017-06-29,2017-06-29 09:31:04
09:31:07,09:31:07,6.64,-0.01,327,217128,中性盘,2017-06-29,2017-06-29 09:31:07
09:31:10,09:31:10,6.65,0.01,376,250040,买盘,2017-06-29,2017-06-29 09:31:10
09:31:13,09:31:13,6.65,--,458,304570,买盘,2017-06-29,2017-06-29 09:31:13
09:31:16,09:31:16,6.65,--,338,224770,买盘,2017-06-29,2017-06-29 09:31:16
09:31:19,09:31:19,6.63,-0.02,934,619242,卖盘,2017-06-29,2017-06-29 09:31:19
09:31:22,09:31:22,6.64,0.01,859,570376,买盘,2017-06-29,2017-06-29 09:31:22
09:31:25,09:31:25,6.64,--,126,83664,买盘,2017-06-29,2017-06-29 09:31:25
09:31:28,09:31:28,6.63,-0.01,211,139893,买盘,2017-06-29,2017-06-29 09:31:28
09:31:31,09:31:31,6.62,-0.01,124,82088,卖盘,2017-06-29,2017-06-29 09:31:31
09:31:34,09:31:34,6.61,-0.01,429,283569,卖盘,2017-06-29,2017-06-29 09:31:34
09:31:37,09:31:37,6.6,-0.01,858,566339,卖盘,2017-06-29,2017-06-29 09:31:37
09:31:40,09:31:40,6.6,--,84,55440,买盘,2017-06-29,2017-06-29 09:31:40
09:31:43,09:31:43,6.6,--,20,13200,买盘,2017-06-29,2017-06-29 09:31:43
09:31:46,09:31:46,6.58,-0.02,873,574434,卖盘,2017-06-29,2017-06-29 09:31:46
09:31:49,09:31:49,6.57,-0.01,695,456615,卖盘,2017-06-29,2017-06-29 09:31:49
09:31:52,09:31:52,6.55,-0.02,590,386450,卖盘,2017-06-29,2017-06-29 09:31:52
09:31:55,09:31:55,6.53,-0.02,363,237039,卖盘,2017-06-29,2017-06-29 09:31:55
09:31:58,09:31:58,6.52,-0.01,69,44988,卖盘,2017-06-29,2017-06-29 09:31:58
09:32:01,09:32:01,6.53,0.01,79,51587,中性盘,2017-06-29,2017-06-29 09:32:01
09:32:04,09:32:04,6.51,-0.02,673,438123,卖盘,2017-06-29,2017-06-29 09:32:04
09:32:07,09:32:07,6.52,0.01,366,238631,买盘,2017-06-29,2017-06-29 09:32:07
09:32:10,09:32:10,6.52,--,390,254279,卖盘,2017-06-29,2017-06-29 09:32:10
09:32:13,09:32:13,6.51,-0.01,579,376929,卖盘,2017-06-29,2017-06-29 09:32:13
09:32:16,09:32:16,6.52,0.01,159,103668,买盘,2017-06-29,2017-06-29 09:32:16
09:32:19,09:32:19,6.52,--,726,473351,买盘,2017-06-29,2017-06-29 09:32:19
09:32:22,09:32:22,6.51,-0.01,335,218085,卖盘,2017-06-29,2017-06-29 09:32:22
09:32:25,09:32:25,6.52,0.01,225,146700,买盘,2017-06-29,2017-06-29 09:32:25
09:32:28,09:32:28,6.51,-0.01,496,322896,卖盘,2017-06-29,2017-06-29 09:32:28
09:32:31,09:32:31,6.52,0.01,733,477915,买盘,2017-06-29,2017-06-29 09:32:31
09:32:34,09:32:34,6.52,--,1074,700248,卖盘,2017-06-29,2017-06-29 09:32:34
09:32:37,09:32:37,6.55,0.03,499,326845,买盘,2017-06-29,2017-06-29 09:32:37
09:32:40,09:32:40,6.52,-0.03,298,194296,卖盘,2017-06-29,2017-06-29 09:32:40
09:32:43,09:32:43,6.55,0.03,25,16375,中性盘,2017-06-29,2017-06-29 09:32:43
09:32:46,09:32:46,6.56,0.01,110,72160,买盘,2017-06-29,2017-06-29 09:32:46
09:32:49,09:32:49,6.53,-0.03,97,63341,卖盘,2017-06-29,2017-06-29 09:32:49
09:32:52,09:32:52,6.56,0.03,5,3280,卖盘,2017-06-29,2017-06-29 09:32:52
09:32:55,09:32:55,6.57,0.01,9,5913,买盘,2017-06-29,2017-06-29 09:32:55
09:32:58,09:32:58,6.56,-0.01,252,165312,卖盘,2017-06-29,2017-06-29 09:32:58
09:33:01,09:33:01,6.56,--,277,181712,买盘,2017-06-29,2017-06-29 09:33:01
09:33:04,09:33:04,6.57,0.01,327,214839,买盘,2017-06-29,2017-06-29 09:33:04
09:33:07,09:33:07,6.56,-0.01,225,147600,卖盘,2017-06-29,2017-06-29 09:33:07
09:33:10,09:33:10,6.57,0.01,147,96579,买盘,2017-06-29,2017-06-29 09:33:10
09:33:13,09:33:13,6.55,-0.02,450,294750,卖盘,2017-06-29,2017-06-29 09:33:13
09:33:16,09:33:16,6.55,--,366,239730,买盘,2017-06-29,2017-06-29 09:33:16
09:33:19,09:33:19,6.55,--,109,71395,买盘,2017-06-29,2017-06-29 09:33:19
09:33:22,09:33:22,6.56,0.01,355,232880,买盘,2017-06-29,2017-06-29 09:33:22
09:33:25,09:33:25,6.55,-0.01,588,385140,买盘,2017-06-29,2017-06-29 09:33:25
09:33:28,09:33:28,6.55,--,101,66155,卖盘,2017-06-29,2017-06-29 09:33:28
09:33:31,09:33:31,6.56,0.01,283,185648,买盘,2017-06-29,2017-06-29 09:33:31
09:33:34,09:33:34,6.54,-0.02,539,352506,卖盘,2017-06-29,2017-06-29 09:33:34
09:33:37,09:33:37,6.55,0.01,345,225975,买盘,2017-06-29,2017-06-29 09:33:37
09:33:40,09:33:40,6.55,--,0,0,买盘,2017-06-29,2017-06-29 09:33:40
09:33:43,09:33:43,6.53,-0.02,298,194594,卖盘,2017-06-29,2017-06-29 09:33:43
09:33:46,09:33:46,6.53,--,50,32650,卖盘,2017-06-29,2017-06-29 09:33:46
09:33:49,09:33:49,6.54,0.01,56,36624,买盘,2017-06-29,2017-06-29 09:33:49
09:33:52,09:33:52,6.53,-0.01,130,84890,卖盘,2017-06-29,2017-06-29 09:33:52
09:33:55,09:33:55,6.53,--,93,60729,卖盘,2017-06-29,2017-06-29 09:33:55
09:33:58,09:33:58,6.54,0.01,101,66054,买盘,2017-06-29,2017-06-29 09:33:58
09:34:01,09:34:01,6.53,-0.01,236,154108,卖盘,2017-06-29,2017-06-29 09:34:01
09:34:04,09:34:04,6.53,--,335,218755,卖盘,2017-06-29,2017-06-29 09:34:04
09:34:07,09:34:07,6.53,--,312,203736,买盘,2017-06-29,2017-06-29 09:34:07
09:34:10,09:34:10,6.53,--,119,77707,卖盘,2017-06-29,2017-06-29 09:34:10
09:34:13,09:34:13,6.53,--,57,37221,卖盘,2017-06-29,2017-06-29 09:34:13
09:34:16,09:34:16,6.54,0.01,82,53628,买盘,2017-06-29,2017-06-29 09:34:16
09:34:19,09:34:19,6.52,-0.02,59,38468,卖盘,2017-06-29,2017-06-29 09:34:19
09:34:22,09:34:22,6.52,--,126,82152,卖盘,2017-06-29,2017-06-29 09:34:22
09:34:25,09:34:25,6.53,0.01,41,26773,买盘,2017-06-29,2017-06-29 09:34:25
09:34:28,09:34:28,6.52,-0.01,122,79544,卖盘,2017-06-29,2017-06-29 09:34:28
09:34:31,09:34:31,6.52,--,698,455095,卖盘,2017-06-29,2017-06-29 09:34:31
09:34:34,09:34:34,6.51,-0.01,241,156891,卖盘,2017-06-29,2017-06-29 09:34:34
09:34:37,09:34:37,6.51,--,729,474579,卖盘,2017-06-29,2017-06-29 09:34:37
09:34:40,09:34:40,6.51,--,82,53382,卖盘,2017-06-29,2017-06-29 09:34:40
09:34:43,09:34:43,6.52,0.01,236,153872,买盘,2017-06-29,2017-06-29 09:34:43
09:34:46,09:34:46,6.51,-0.01,27,17577,卖盘,2017-06-29,2017-06-29 09:34:46
09:34:49,09:34:49,6.51,--,153,99603,卖盘,2017-06-29,2017-06-29 09:34:49
09:34:52,09:34:52,6.51,--,11,7161,卖盘,2017-06-29,2017-06-29 09:34:52
09:34:55,09:34:55,6.53,0.02,501,327153,买盘,2017-06-29,2017-06-29 09:34:55
09:34:58,09:34:58,6.51,-0.02,218,141918,卖盘,2017-06-29,2017-06-29 09:34:58
09:35:01,09:35:01,6.51,--,1041,677691,买盘,2017-06-29,2017-06-29 09:35:01
09:35:04,09:35:04,6.51,--,23,14973,买盘,2017-06-29,2017-06-29 09:35:04
09:35:07,09:35:07,6.52,0.01,315,205380,买盘,2017-06-29,2017-06-29 09:35:07
09:35:10,09:35:10,6.51,-0.01,37,24087,卖盘,2017-06-29,2017-06-29 09:35:10
09:35:13,09:35:13,6.51,--,313,203763,卖盘,2017-06-29,2017-06-29 09:35:13
09:35:16,09:35:16,6.52,0.01,56,36512,买盘,2017-06-29,2017-06-29 09:35:16
09:35:19,09:35:19,6.52,--,56,36512,买盘,2017-06-29,2017-06-29 09:35:19
09:35:22,09:35:22,6.52,--,252,164304,买盘,2017-06-29,2017-06-29 09:35:22
09:35:25,09:35:25,6.51,-0.01,139,90489,卖盘,2017-06-29,2017-06-29 09:35:25
09:35:28,09:35:28,6.52,0.01,47,30643,买盘,2017-06-29,2017-06-29 09:35:28
09:35:31,09:35:31,6.51,-0.01,229,149079,卖盘,2017-06-29,2017-06-29 09:35:31
09:35:34,09:35:34,6.51,--,26,16926,卖盘,2017-06-29,2017-06-29 09:35:34
09:35:37,09:35:37,6.52,0.01,750,488999,买盘,2017-06-29,2017-06-29 09:35:37
09:35:40,09:35:40,6.52,--,50,32599,卖盘,2017-06-29,2017-06-29 09:35:40
09:35:43,09:35:43,6.52,--,1004,654608,卖盘,2017-06-29,2017-06-29 09:35:43
09:35:46,09:35:46,6.52,--,37,24124,卖盘,2017-06-29,2017-06-29 09:35:46
09:35:49,09:35:49,6.53,0.01,100,65300,买盘,2017-06-29,2017-06-29 09:35:49
09:35:52,09:35:52,6.52,-0.01,67,43684,卖盘,2017-06-29,2017-06-29 09:35:52
09:35:55,09:35:55,6.53,0.01,236,154108,买盘,2017-06-29,2017-06-29 09:35:55
09:35:58,09:35:58,6.52,-0.01,26,16952,卖盘,2017-06-29,2017-06-29 09:35:58
09:36:01,09:36:01,6.53,0.01,309,201777,买盘,2017-06-29,2017-06-29 09:36:01
09:36:04,09:36:04,6.53,--,116,75748,买盘,2017-06-29,2017-06-29 09:36:04
09:36:07,09:36:07,6.53,--,151,98603,买盘,2017-06-29,2017-06-29 09:36:07
09:36:10,09:36:10,6.53,--,1,653,卖盘,2017-06-29,2017-06-29 09:36:10
09:36:13,09:36:13,6.53,--,59,38527,卖盘,2017-06-29,2017-06-29 09:36:13
09:36:16,09:36:16,6.55,0.02,1288,843640,买盘,2017-06-29,2017-06-29 09:36:16
09:36:19,09:36:19,6.54,-0.01,96,62784,卖盘,2017-06-29,2017-06-29 09:36:19
09:36:22,09:36:22,6.53,-0.01,440,287320,卖盘,2017-06-29,2017-06-29 09:36:22
09:36:25,09:36:25,6.53,--,201,131253,卖盘,2017-06-29,2017-06-29 09:36:25
09:36:28,09:36:28,6.54,0.01,45,29430,卖盘,2017-06-29,2017-06-29 09:36:28
09:36:31,09:36:31,6.54,--,47,30738,卖盘,2017-06-29,2017-06-29 09:36:31
09:36:34,09:36:34,6.54,--,170,111180,卖盘,2017-06-29,2017-06-29 09:36:34
09:36:37,09:36:37,6.54,--,95,62130,卖盘,2017-06-29,2017-06-29 09:36:37
09:36:40,09:36:40,6.54,--,40,26160,卖盘,2017-06-29,2017-06-29 09:36:40
09:36:43,09:36:43,6.54,--,169,110526,卖盘,2017-06-29,2017-06-29 09:36:43
09:36:46,09:36:46,6.55,0.01,448,293440,买盘,2017-06-29,2017-06-29 09:36:46
09:36:49,09:36:49,6.55,--,163,106765,买盘,2017-06-29,2017-06-29 09:36:49
09:36:52,09:36:52,6.55,--,266,174230,买盘,2017-06-29,2017-06-29 09:36:52
09:36:55,09:36:55,6.55,--,261,170955,买盘,2017-06-29,2017-06-29 09:36:55
09:36:58,09:36:58,6.55,--,106,69430,买盘,2017-06-29,2017-06-29 09:36:58
09:37:01,09:37:01,6.56,0.01,139,91184,买盘,2017-06-29,2017-06-29 09:37:01
09:37:04,09:37:04,6.55,-0.01,344,225320,卖盘,2017-06-29,2017-06-29 09:37:04
09:37:07,09:37:07,6.54,-0.01,44,28776,卖盘,2017-06-29,2017-06-29 09:37:07
09:37:10,09:37:10,6.55,0.01,26,17030,买盘,2017-06-29,2017-06-29 09:37:10
09:37:13,09:37:13,6.55,--,371,243005,卖盘,2017-06-29,2017-06-29 09:37:13
09:37:16,09:37:16,6.55,--,114,74670,卖盘,2017-06-29,2017-06-29 09:37:16
09:37:19,09:37:19,6.56,0.01,167,109552,买盘,2017-06-29,2017-06-29 09:37:19
09:37:22,09:37:22,6.55,-0.01,126,82530,卖盘,2017-06-29,2017-06-29 09:37:22
09:37:25,09:37:25,6.55,--,339,222045,卖盘,2017-06-29,2017-06-29 09:37:25
09:37:28,09:37:28,6.58,0.03,1455,957390,买盘,2017-06-29,2017-06-29 09:37:28
09:37:31,09:37:31,6.58,--,6,3948,卖盘,2017-06-29,2017-06-29 09:37:31
09:37:34,09:37:34,6.59,0.01,26,17134,买盘,2017-06-29,2017-06-29 09:37:34
09:37:40,09:37:40,6.59,--,95,62605,买盘,2017-06-29,2017-06-29 09:37:40
09:37:43,09:37:43,6.59,--,53,34927,买盘,2017-06-29,2017-06-29 09:37:43
09:37:46,09:37:46,6.59,--,68,44812,买盘,2017-06-29,2017-06-29 09:37:46
09:37:49,09:37:49,6.59,--,228,150252,买盘,2017-06-29,2017-06-29 09:37:49
09:37:52,09:37:52,6.59,--,534,351906,买盘,2017-06-29,2017-06-29 09:37:52
09:37:55,09:37:55,6.6,0.01,155,102300,买盘,2017-06-29,2017-06-29 09:37:55
09:38:01,09:38:01,6.6,--,131,86460,买盘,2017-06-29,2017-06-29 09:38:01
09:38:04,09:38:04,6.59,-0.01,107,70513,卖盘,2017-06-29,2017-06-29 09:38:04
09:38:07,09:38:07,6.6,0.01,250,165000,买盘,2017-06-29,2017-06-29 09:38:07
09:38:10,09:38:10,6.59,-0.01,201,132459,卖盘,2017-06-29,2017-06-29 09:38:10
09:38:13,09:38:13,6.6,0.01,75,49500,买盘,2017-06-29,2017-06-29 09:38:13
09:38:16,09:38:16,6.6,--,242,159720,卖盘,2017-06-29,2017-06-29 09:38:16
09:38:19,09:38:19,6.6,--,129,85140,卖盘,2017-06-29,2017-06-29 09:38:19
09:38:22,09:38:22,6.6,--,30,19800,买盘,2017-06-29,2017-06-29 09:38:22
09:38:25,09:38:25,6.62,0.02,157,103934,买盘,2017-06-29,2017-06-29 09:38:25
09:38:28,09:38:28,6.6,-0.02,78,51480,中性盘,2017-06-29,2017-06-29 09:38:28
09:38:31,09:38:31,6.59,-0.01,520,342680,卖盘,2017-06-29,2017-06-29 09:38:31
09:38:34,09:38:34,6.59,--,82,54038,买盘,2017-06-29,2017-06-29 09:38:34
09:38:37,09:38:37,6.59,--,224,147616,卖盘,2017-06-29,2017-06-29 09:38:37
09:38:40,09:38:40,6.59,--,170,112030,买盘,2017-06-29,2017-06-29 09:38:40
09:38:43,09:38:43,6.59,--,70,46130,买盘,2017-06-29,2017-06-29 09:38:43
09:38:46,09:38:46,6.59,--,24,15816,买盘,2017-06-29,2017-06-29 09:38:46
09:38:49,09:38:49,6.59,--,402,264918,买盘,2017-06-29,2017-06-29 09:38:49
09:38:52,09:38:52,6.59,--,37,24383,买盘,2017-06-29,2017-06-29 09:38:52
09:38:55,09:38:55,6.58,-0.01,213,140154,卖盘,2017-06-29,2017-06-29 09:38:55
09:38:58,09:38:58,6.58,--,54,35532,卖盘,2017-06-29,2017-06-29 09:38:58
09:39:01,09:39:01,6.58,--,1051,692202,卖盘,2017-06-29,2017-06-29 09:39:01
09:39:04,09:39:04,6.58,--,199,130955,卖盘,2017-06-29,2017-06-29 09:39:04
09:39:07,09:39:07,6.58,--,115,75670,买盘,2017-06-29,2017-06-29 09:39:07
09:39:10,09:39:10,6.58,--,269,177002,买盘,2017-06-29,2017-06-29 09:39:10
09:39:13,09:39:13,6.58,--,208,136864,买盘,2017-06-29,2017-06-29 09:39:13
09:39:16,09:39:16,6.58,--,59,38822,买盘,2017-06-29,2017-06-29 09:39:16
09:39:19,09:39:19,6.56,-0.02,24,15743,卖盘,2017-06-29,2017-06-29 09:39:19
09:39:22,09:39:22,6.57,0.01,47,30879,买盘,2017-06-29,2017-06-29 09:39:22
09:39:25,09:39:25,6.55,-0.02,36,23580,卖盘,2017-06-29,2017-06-29 09:39:25
09:39:28,09:39:28,6.57,0.02,1,657,买盘,2017-06-29,2017-06-29 09:39:28
09:39:31,09:39:31,6.55,-0.02,64,41920,卖盘,2017-06-29,2017-06-29 09:39:31
09:39:34,09:39:34,6.56,0.01,205,134480,中性盘,2017-06-29,2017-06-29 09:39:34
09:39:37,09:39:37,6.55,-0.01,33,21615,卖盘,2017-06-29,2017-06-29 09:39:37
09:39:40,09:39:40,6.55,--,49,32095,卖盘,2017-06-29,2017-06-29 09:39:40
09:39:43,09:39:43,6.55,--,234,153270,卖盘,2017-06-29,2017-06-29 09:39:43
09:39:46,09:39:46,6.55,--,5,3275,卖盘,2017-06-29,2017-06-29 09:39:46
09:39:49,09:39:49,6.55,--,14,9170,卖盘,2017-06-29,2017-06-29 09:39:49
09:39:52,09:39:52,6.54,-0.01,38,24852,卖盘,2017-06-29,2017-06-29 09:39:52
09:39:57,09:39:57,6.55,0.01,69,45195,买盘,2017-06-29,2017-06-29 09:39:57
09:40:00,09:40:00,6.55,--,124,81220,买盘,2017-06-29,2017-06-29 09:40:00
09:40:03,09:40:03,6.55,--,134,87770,买盘,2017-06-29,2017-06-29 09:40:03
09:40:06,09:40:06,6.54,-0.01,948,619992,卖盘,2017-06-29,2017-06-29 09:40:06
09:40:09,09:40:09,6.54,--,167,109218,卖盘,2017-06-29,2017-06-29 09:40:09
09:40:12,09:40:12,6.54,--,227,148458,卖盘,2017-06-29,2017-06-29 09:40:12
09:40:15,09:40:15,6.55,0.01,31,20305,买盘,2017-06-29,2017-06-29 09:40:15
09:40:18,09:40:18,6.54,-0.01,104,68016,卖盘,2017-06-29,2017-06-29 09:40:18
09:40:21,09:40:21,6.53,-0.01,395,258294,卖盘,2017-06-29,2017-06-29 09:40:21
09:40:24,09:40:24,6.53,--,20,13060,卖盘,2017-06-29,2017-06-29 09:40:24
09:40:27,09:40:27,6.54,0.01,20,13080,买盘,2017-06-29,2017-06-29 09:40:27
09:40:30,09:40:30,6.54,--,241,157614,买盘,2017-06-29,2017-06-29 09:40:30
09:40:33,09:40:33,6.53,-0.01,424,277165,卖盘,2017-06-29,2017-06-29 09:40:33
09:40:36,09:40:36,6.53,--,55,36274,买盘,2017-06-29,2017-06-29 09:40:36
09:40:39,09:40:39,6.53,--,159,103827,卖盘,2017-06-29,2017-06-29 09:40:39
09:40:42,09:40:42,6.53,--,29,18937,买盘,2017-06-29,2017-06-29 09:40:42
09:40:45,09:40:45,6.53,--,26,16978,买盘,2017-06-29,2017-06-29 09:40:45
09:40:48,09:40:48,6.53,--,36,23508,买盘,2017-06-29,2017-06-29 09:40:48
09:40:51,09:40:51,6.53,--,196,127988,买盘,2017-06-29,2017-06-29 09:40:51
09:40:54,09:40:54,6.52,-0.01,169,110188,卖盘,2017-06-29,2017-06-29 09:40:54
09:40:57,09:40:57,6.53,0.01,153,99909,买盘,2017-06-29,2017-06-29 09:40:57
09:41:00,09:41:00,6.53,--,96,62688,卖盘,2017-06-29,2017-06-29 09:41:00
09:41:03,09:41:03,6.53,--,50,32650,卖盘,2017-06-29,2017-06-29 09:41:03
09:41:06,09:41:06,6.53,--,213,139089,卖盘,2017-06-29,2017-06-29 09:41:06
09:41:09,09:41:09,6.52,-0.01,110,71720,卖盘,2017-06-29,2017-06-29 09:41:09
09:41:12,09:41:12,6.52,--,74,48248,卖盘,2017-06-29,2017-06-29 09:41:12
09:41:15,09:41:15,6.53,0.01,66,43098,买盘,2017-06-29,2017-06-29 09:41:15
09:41:18,09:41:18,6.53,--,144,94032,买盘,2017-06-29,2017-06-29 09:41:18
09:41:21,09:41:21,6.53,--,6,3918,卖盘,2017-06-29,2017-06-29 09:41:21
09:41:24,09:41:24,6.53,--,98,63994,卖盘,2017-06-29,2017-06-29 09:41:24
09:41:27,09:41:27,6.52,-0.01,24,15647,卖盘,2017-06-29,2017-06-29 09:41:27
09:41:30,09:41:30,6.53,0.01,39,25467,买盘,2017-06-29,2017-06-29 09:41:30
09:41:33,09:41:33,6.53,--,112,73136,买盘,2017-06-29,2017-06-29 09:41:33
09:41:36,09:41:36,6.52,-0.01,49,31947,卖盘,2017-06-29,2017-06-29 09:41:36
09:41:39,09:41:39,6.53,0.01,12,7836,买盘,2017-06-29,2017-06-29 09:41:39
09:41:42,09:41:42,6.53,--,48,31344,买盘,2017-06-29,2017-06-29 09:41:42
09:41:45,09:41:45,6.52,-0.01,17,11084,卖盘,2017-06-29,2017-06-29 09:41:45
09:41:48,09:41:48,6.53,0.01,21,13713,买盘,2017-06-29,2017-06-29 09:41:48
09:41:51,09:41:51,6.52,-0.01,286,186472,卖盘,2017-06-29,2017-06-29 09:41:51
09:41:54,09:41:54,6.53,0.01,35,22855,买盘,2017-06-29,2017-06-29 09:41:54
09:41:57,09:41:57,6.53,--,26,16978,买盘,2017-06-29,2017-06-29 09:41:57
09:42:00,09:42:00,6.53,--,18,11754,卖盘,2017-06-29,2017-06-29 09:42:00
09:42:06,09:42:06,6.53,--,157,102521,卖盘,2017-06-29,2017-06-29 09:42:06
09:42:09,09:42:09,6.53,--,95,62035,卖盘,2017-06-29,2017-06-29 09:42:09
09:42:12,09:42:12,6.53,--,44,28732,买盘,2017-06-29,2017-06-29 09:42:12
09:42:15,09:42:15,6.53,--,10,6530,卖盘,2017-06-29,2017-06-29 09:42:15
09:42:18,09:42:18,6.53,--,76,49628,卖盘,2017-06-29,2017-06-29 09:42:18
09:42:21,09:42:21,6.53,--,28,18284,卖盘,2017-06-29,2017-06-29 09:42:21
09:42:24,09:42:24,6.52,-0.01,88,57375,卖盘,2017-06-29,2017-06-29 09:42:24
09:42:27,09:42:27,6.53,0.01,51,33303,买盘,2017-06-29,2017-06-29 09:42:27
09:42:30,09:42:30,6.52,-0.01,63,41076,卖盘,2017-06-29,2017-06-29 09:42:30
09:42:33,09:42:33,6.52,--,12,7823,卖盘,2017-06-29,2017-06-29 09:42:33
09:42:36,09:42:36,6.53,0.01,42,27426,买盘,2017-06-29,2017-06-29 09:42:36
09:42:39,09:42:39,6.53,--,20,13060,卖盘,2017-06-29,2017-06-29 09:42:39
09:42:42,09:42:42,6.53,--,9,5877,卖盘,2017-06-29,2017-06-29 09:42:42
09:42:45,09:42:45,6.53,--,10,6530,卖盘,2017-06-29,2017-06-29 09:42:45
09:42:51,09:42:51,6.53,--,8,5224,卖盘,2017-06-29,2017-06-29 09:42:51
09:42:54,09:42:54,6.53,--,20,13060,卖盘,2017-06-29,2017-06-29 09:42:54
09:42:57,09:42:57,6.53,--,5,3265,卖盘,2017-06-29,2017-06-29 09:42:57
09:43:00,09:43:00,6.54,0.01,28,18312,买盘,2017-06-29,2017-06-29 09:43:00
09:43:03,09:43:03,6.53,-0.01,151,98603,卖盘,2017-06-29,2017-06-29 09:43:03
09:43:06,09:43:06,6.54,0.01,22,14388,买盘,2017-06-29,2017-06-29 09:43:06
09:43:09,09:43:09,6.53,-0.01,18,11754,卖盘,2017-06-29,2017-06-29 09:43:09
09:43:12,09:43:12,6.53,--,39,25467,卖盘,2017-06-29,2017-06-29 09:43:12
09:43:15,09:43:15,6.53,--,51,33303,卖盘,2017-06-29,2017-06-29 09:43:15
09:43:18,09:43:18,6.54,0.01,150,98217,买盘,2017-06-29,2017-06-29 09:43:18
09:43:22,09:43:22,6.55,0.01,41,26855,买盘,2017-06-29,2017-06-29 09:43:22
09:43:25,09:43:25,6.54,-0.01,145,94830,卖盘,2017-06-29,2017-06-29 09:43:25
09:43:31,09:43:31,6.55,0.01,111,72705,买盘,2017-06-29,2017-06-29 09:43:31
09:43:34,09:43:34,6.54,-0.01,201,131454,卖盘,2017-06-29,2017-06-29 09:43:34
09:43:40,09:43:40,6.55,0.01,222,145410,买盘,2017-06-29,2017-06-29 09:43:40
09:43:42,09:43:42,6.56,0.01,17,11152,买盘,2017-06-29,2017-06-29 09:43:42
09:43:46,09:43:46,6.56,--,50,32800,买盘,2017-06-29,2017-06-29 09:43:46
09:43:48,09:43:48,6.55,-0.01,3,1965,卖盘,2017-06-29,2017-06-29 09:43:48
09:43:52,09:43:52,6.56,0.01,68,44608,买盘,2017-06-29,2017-06-29 09:43:52
09:43:55,09:43:55,6.55,-0.01,6,3930,卖盘,2017-06-29,2017-06-29 09:43:55
09:43:58,09:43:58,6.55,--,21,13755,卖盘,2017-06-29,2017-06-29 09:43:58
09:44:01,09:44:01,6.56,0.01,68,44608,买盘,2017-06-29,2017-06-29 09:44:01
09:44:04,09:44:04,6.56,--,223,146288,买盘,2017-06-29,2017-06-29 09:44:04
09:44:07,09:44:07,6.55,-0.01,16,10480,卖盘,2017-06-29,2017-06-29 09:44:07
09:44:10,09:44:10,6.56,0.01,2,1312,买盘,2017-06-29,2017-06-29 09:44:10
09:44:13,09:44:13,6.56,--,108,70848,买盘,2017-06-29,2017-06-29 09:44:13
09:44:16,09:44:16,6.56,--,16,10496,卖盘,2017-06-29,2017-06-29 09:44:16
09:44:19,09:44:19,6.56,--,30,19680,卖盘,2017-06-29,2017-06-29 09:44:19
09:44:22,09:44:22,6.57,0.01,59,38763,买盘,2017-06-29,2017-06-29 09:44:22
09:44:28,09:44:28,6.56,-0.01,40,26240,卖盘,2017-06-29,2017-06-29 09:44:28
09:44:31,09:44:31,6.56,--,48,31487,卖盘,2017-06-29,2017-06-29 09:44:31
09:44:34,09:44:34,6.56,--,28,18368,卖盘,2017-06-29,2017-06-29 09:44:34
09:44:37,09:44:37,6.56,--,9,5904,买盘,2017-06-29,2017-06-29 09:44:37
09:44:43,09:44:43,6.56,--,71,46576,买盘,2017-06-29,2017-06-29 09:44:43
09:44:46,09:44:46,6.56,--,102,66912,买盘,2017-06-29,2017-06-29 09:44:46
09:44:49,09:44:49,6.55,-0.01,52,34060,卖盘,2017-06-29,2017-06-29 09:44:49
09:44:52,09:44:52,6.56,0.01,34,22304,买盘,2017-06-29,2017-06-29 09:44:52
09:44:55,09:44:55,6.56,--,6,3935,买盘,2017-06-29,2017-06-29 09:44:55
09:45:01,09:45:01,6.55,-0.01,120,78600,卖盘,2017-06-29,2017-06-29 09:45:01
09:45:04,09:45:04,6.55,--,43,28165,卖盘,2017-06-29,2017-06-29 09:45:04
09:45:07,09:45:07,6.56,0.01,50,32800,买盘,2017-06-29,2017-06-29 09:45:07
09:45:10,09:45:10,6.56,--,10,6560,买盘,2017-06-29,2017-06-29 09:45:10
09:45:13,09:45:13,6.55,-0.01,20,13100,卖盘,2017-06-29,2017-06-29 09:45:13
09:45:16,09:45:16,6.55,--,1,655,卖盘,2017-06-29,2017-06-29 09:45:16
09:45:19,09:45:19,6.55,--,61,39955,卖盘,2017-06-29,2017-06-29 09:45:19
09:45:22,09:45:22,6.55,--,69,45195,卖盘,2017-06-29,2017-06-29 09:45:22
09:45:25,09:45:25,6.55,--,53,34715,卖盘,2017-06-29,2017-06-29 09:45:25
09:45:28,09:45:28,6.55,--,270,176850,卖盘,2017-06-29,2017-06-29 09:45:28
09:45:31,09:45:31,6.55,--,237,155235,卖盘,2017-06-29,2017-06-29 09:45:31
09:45:34,09:45:34,6.55,--,40,26200,卖盘,2017-06-29,2017-06-29 09:45:34
09:45:37,09:45:37,6.55,--,25,16375,买盘,2017-06-29,2017-06-29 09:45:37
09:45:40,09:45:40,6.54,-0.01,30,19620,卖盘,2017-06-29,2017-06-29 09:45:40
09:45:43,09:45:43,6.54,--,29,18966,卖盘,2017-06-29,2017-06-29 09:45:43
09:45:46,09:45:46,6.54,--,22,14388,卖盘,2017-06-29,2017-06-29 09:45:46
09:45:49,09:45:49,6.54,--,354,231516,卖盘,2017-06-29,2017-06-29 09:45:49
09:45:52,09:45:52,6.54,--,5,3270,卖盘,2017-06-29,2017-06-29 09:45:52
09:45:55,09:45:55,6.54,--,272,177888,卖盘,2017-06-29,2017-06-29 09:45:55
09:45:58,09:45:58,6.54,--,438,286988,卖盘,2017-06-29,2017-06-29 09:45:58
09:46:04,09:46:04,6.54,--,21,13734,买盘,2017-06-29,2017-06-29 09:46:04
09:46:07,09:46:07,6.54,--,203,132762,买盘,2017-06-29,2017-06-29 09:46:07
09:46:10,09:46:10,6.53,-0.01,3,1959,卖盘,2017-06-29,2017-06-29 09:46:10
09:46:13,09:46:13,6.53,--,80,52240,卖盘,2017-06-29,2017-06-29 09:46:13
09:46:19,09:46:19,6.53,--,144,94032,卖盘,2017-06-29,2017-06-29 09:46:19
09:46:22,09:46:22,6.54,0.01,162,105948,买盘,2017-06-29,2017-06-29 09:46:22
09:46:25,09:46:25,6.53,-0.01,590,385270,卖盘,2017-06-29,2017-06-29 09:46:25
09:46:28,09:46:28,6.54,0.01,57,37278,买盘,2017-06-29,2017-06-29 09:46:28
09:46:31,09:46:31,6.53,-0.01,20,13060,卖盘,2017-06-29,2017-06-29 09:46:31
09:46:34,09:46:34,6.54,0.01,10,6540,买盘,2017-06-29,2017-06-29 09:46:34
09:46:37,09:46:37,6.53,-0.01,86,56158,卖盘,2017-06-29,2017-06-29 09:46:37
09:46:40,09:46:40,6.52,-0.01,1664,1084928,卖盘,2017-06-29,2017-06-29 09:46:40
09:46:49,09:46:49,6.53,0.01,1,653,买盘,2017-06-29,2017-06-29 09:46:49
09:46:55,09:46:55,6.52,-0.01,101,65852,卖盘,2017-06-29,2017-06-29 09:46:55
09:47:01,09:47:01,6.51,-0.01,100,65100,卖盘,2017-06-29,2017-06-29 09:47:01
09:47:04,09:47:04,6.52,0.01,388,252975,买盘,2017-06-29,2017-06-29 09:47:04
09:47:07,09:47:07,6.52,--,2,1304,买盘,2017-06-29,2017-06-29 09:47:07
09:47:13,09:47:13,6.52,--,19,12388,买盘,2017-06-29,2017-06-29 09:47:13
09:47:16,09:47:16,6.52,--,366,238631,买盘,2017-06-29,2017-06-29 09:47:16
09:47:19,09:47:19,6.52,--,19,12388,买盘,2017-06-29,2017-06-29 09:47:19
09:47:25,09:47:25,6.51,-0.01,98,63798,卖盘,2017-06-29,2017-06-29 09:47:25
09:47:28,09:47:28,6.52,0.01,39,25428,买盘,2017-06-29,2017-06-29 09:47:28
09:47:31,09:47:31,6.52,--,84,54768,买盘,2017-06-29,2017-06-29 09:47:31
09:47:34,09:47:34,6.51,-0.01,10,6510,卖盘,2017-06-29,2017-06-29 09:47:34
09:47:37,09:47:37,6.51,--,719,468069,卖盘,2017-06-29,2017-06-29 09:47:37
09:47:40,09:47:40,6.51,--,161,104811,卖盘,2017-06-29,2017-06-29 09:47:40
09:47:46,09:47:46,6.51,--,40,26040,卖盘,2017-06-29,2017-06-29 09:47:46
09:47:49,09:47:49,6.51,--,0,0,卖盘,2017-06-29,2017-06-29 09:47:49
09:47:52,09:47:52,6.51,--,66,42966,卖盘,2017-06-29,2017-06-29 09:47:52
09:47:55,09:47:55,6.51,--,33,21483,卖盘,2017-06-29,2017-06-29 09:47:55
09:47:58,09:47:58,6.51,--,174,113274,卖盘,2017-06-29,2017-06-29 09:47:58
09:48:01,09:48:01,6.51,--,88,57288,卖盘,2017-06-29,2017-06-29 09:48:01
09:48:04,09:48:04,6.52,0.01,70,45640,买盘,2017-06-29,2017-06-29 09:48:04
09:48:07,09:48:07,6.52,--,30,19560,买盘,2017-06-29,2017-06-29 09:48:07
09:48:10,09:48:10,6.52,--,45,29339,买盘,2017-06-29,2017-06-29 09:48:10
09:48:13,09:48:13,6.51,-0.01,34,22134,卖盘,2017-06-29,2017-06-29 09:48:13
09:48:16,09:48:16,6.51,--,24,15624,卖盘,2017-06-29,2017-06-29 09:48:16
09:48:19,09:48:19,6.52,0.01,68,44336,买盘,2017-06-29,2017-06-29 09:48:19
09:48:22,09:48:22,6.51,-0.01,33,21483,卖盘,2017-06-29,2017-06-29 09:48:22
09:48:25,09:48:25,6.52,0.01,527,343604,买盘,2017-06-29,2017-06-29 09:48:25
09:48:31,09:48:31,6.52,--,43,28531,买盘,2017-06-29,2017-06-29 09:48:31
09:48:34,09:48:34,6.52,--,155,101060,卖盘,2017-06-29,2017-06-29 09:48:34
09:48:40,09:48:40,6.52,--,177,115560,卖盘,2017-06-29,2017-06-29 09:48:40
09:48:43,09:48:43,6.52,--,22,14839,买盘,2017-06-29,2017-06-29 09:48:43
09:48:46,09:48:46,6.53,0.01,23,15019,买盘,2017-06-29,2017-06-29 09:48:46
09:48:49,09:48:49,6.53,--,8,5224,买盘,2017-06-29,2017-06-29 09:48:49
09:48:52,09:48:52,6.53,--,408,266424,买盘,2017-06-29,2017-06-29 09:48:52
09:48:58,09:48:58,6.54,0.01,44,28776,买盘,2017-06-29,2017-06-29 09:48:58
09:49:01,09:49:01,6.53,-0.01,4,2612,卖盘,2017-06-29,2017-06-29 09:49:01
09:49:04,09:49:04,6.53,--,40,26120,卖盘,2017-06-29,2017-06-29 09:49:04
09:49:07,09:49:07,6.53,--,12,7836,卖盘,2017-06-29,2017-06-29 09:49:07
09:49:10,09:49:10,6.53,--,46,30038,卖盘,2017-06-29,2017-06-29 09:49:10
09:49:13,09:49:13,6.53,--,21,13713,卖盘,2017-06-29,2017-06-29 09:49:13
09:49:16,09:49:16,6.54,0.01,58,37932,买盘,2017-06-29,2017-06-29 09:49:16
09:49:19,09:49:19,6.54,--,124,81096,买盘,2017-06-29,2017-06-29 09:49:19
09:49:22,09:49:22,6.55,0.01,53,34715,买盘,2017-06-29,2017-06-29 09:49:22
09:49:25,09:49:25,6.53,-0.02,3,1959,卖盘,2017-06-29,2017-06-29 09:49:25
09:49:31,09:49:31,6.55,0.02,73,47815,买盘,2017-06-29,2017-06-29 09:49:31
09:49:34,09:49:34,6.55,--,11,7205,买盘,2017-06-29,2017-06-29 09:49:34
09:49:37,09:49:37,6.54,-0.01,2,1308,卖盘,2017-06-29,2017-06-29 09:49:37
09:49:43,09:49:43,6.54,--,141,92214,卖盘,2017-06-29,2017-06-29 09:49:43
09:49:46,09:49:46,6.55,0.01,16,10597,买盘,2017-06-29,2017-06-29 09:49:46
09:49:49,09:49:49,6.55,--,28,18877,卖盘,2017-06-29,2017-06-29 09:49:49
09:49:52,09:49:52,6.55,--,1,772,买盘,2017-06-29,2017-06-29 09:49:52
09:49:55,09:49:55,6.55,--,5,3275,卖盘,2017-06-29,2017-06-29 09:49:55
09:50:01,09:50:01,6.55,--,25,16375,卖盘,2017-06-29,2017-06-29 09:50:01
09:50:04,09:50:04,6.55,--,9,5895,卖盘,2017-06-29,2017-06-29 09:50:04
09:50:07,09:50:07,6.55,--,41,26855,卖盘,2017-06-29,2017-06-29 09:50:07
09:50:10,09:50:10,6.56,0.01,185,121360,买盘,2017-06-29,2017-06-29 09:50:10
09:50:13,09:50:13,6.56,--,135,88560,买盘,2017-06-29,2017-06-29 09:50:13
09:50:16,09:50:16,6.56,--,0,0,买盘,2017-06-29,2017-06-29 09:50:16
09:50:19,09:50:19,6.55,-0.01,10,6550,买盘,2017-06-29,2017-06-29 09:50:19
09:50:22,09:50:22,6.55,--,20,13100,买盘,2017-06-29,2017-06-29 09:50:22
09:50:25,09:50:25,6.55,--,14,9170,买盘,2017-06-29,2017-06-29 09:50:25
09:50:28,09:50:28,6.56,0.01,258,169248,买盘,2017-06-29,2017-06-29 09:50:28
09:50:31,09:50:31,6.55,-0.01,267,174885,买盘,2017-06-29,2017-06-29 09:50:31
09:50:34,09:50:34,6.55,--,50,32750,买盘,2017-06-29,2017-06-29 09:50:34
09:50:37,09:50:37,6.55,--,79,51745,买盘,2017-06-29,2017-06-29 09:50:37
09:50:43,09:50:43,6.54,-0.01,101,66054,卖盘,2017-06-29,2017-06-29 09:50:43
09:50:46,09:50:46,6.54,--,24,15696,买盘,2017-06-29,2017-06-29 09:50:46
09:50:49,09:50:49,6.55,0.01,181,118555,买盘,2017-06-29,2017-06-29 09:50:49
09:50:52,09:50:52,6.54,-0.01,5,3270,买盘,2017-06-29,2017-06-29 09:50:52
09:50:55,09:50:55,6.54,--,0,0,中性盘,2017-06-29,2017-06-29 09:50:55
09:50:58,09:50:58,6.56,0.02,250,164000,买盘,2017-06-29,2017-06-29 09:50:58
09:51:01,09:51:01,6.56,--,0,0,买盘,2017-06-29,2017-06-29 09:51:01
09:51:07,09:51:07,6.55,-0.01,20,13100,买盘,2017-06-29,2017-06-29 09:51:07
09:51:13,09:51:13,6.55,--,10,6550,买盘,2017-06-29,2017-06-29 09:51:13
09:51:16,09:51:16,6.56,0.01,510,334560,买盘,2017-06-29,2017-06-29 09:51:16
09:51:19,09:51:19,6.56,--,43,28208,买盘,2017-06-29,2017-06-29 09:51:19
09:51:22,09:51:22,6.57,0.01,172,113004,买盘,2017-06-29,2017-06-29 09:51:22
09:51:25,09:51:25,6.55,-0.02,29,18995,卖盘,2017-06-29,2017-06-29 09:51:25
09:51:28,09:51:28,6.55,--,0,0,卖盘,2017-06-29,2017-06-29 09:51:28
09:51:31,09:51:31,6.57,0.02,32,21024,买盘,2017-06-29,2017-06-29 09:51:31
09:51:34,09:51:34,6.57,--,46,30222,买盘,2017-06-29,2017-06-29 09:51:34
09:51:37,09:51:37,6.57,--,202,132714,买盘,2017-06-29,2017-06-29 09:51:37
09:51:40,09:51:40,6.56,-0.01,4,2624,卖盘,2017-06-29,2017-06-29 09:51:40
09:51:43,09:51:43,6.56,--,13,8528,卖盘,2017-06-29,2017-06-29 09:51:43
09:51:46,09:51:46,6.57,0.01,314,206298,买盘,2017-06-29,2017-06-29 09:51:46
09:51:49,09:51:49,6.57,--,155,101835,买盘,2017-06-29,2017-06-29 09:51:49
09:51:52,09:51:52,6.57,--,83,54531,买盘,2017-06-29,2017-06-29 09:51:52
09:51:55,09:51:55,6.57,--,142,93294,卖盘,2017-06-29,2017-06-29 09:51:55
09:51:58,09:51:58,6.57,--,12,7884,买盘,2017-06-29,2017-06-29 09:51:58
09:52:01,09:52:01,6.57,--,45,29565,买盘,2017-06-29,2017-06-29 09:52:01
09:52:04,09:52:04,6.56,-0.01,1,656,卖盘,2017-06-29,2017-06-29 09:52:04
09:52:07,09:52:07,6.57,0.01,391,256887,买盘,2017-06-29,2017-06-29 09:52:07
09:52:10,09:52:10,6.58,0.01,195,128310,买盘,2017-06-29,2017-06-29 09:52:10
09:52:13,09:52:13,6.57,-0.01,67,44019,卖盘,2017-06-29,2017-06-29 09:52:13
09:52:16,09:52:16,6.57,--,288,189216,买盘,2017-06-29,2017-06-29 09:52:16
09:52:25,09:52:25,6.57,--,56,36792,卖盘,2017-06-29,2017-06-29 09:52:25
09:52:28,09:52:28,6.57,--,1,657,买盘,2017-06-29,2017-06-29 09:52:28
09:52:34,09:52:34,6.57,--,352,231264,买盘,2017-06-29,2017-06-29 09:52:34
09:52:37,09:52:37,6.56,-0.01,110,72160,卖盘,2017-06-29,2017-06-29 09:52:37
09:52:40,09:52:40,6.57,0.01,2,1314,买盘,2017-06-29,2017-06-29 09:52:40
09:52:43,09:52:43,6.56,-0.01,20,13120,卖盘,2017-06-29,2017-06-29 09:52:43
09:52:46,09:52:46,6.57,0.01,100,65700,买盘,2017-06-29,2017-06-29 09:52:46
09:52:49,09:52:49,6.56,-0.01,20,13120,卖盘,2017-06-29,2017-06-29 09:52:49
09:52:58,09:52:58,6.56,--,80,52480,卖盘,2017-06-29,2017-06-29 09:52:58
09:53:01,09:53:01,6.57,0.01,88,57816,买盘,2017-06-29,2017-06-29 09:53:01
09:53:04,09:53:04,6.56,-0.01,20,13120,卖盘,2017-06-29,2017-06-29 09:53:04
09:53:07,09:53:07,6.56,--,18,11808,卖盘,2017-06-29,2017-06-29 09:53:07
09:53:10,09:53:10,6.56,--,158,103648,卖盘,2017-06-29,2017-06-29 09:53:10
09:53:13,09:53:13,6.56,--,25,16400,买盘,2017-06-29,2017-06-29 09:53:13
09:53:16,09:53:16,6.56,--,32,20992,买盘,2017-06-29,2017-06-29 09:53:16
09:53:28,09:53:28,6.56,--,5,3280,买盘,2017-06-29,2017-06-29 09:53:28
09:53:31,09:53:31,6.55,-0.01,100,65500,卖盘,2017-06-29,2017-06-29 09:53:31
09:53:34,09:53:34,6.55,--,14,9170,卖盘,2017-06-29,2017-06-29 09:53:34
09:53:40,09:53:40,6.55,--,150,98250,卖盘,2017-06-29,2017-06-29 09:53:40
09:53:43,09:53:43,6.55,--,48,31440,卖盘,2017-06-29,2017-06-29 09:53:43
09:53:52,09:53:52,6.54,-0.01,14,9156,卖盘,2017-06-29,2017-06-29 09:53:52
09:53:58,09:53:58,6.54,--,10,6540,卖盘,2017-06-29,2017-06-29 09:53:58
09:54:01,09:54:01,6.55,0.01,130,85150,买盘,2017-06-29,2017-06-29 09:54:01
09:54:04,09:54:04,6.55,--,115,75325,买盘,2017-06-29,2017-06-29 09:54:04
09:54:07,09:54:07,6.55,--,20,13100,卖盘,2017-06-29,2017-06-29 09:54:07
09:54:13,09:54:13,6.55,--,7,4585,卖盘,2017-06-29,2017-06-29 09:54:13
09:54:22,09:54:22,6.56,0.01,7,4592,买盘,2017-06-29,2017-06-29 09:54:22
09:54:25,09:54:25,6.55,-0.01,145,94975,卖盘,2017-06-29,2017-06-29 09:54:25
09:54:28,09:54:28,6.56,0.01,120,78720,买盘,2017-06-29,2017-06-29 09:54:28
09:54:31,09:54:31,6.56,--,478,313568,买盘,2017-06-29,2017-06-29 09:54:31
09:54:34,09:54:34,6.56,--,19,12464,买盘,2017-06-29,2017-06-29 09:54:34
09:54:37,09:54:37,6.55,-0.01,4,2620,卖盘,2017-06-29,2017-06-29 09:54:37
09:54:43,09:54:43,6.55,--,20,13100,卖盘,2017-06-29,2017-06-29 09:54:43
09:54:46,09:54:46,6.56,0.01,285,187386,买盘,2017-06-29,2017-06-29 09:54:46
09:54:49,09:54:49,6.55,-0.01,38,24890,卖盘,2017-06-29,2017-06-29 09:54:49
09:54:52,09:54:52,6.56,0.01,126,82656,中性盘,2017-06-29,2017-06-29 09:54:52
09:54:55,09:54:55,6.55,-0.01,6,3930,卖盘,2017-06-29,2017-06-29 09:54:55
09:54:58,09:54:58,6.56,0.01,166,108896,买盘,2017-06-29,2017-06-29 09:54:58
09:55:01,09:55:01,6.57,0.01,17,11169,买盘,2017-06-29,2017-06-29 09:55:01
09:55:04,09:55:04,6.57,--,5,3285,买盘,2017-06-29,2017-06-29 09:55:04
09:55:07,09:55:07,6.56,-0.01,168,110208,卖盘,2017-06-29,2017-06-29 09:55:07
09:55:10,09:55:10,6.57,0.01,177,116289,买盘,2017-06-29,2017-06-29 09:55:10
09:55:13,09:55:13,6.57,--,15,9855,卖盘,2017-06-29,2017-06-29 09:55:13
09:55:16,09:55:16,6.56,-0.01,132,86592,卖盘,2017-06-29,2017-06-29 09:55:16
09:55:19,09:55:19,6.55,-0.01,9,5895,卖盘,2017-06-29,2017-06-29 09:55:19
09:55:22,09:55:22,6.57,0.02,238,156366,买盘,2017-06-29,2017-06-29 09:55:22
09:55:25,09:55:25,6.57,--,0,0,买盘,2017-06-29,2017-06-29 09:55:25
09:55:28,09:55:28,6.57,--,30,19710,买盘,2017-06-29,2017-06-29 09:55:28
09:55:31,09:55:31,6.57,--,230,151110,买盘,2017-06-29,2017-06-29 09:55:31
09:55:34,09:55:34,6.57,--,253,166221,卖盘,2017-06-29,2017-06-29 09:55:34
09:55:37,09:55:37,6.55,-0.02,83,54365,卖盘,2017-06-29,2017-06-29 09:55:37
09:55:40,09:55:40,6.57,0.02,50,32850,买盘,2017-06-29,2017-06-29 09:55:40
09:55:43,09:55:43,6.57,--,21,13797,买盘,2017-06-29,2017-06-29 09:55:43
09:55:46,09:55:46,6.57,--,5,3285,买盘,2017-06-29,2017-06-29 09:55:46
09:55:52,09:55:52,6.57,--,100,65700,买盘,2017-06-29,2017-06-29 09:55:52
09:55:55,09:55:55,6.56,-0.01,6,3935,卖盘,2017-06-29,2017-06-29 09:55:55
09:56:01,09:56:01,6.55,-0.01,79,51745,卖盘,2017-06-29,2017-06-29 09:56:01
09:56:07,09:56:07,6.56,0.01,107,70192,买盘,2017-06-29,2017-06-29 09:56:07
09:56:10,09:56:10,6.55,-0.01,10,6550,卖盘,2017-06-29,2017-06-29 09:56:10
09:56:13,09:56:13,6.56,0.01,63,41328,买盘,2017-06-29,2017-06-29 09:56:13
09:56:16,09:56:16,6.56,--,67,43952,买盘,2017-06-29,2017-06-29 09:56:16
09:56:19,09:56:19,6.56,--,10,6560,卖盘,2017-06-29,2017-06-29 09:56:19
09:56:22,09:56:22,6.56,--,232,152192,卖盘,2017-06-29,2017-06-29 09:56:22
09:56:25,09:56:25,6.57,0.01,20,13140,买盘,2017-06-29,2017-06-29 09:56:25
09:56:28,09:56:28,6.56,-0.01,30,19680,卖盘,2017-06-29,2017-06-29 09:56:28
09:56:31,09:56:31,6.56,--,8,5248,卖盘,2017-06-29,2017-06-29 09:56:31
09:56:34,09:56:34,6.57,0.01,250,164250,买盘,2017-06-29,2017-06-29 09:56:34
09:56:37,09:56:37,6.56,-0.01,34,22304,卖盘,2017-06-29,2017-06-29 09:56:37
09:56:40,09:56:40,6.57,0.01,7,4599,买盘,2017-06-29,2017-06-29 09:56:40
09:56:43,09:56:43,6.57,--,51,33507,买盘,2017-06-29,2017-06-29 09:56:43
09:56:46,09:56:46,6.56,-0.01,135,88560,卖盘,2017-06-29,2017-06-29 09:56:46
09:56:50,09:56:50,6.57,0.01,14,9198,买盘,2017-06-29,2017-06-29 09:56:50
09:56:52,09:56:52,6.58,0.01,744,490196,买盘,2017-06-29,2017-06-29 09:56:52
09:56:55,09:56:55,6.58,--,52,34216,卖盘,2017-06-29,2017-06-29 09:56:55
09:56:58,09:56:58,6.58,--,30,19740,卖盘,2017-06-29,2017-06-29 09:56:58
09:57:01,09:57:01,6.59,0.01,575,378925,买盘,2017-06-29,2017-06-29 09:57:01
09:57:04,09:57:04,6.58,-0.01,994,654052,卖盘,2017-06-29,2017-06-29 09:57:04
09:57:07,09:57:07,6.59,0.01,20,13180,中性盘,2017-06-29,2017-06-29 09:57:07
09:57:10,09:57:10,6.59,--,358,235922,卖盘,2017-06-29,2017-06-29 09:57:10
09:57:13,09:57:13,6.6,0.01,921,607860,买盘,2017-06-29,2017-06-29 09:57:13
09:57:16,09:57:16,6.63,0.03,1128,747864,买盘,2017-06-29,2017-06-29 09:57:16
09:57:19,09:57:19,6.6,-0.03,289,190740,卖盘,2017-06-29,2017-06-29 09:57:19
09:57:22,09:57:22,6.64,0.04,408,270912,买盘,2017-06-29,2017-06-29 09:57:22
09:57:25,09:57:25,6.63,-0.01,1812,1201356,卖盘,2017-06-29,2017-06-29 09:57:25
09:57:28,09:57:28,6.66,0.03,139,92574,买盘,2017-06-29,2017-06-29 09:57:28
09:57:31,09:57:31,6.65,-0.01,2940,1955100,卖盘,2017-06-29,2017-06-29 09:57:31
09:57:37,09:57:37,6.68,0.03,669,446892,中性盘,2017-06-29,2017-06-29 09:57:37
09:57:40,09:57:40,6.75,0.07,5174,3492450,买盘,2017-06-29,2017-06-29 09:57:40
09:57:43,09:57:43,6.71,-0.04,86,57706,卖盘,2017-06-29,2017-06-29 09:57:43
09:57:46,09:57:46,6.71,--,898,602558,卖盘,2017-06-29,2017-06-29 09:57:46
09:57:49,09:57:49,6.77,0.06,87,58898,买盘,2017-06-29,2017-06-29 09:57:49
09:57:52,09:57:52,6.8,0.03,5106,3472080,买盘,2017-06-29,2017-06-29 09:57:52
09:57:57,09:57:57,6.85,0.05,4513,3091405,买盘,2017-06-29,2017-06-29 09:57:57
09:58:00,09:58:00,6.9,0.05,11167,7705230,买盘,2017-06-29,2017-06-29 09:58:00
09:58:03,09:58:03,6.9,--,10351,7142190,卖盘,2017-06-29,2017-06-29 09:58:03
09:58:06,09:58:06,6.9,--,884,609960,卖盘,2017-06-29,2017-06-29 09:58:06
09:58:09,09:58:09,6.9,--,4565,3149850,卖盘,2017-06-29,2017-06-29 09:58:09
09:58:12,09:58:12,6.9,--,749,516810,卖盘,2017-06-29,2017-06-29 09:58:12
09:58:15,09:58:15,6.9,--,6215,4288350,卖盘,2017-06-29,2017-06-29 09:58:15
09:58:18,09:58:18,6.9,--,612,422280,卖盘,2017-06-29,2017-06-29 09:58:18
09:58:21,09:58:21,6.9,--,1063,733470,卖盘,2017-06-29,2017-06-29 09:58:21
09:58:24,09:58:24,6.9,--,1299,896310,卖盘,2017-06-29,2017-06-29 09:58:24
09:58:27,09:58:27,6.9,--,1328,916320,卖盘,2017-06-29,2017-06-29 09:58:27
09:58:30,09:58:30,6.9,--,534,369087,卖盘,2017-06-29,2017-06-29 09:58:30
09:58:33,09:58:33,6.9,--,3392,2340480,卖盘,2017-06-29,2017-06-29 09:58:33
09:58:36,09:58:36,6.9,--,4172,2878742,卖盘,2017-06-29,2017-06-29 09:58:36
09:58:39,09:58:39,6.9,--,1154,796260,买盘,2017-06-29,2017-06-29 09:58:39
09:58:42,09:58:42,6.9,--,318,219420,买盘,2017-06-29,2017-06-29 09:58:42
09:58:45,09:58:45,6.89,-0.01,274,188786,卖盘,2017-06-29,2017-06-29 09:58:45
09:58:48,09:58:48,6.9,0.01,499,344310,买盘,2017-06-29,2017-06-29 09:58:48
09:58:51,09:58:51,6.89,-0.01,95,65455,买盘,2017-06-29,2017-06-29 09:58:51
09:58:54,09:58:54,6.85,-0.04,334,228790,卖盘,2017-06-29,2017-06-29 09:58:54
09:58:57,09:58:57,6.77,-0.08,2081,1408837,卖盘,2017-06-29,2017-06-29 09:58:57
09:59:00,09:59:00,6.86,0.09,107,73402,买盘,2017-06-29,2017-06-29 09:59:00
09:59:03,09:59:03,6.88,0.02,459,315792,买盘,2017-06-29,2017-06-29 09:59:03
09:59:06,09:59:06,6.88,--,100,68800,买盘,2017-06-29,2017-06-29 09:59:06
09:59:09,09:59:09,6.87,-0.01,108,74196,中性盘,2017-06-29,2017-06-29 09:59:09
09:59:12,09:59:12,6.88,0.01,408,280704,买盘,2017-06-29,2017-06-29 09:59:12
09:59:15,09:59:15,6.83,-0.05,301,205583,卖盘,2017-06-29,2017-06-29 09:59:15
09:59:18,09:59:18,6.81,-0.02,1262,859422,卖盘,2017-06-29,2017-06-29 09:59:18
09:59:21,09:59:21,6.81,--,605,412005,买盘,2017-06-29,2017-06-29 09:59:21
09:59:24,09:59:24,6.83,0.02,431,294373,买盘,2017-06-29,2017-06-29 09:59:24
09:59:27,09:59:27,6.81,-0.02,450,306450,中性盘,2017-06-29,2017-06-29 09:59:27
09:59:30,09:59:30,6.85,0.04,43,29455,买盘,2017-06-29,2017-06-29 09:59:30
09:59:33,09:59:33,6.85,--,623,426755,买盘,2017-06-29,2017-06-29 09:59:33
09:59:36,09:59:36,6.81,-0.04,848,577488,卖盘,2017-06-29,2017-06-29 09:59:36
09:59:39,09:59:39,6.85,0.04,781,534985,买盘,2017-06-29,2017-06-29 09:59:39
09:59:42,09:59:42,6.83,-0.02,66,45078,卖盘,2017-06-29,2017-06-29 09:59:42
09:59:45,09:59:45,6.82,-0.01,272,185504,卖盘,2017-06-29,2017-06-29 09:59:45
09:59:48,09:59:48,6.82,--,677,461714,卖盘,2017-06-29,2017-06-29 09:59:48
09:59:51,09:59:51,6.85,0.03,249,170565,买盘,2017-06-29,2017-06-29 09:59:51
09:59:54,09:59:54,6.83,-0.02,74,50542,卖盘,2017-06-29,2017-06-29 09:59:54
09:59:57,09:59:57,6.84,0.01,100,68400,买盘,2017-06-29,2017-06-29 09:59:57
10:00:00,10:00:00,6.84,--,1089,744876,买盘,2017-06-29,2017-06-29 10:00:00
10:00:03,10:00:03,6.83,-0.01,848,579184,卖盘,2017-06-29,2017-06-29 10:00:03
10:00:06,10:00:06,6.89,0.06,4340,2990638,买盘,2017-06-29,2017-06-29 10:00:06
10:00:09,10:00:09,6.9,0.01,2761,1905090,买盘,2017-06-29,2017-06-29 10:00:09
10:00:12,10:00:12,6.9,--,14528,10024782,卖盘,2017-06-29,2017-06-29 10:00:12
10:00:15,10:00:15,6.9,--,1677,1157130,卖盘,2017-06-29,2017-06-29 10:00:15
10:00:18,10:00:18,6.9,--,358,247020,卖盘,2017-06-29,2017-06-29 10:00:18
10:00:21,10:00:21,6.9,--,1528,1054540,卖盘,2017-06-29,2017-06-29 10:00:21
10:00:24,10:00:24,6.9,--,417,287730,卖盘,2017-06-29,2017-06-29 10:00:24
10:00:27,10:00:27,6.9,--,949,654810,卖盘,2017-06-29,2017-06-29 10:00:27
10:00:30,10:00:30,6.9,--,366,252540,卖盘,2017-06-29,2017-06-29 10:00:30
10:00:33,10:00:33,6.9,--,373,257370,卖盘,2017-06-29,2017-06-29 10:00:33
10:00:36,10:00:36,6.9,--,891,614790,卖盘,2017-06-29,2017-06-29 10:00:36
10:00:39,10:00:39,6.9,--,417,287730,卖盘,2017-06-29,2017-06-29 10:00:39
10:00:42,10:00:42,6.9,--,165,113850,卖盘,2017-06-29,2017-06-29 10:00:42
10:00:45,10:00:45,6.9,--,212,146280,卖盘,2017-06-29,2017-06-29 10:00:45
10:00:48,10:00:48,6.9,--,257,177330,卖盘,2017-06-29,2017-06-29 10:00:48
10:00:51,10:00:51,6.9,--,353,243570,卖盘,2017-06-29,2017-06-29 10:00:51
10:00:54,10:00:54,6.9,--,780,538200,卖盘,2017-06-29,2017-06-29 10:00:54
10:00:57,10:00:57,6.9,--,940,648600,卖盘,2017-06-29,2017-06-29 10:00:57
10:01:00,10:01:00,6.9,--,184,126960,卖盘,2017-06-29,2017-06-29 10:01:00
10:01:03,10:01:03,6.9,--,83,57270,卖盘,2017-06-29,2017-06-29 10:01:03
10:01:06,10:01:06,6.9,--,210,144900,卖盘,2017-06-29,2017-06-29 10:01:06
10:01:09,10:01:09,6.9,--,169,116610,卖盘,2017-06-29,2017-06-29 10:01:09
10:01:12,10:01:12,6.9,--,822,567180,卖盘,2017-06-29,2017-06-29 10:01:12
10:01:15,10:01:15,6.9,--,100,69000,卖盘,2017-06-29,2017-06-29 10:01:15
10:01:18,10:01:18,6.9,--,115,79350,卖盘,2017-06-29,2017-06-29 10:01:18
10:01:21,10:01:21,6.9,--,572,394680,卖盘,2017-06-29,2017-06-29 10:01:21
10:01:24,10:01:24,6.9,--,68,46920,卖盘,2017-06-29,2017-06-29 10:01:24
10:01:27,10:01:27,6.9,--,85,58650,卖盘,2017-06-29,2017-06-29 10:01:27
10:01:30,10:01:30,6.9,--,58,40020,卖盘,2017-06-29,2017-06-29 10:01:30
10:01:33,10:01:33,6.9,--,118,81420,卖盘,2017-06-29,2017-06-29 10:01:33
10:01:36,10:01:36,6.9,--,304,209760,卖盘,2017-06-29,2017-06-29 10:01:36
10:01:39,10:01:39,6.9,--,426,293940,卖盘,2017-06-29,2017-06-29 10:01:39
10:01:42,10:01:42,6.9,--,520,358800,卖盘,2017-06-29,2017-06-29 10:01:42
10:01:45,10:01:45,6.9,--,169,116610,卖盘,2017-06-29,2017-06-29 10:01:45
10:01:49,10:01:49,6.9,--,93,64170,卖盘,2017-06-29,2017-06-29 10:01:49
10:01:52,10:01:52,6.9,--,1,690,卖盘,2017-06-29,2017-06-29 10:01:52
10:01:55,10:01:55,6.9,--,418,288420,卖盘,2017-06-29,2017-06-29 10:01:55
10:01:57,10:01:57,6.9,--,171,117990,卖盘,2017-06-29,2017-06-29 10:01:57
10:02:01,10:02:01,6.9,--,54,37260,卖盘,2017-06-29,2017-06-29 10:02:01
10:02:04,10:02:04,6.9,--,58,40020,卖盘,2017-06-29,2017-06-29 10:02:04
10:02:06,10:02:06,6.9,--,138,95220,卖盘,2017-06-29,2017-06-29 10:02:06
10:02:09,10:02:09,6.9,--,358,247020,卖盘,2017-06-29,2017-06-29 10:02:09
10:02:13,10:02:13,6.9,--,105,72450,卖盘,2017-06-29,2017-06-29 10:02:13
10:02:16,10:02:16,6.9,--,13,8970,卖盘,2017-06-29,2017-06-29 10:02:16
10:02:19,10:02:19,6.9,--,58,40020,卖盘,2017-06-29,2017-06-29 10:02:19
10:02:22,10:02:22,6.9,--,110,75900,卖盘,2017-06-29,2017-06-29 10:02:22
10:02:25,10:02:25,6.9,--,196,135240,卖盘,2017-06-29,2017-06-29 10:02:25
10:02:28,10:02:28,6.9,--,566,390540,卖盘,2017-06-29,2017-06-29 10:02:28
10:02:31,10:02:31,6.9,--,16,11040,卖盘,2017-06-29,2017-06-29 10:02:31
10:02:34,10:02:34,6.9,--,191,131790,卖盘,2017-06-29,2017-06-29 10:02:34
10:02:37,10:02:37,6.9,--,235,162150,卖盘,2017-06-29,2017-06-29 10:02:37
10:02:40,10:02:40,6.9,--,5,3450,卖盘,2017-06-29,2017-06-29 10:02:40
10:02:43,10:02:43,6.9,--,38,26220,卖盘,2017-06-29,2017-06-29 10:02:43
10:02:46,10:02:46,6.9,--,20,13800,卖盘,2017-06-29,2017-06-29 10:02:46
10:02:49,10:02:49,6.9,--,169,116610,卖盘,2017-06-29,2017-06-29 10:02:49
10:02:52,10:02:52,6.9,--,295,203550,卖盘,2017-06-29,2017-06-29 10:02:52
10:02:55,10:02:55,6.9,--,369,254616,卖盘,2017-06-29,2017-06-29 10:02:55
10:02:58,10:02:58,6.9,--,406,280140,卖盘,2017-06-29,2017-06-29 10:02:58
10:03:01,10:03:01,6.9,--,11,7590,卖盘,2017-06-29,2017-06-29 10:03:01
10:03:04,10:03:04,6.9,--,15,10350,卖盘,2017-06-29,2017-06-29 10:03:04
10:03:07,10:03:07,6.9,--,60,41400,卖盘,2017-06-29,2017-06-29 10:03:07
10:03:10,10:03:10,6.9,--,39,26910,卖盘,2017-06-29,2017-06-29 10:03:10
10:03:13,10:03:13,6.9,--,121,83490,卖盘,2017-06-29,2017-06-29 10:03:13
10:03:16,10:03:16,6.9,--,31,21390,卖盘,2017-06-29,2017-06-29 10:03:16
10:03:19,10:03:19,6.9,--,45,31050,卖盘,2017-06-29,2017-06-29 10:03:19
10:03:22,10:03:22,6.9,--,60,41400,卖盘,2017-06-29,2017-06-29 10:03:22
10:03:25,10:03:25,6.9,--,27,18630,卖盘,2017-06-29,2017-06-29 10:03:25
10:03:28,10:03:28,6.9,--,13,8970,卖盘,2017-06-29,2017-06-29 10:03:28
10:03:31,10:03:31,6.9,--,16,11040,卖盘,2017-06-29,2017-06-29 10:03:31
10:03:34,10:03:34,6.9,--,76,52440,卖盘,2017-06-29,2017-06-29 10:03:34
10:03:40,10:03:40,6.9,--,571,393990,卖盘,2017-06-29,2017-06-29 10:03:40
10:03:43,10:03:43,6.9,--,28,19320,卖盘,2017-06-29,2017-06-29 10:03:43
10:03:46,10:03:46,6.9,--,27,18630,卖盘,2017-06-29,2017-06-29 10:03:46
10:03:52,10:03:52,6.9,--,16,11040,卖盘,2017-06-29,2017-06-29 10:03:52
10:03:55,10:03:55,6.9,--,75,51750,卖盘,2017-06-29,2017-06-29 10:03:55
10:03:58,10:03:58,6.9,--,127,87630,卖盘,2017-06-29,2017-06-29 10:03:58
10:04:01,10:04:01,6.9,--,48,33120,卖盘,2017-06-29,2017-06-29 10:04:01
10:04:04,10:04:04,6.9,--,46,31740,卖盘,2017-06-29,2017-06-29 10:04:04
10:04:07,10:04:07,6.9,--,10,6900,卖盘,2017-06-29,2017-06-29 10:04:07
10:04:13,10:04:13,6.9,--,9,6210,卖盘,2017-06-29,2017-06-29 10:04:13
10:04:16,10:04:16,6.9,--,30,20700,卖盘,2017-06-29,2017-06-29 10:04:16
10:04:19,10:04:19,6.9,--,236,162840,卖盘,2017-06-29,2017-06-29 10:04:19
10:04:22,10:04:22,6.9,--,41,28290,卖盘,2017-06-29,2017-06-29 10:04:22
10:04:25,10:04:25,6.9,--,150,103500,卖盘,2017-06-29,2017-06-29 10:04:25
10:04:28,10:04:28,6.9,--,37,25530,卖盘,2017-06-29,2017-06-29 10:04:28
10:04:34,10:04:34,6.9,--,25,17250,卖盘,2017-06-29,2017-06-29 10:04:34
10:04:37,10:04:37,6.9,--,12,8280,卖盘,2017-06-29,2017-06-29 10:04:37
10:04:40,10:04:40,6.9,--,51,35190,卖盘,2017-06-29,2017-06-29 10:04:40
10:04:43,10:04:43,6.9,--,207,142830,卖盘,2017-06-29,2017-06-29 10:04:43
10:04:46,10:04:46,6.9,--,64,44160,卖盘,2017-06-29,2017-06-29 10:04:46
10:04:49,10:04:49,6.9,--,42,28980,卖盘,2017-06-29,2017-06-29 10:04:49
10:04:52,10:04:52,6.9,--,46,31740,卖盘,2017-06-29,2017-06-29 10:04:52
10:04:55,10:04:55,6.9,--,20,13800,卖盘,2017-06-29,2017-06-29 10:04:55
10:04:58,10:04:58,6.9,--,10,6900,卖盘,2017-06-29,2017-06-29 10:04:58
10:05:01,10:05:01,6.9,--,34,23460,卖盘,2017-06-29,2017-06-29 10:05:01
10:05:04,10:05:04,6.9,--,5,3450,卖盘,2017-06-29,2017-06-29 10:05:04
10:05:07,10:05:07,6.9,--,4,2760,卖盘,2017-06-29,2017-06-29 10:05:07
10:05:10,10:05:10,6.9,--,181,124890,卖盘,2017-06-29,2017-06-29 10:05:10
10:05:13,10:05:13,6.9,--,30,20700,卖盘,2017-06-29,2017-06-29 10:05:13
10:05:16,10:05:16,6.9,--,16,11040,卖盘,2017-06-29,2017-06-29 10:05:16
10:05:19,10:05:19,6.9,--,4,2760,卖盘,2017-06-29,2017-06-29 10:05:19
10:05:22,10:05:22,6.9,--,434,299460,卖盘,2017-06-29,2017-06-29 10:05:22
10:05:25,10:05:25,6.9,--,11,7590,卖盘,2017-06-29,2017-06-29 10:05:25
10:05:28,10:05:28,6.9,--,5,3450,卖盘,2017-06-29,2017-06-29 10:05:28
10:05:37,10:05:37,6.9,--,42,28980,卖盘,2017-06-29,2017-06-29 10:05:37
10:05:40,10:05:40,6.9,--,2,1380,卖盘,2017-06-29,2017-06-29 10:05:40
10:05:43,10:05:43,6.9,--,201,138690,卖盘,2017-06-29,2017-06-29 10:05:43
10:05:46,10:05:46,6.9,--,84,57960,卖盘,2017-06-29,2017-06-29 10:05:46
10:05:49,10:05:49,6.9,--,74,51060,卖盘,2017-06-29,2017-06-29 10:05:49
10:05:52,10:05:52,6.9,--,235,162150,卖盘,2017-06-29,2017-06-29 10:05:52
10:05:55,10:05:55,6.9,--,2,1380,卖盘,2017-06-29,2017-06-29 10:05:55
10:05:58,10:05:58,6.9,--,4,2760,卖盘,2017-06-29,2017-06-29 10:05:58
10:06:01,10:06:01,6.9,--,2,1380,卖盘,2017-06-29,2017-06-29 10:06:01
10:06:04,10:06:04,6.9,--,80,55200,卖盘,2017-06-29,2017-06-29 10:06:04
10:06:07,10:06:07,6.9,--,15,10350,卖盘,2017-06-29,2017-06-29 10:06:07
10:06:10,10:06:10,6.9,--,263,181470,卖盘,2017-06-29,2017-06-29 10:06:10
10:06:13,10:06:13,6.9,--,3,2070,卖盘,2017-06-29,2017-06-29 10:06:13
10:06:19,10:06:19,6.9,--,826,569940,卖盘,2017-06-29,2017-06-29 10:06:19
10:06:22,10:06:22,6.9,--,40,27600,卖盘,2017-06-29,2017-06-29 10:06:22
10:06:25,10:06:25,6.9,--,8,5520,卖盘,2017-06-29,2017-06-29 10:06:25
10:06:28,10:06:28,6.9,--,45,31050,卖盘,2017-06-29,2017-06-29 10:06:28
10:06:31,10:06:31,6.9,--,21,14490,卖盘,2017-06-29,2017-06-29 10:06:31
10:06:34,10:06:34,6.9,--,40,27600,卖盘,2017-06-29,2017-06-29 10:06:34
10:06:37,10:06:37,6.9,--,18,12420,卖盘,2017-06-29,2017-06-29 10:06:37
10:06:40,10:06:40,6.9,--,3,2070,卖盘,2017-06-29,2017-06-29 10:06:40
10:06:43,10:06:43,6.9,--,20,13800,卖盘,2017-06-29,2017-06-29 10:06:43
10:06:46,10:06:46,6.9,--,18,12420,卖盘,2017-06-29,2017-06-29 10:06:46
10:06:49,10:06:49,6.9,--,10,6900,卖盘,2017-06-29,2017-06-29 10:06:49
10:06:52,10:06:52,6.9,--,1,690,卖盘,2017-06-29,2017-06-29 10:06:52
10:06:55,10:06:55,6.9,--,112,77286,卖盘,2017-06-29,2017-06-29 10:06:55
10:06:58,10:06:58,6.9,--,11,7590,卖盘,2017-06-29,2017-06-29 10:06:58
10:07:01,10:07:01,6.9,--,51,35190,卖盘,2017-06-29,2017-06-29 10:07:01
10:07:04,10:07:04,6.9,--,18,12420,卖盘,2017-06-29,2017-06-29 10:07:04
10:07:10,10:07:10,6.9,--,1,690,卖盘,2017-06-29,2017-06-29 10:07:10
10:07:13,10:07:13,6.9,--,63,43470,卖盘,2017-06-29,2017-06-29 10:07:13
10:07:16,10:07:16,6.9,--,7,4830,卖盘,2017-06-29,2017-06-29 10:07:16
10:07:19,10:07:19,6.9,--,10,6900,卖盘,2017-06-29,2017-06-29 10:07:19
10:07:25,10:07:25,6.9,--,132,91080,卖盘,2017-06-29,2017-06-29 10:07:25
10:07:31,10:07:31,6.9,--,56,38640,卖盘,2017-06-29,2017-06-29 10:07:31
10:07:34,10:07:34,6.9,--,2,1380,卖盘,2017-06-29,2017-06-29 10:07:34
10:07:37,10:07:37,6.9,--,18,12420,卖盘,2017-06-29,2017-06-29 10:07:37
10:07:40,10:07:40,6.9,--,41,28290,卖盘,2017-06-29,2017-06-29 10:07:40
10:07:49,10:07:49,6.9,--,4,2760,卖盘,2017-06-29,2017-06-29 10:07:49
10:07:52,10:07:52,6.9,--,2,1380,卖盘,2017-06-29,2017-06-29 10:07:52
10:07:55,10:07:55,6.9,--,50,34500,卖盘,2017-06-29,2017-06-29 10:07:55
10:07:58,10:07:58,6.9,--,12,8280,卖盘,2017-06-29,2017-06-29 10:07:58
10:08:01,10:08:01,6.9,--,68,46920,卖盘,2017-06-29,2017-06-29 10:08:01
10:08:04,10:08:04,6.9,--,13,8970,卖盘,2017-06-29,2017-06-29 10:08:04
10:08:07,10:08:07,6.9,--,30,20700,卖盘,2017-06-29,2017-06-29 10:08:07
10:08:16,10:08:16,6.9,--,43,29670,卖盘,2017-06-29,2017-06-29 10:08:16
10:08:19,10:08:19,6.9,--,50,34500,卖盘,2017-06-29,2017-06-29 10:08:19
10:08:22,10:08:22,6.9,--,35,24150,卖盘,2017-06-29,2017-06-29 10:08:22
10:08:34,10:08:34,6.9,--,29,20010,卖盘,2017-06-29,2017-06-29 10:08:34
10:08:40,10:08:40,6.9,--,5,3450,卖盘,2017-06-29,2017-06-29 10:08:40
10:08:46,10:08:46,6.9,--,31,21390,卖盘,2017-06-29,2017-06-29 10:08:46
10:08:49,10:08:49,6.9,--,68,46920,卖盘,2017-06-29,2017-06-29 10:08:49
10:08:52,10:08:52,6.9,--,22,15180,卖盘,2017-06-29,2017-06-29 10:08:52
10:08:55,10:08:55,6.9,--,9,6210,卖盘,2017-06-29,2017-06-29 10:08:55
10:08:58,10:08:58,6.9,--,36,24840,卖盘,2017-06-29,2017-06-29 10:08:58
10:09:10,10:09:10,6.9,--,3,2070,卖盘,2017-06-29,2017-06-29 10:09:10
10:09:13,10:09:13,6.9,--,5,3450,卖盘,2017-06-29,2017-06-29 10:09:13
10:09:16,10:09:16,6.9,--,15,10350,卖盘,2017-06-29,2017-06-29 10:09:16
10:09:22,10:09:22,6.9,--,18,12420,卖盘,2017-06-29,2017-06-29 10:09:22
10:09:28,10:09:28,6.9,--,10,6900,卖盘,2017-06-29,2017-06-29 10:09:28
10:09:34,10:09:34,6.9,--,2,1380,卖盘,2017-06-29,2017-06-29 10:09:34
10:09:37,10:09:37,6.9,--,173,119370,卖盘,2017-06-29,2017-06-29 10:09:37
10:09:43,10:09:43,6.9,--,13,8970,卖盘,2017-06-29,2017-06-29 10:09:43
10:09:46,10:09:46,6.9,--,9,6210,卖盘,2017-06-29,2017-06-29 10:09:46
10:09:52,10:09:52,6.9,--,16,11040,卖盘,2017-06-29,2017-06-29 10:09:52
10:10:07,10:10:07,6.9,--,2,1380,卖盘,2017-06-29,2017-06-29 10:10:07
10:10:10,10:10:10,6.9,--,100,69000,卖盘,2017-06-29,2017-06-29 10:10:10
10:10:19,10:10:19,6.9,--,50,34500,卖盘,2017-06-29,2017-06-29 10:10:19
10:10:22,10:10:22,6.9,--,10,6900,卖盘,2017-06-29,2017-06-29 10:10:22
10:10:26,10:10:26,6.9,--,25,17250,卖盘,2017-06-29,2017-06-29 10:10:26
10:10:28,10:10:28,6.9,--,8,5520,卖盘,2017-06-29,2017-06-29 10:10:28
10:10:34,10:10:34,6.9,--,100,69000,卖盘,2017-06-29,2017-06-29 10:10:34
10:10:37,10:10:37,6.9,--,1,690,卖盘,2017-06-29,2017-06-29 10:10:37
10:10:40,10:10:40,6.9,--,12,8280,卖盘,2017-06-29,2017-06-29 10:10:40
10:10:43,10:10:43,6.9,--,188,129720,卖盘,2017-06-29,2017-06-29 10:10:43
10:10:46,10:10:46,6.9,--,59,40710,卖盘,2017-06-29,2017-06-29 10:10:46
10:10:49,10:10:49,6.9,--,408,281520,卖盘,2017-06-29,2017-06-29 10:10:49
10:10:55,10:10:55,6.9,--,1,690,卖盘,2017-06-29,2017-06-29 10:10:55
10:11:01,10:11:01,6.9,--,10,6900,卖盘,2017-06-29,2017-06-29 10:11:01
10:11:04,10:11:04,6.9,--,35,24150,卖盘,2017-06-29,2017-06-29 10:11:04
10:11:07,10:11:07,6.9,--,10,6900,卖盘,2017-06-29,2017-06-29 10:11:07
10:11:10,10:11:10,6.9,--,50,34500,卖盘,2017-06-29,2017-06-29 10:11:10
10:11:25,10:11:25,6.9,--,2,1380,卖盘,2017-06-29,2017-06-29 10:11:25
10:11:28,10:11:28,6.9,--,6,4140,卖盘,2017-06-29,2017-06-29 10:11:28
10:11:31,10:11:31,6.9,--,5,3450,卖盘,2017-06-29,2017-06-29 10:11:31
10:11:34,10:11:34,6.9,--,8,5520,卖盘,2017-06-29,2017-06-29 10:11:34
10:11:37,10:11:37,6.9,--,3,2070,卖盘,2017-06-29,2017-06-29 10:11:37
10:11:40,10:11:40,6.9,--,10,6900,卖盘,2017-06-29,2017-06-29 10:11:40
10:11:49,10:11:49,6.9,--,6,4140,卖盘,2017-06-29,2017-06-29 10:11:49
10:11:52,10:11:52,6.9,--,10,6900,卖盘,2017-06-29,2017-06-29 10:11:52
10:11:55,10:11:55,6.9,--,5,3450,卖盘,2017-06-29,2017-06-29 10:11:55
10:12:04,10:12:04,6.9,--,55,37950,卖盘,2017-06-29,2017-06-29 10:12:04
10:12:10,10:12:10,6.9,--,320,220800,卖盘,2017-06-29,2017-06-29 10:12:10
10:12:19,10:12:19,6.9,--,61,42090,卖盘,2017-06-29,2017-06-29 10:12:19
10:12:31,10:12:31,6.9,--,3,2070,卖盘,2017-06-29,2017-06-29 10:12:31
10:12:34,10:12:34,6.9,--,14,9660,卖盘,2017-06-29,2017-06-29 10:12:34
10:12:37,10:12:37,6.9,--,36,24840,卖盘,2017-06-29,2017-06-29 10:12:37
10:12:40,10:12:40,6.9,--,13,8970,卖盘,2017-06-29,2017-06-29 10:12:40
10:12:43,10:12:43,6.9,--,60,41400,卖盘,2017-06-29,2017-06-29 10:12:43
10:12:52,10:12:52,6.9,--,165,113850,卖盘,2017-06-29,2017-06-29 10:12:52
10:13:01,10:13:01,6.9,--,60,41400,卖盘,2017-06-29,2017-06-29 10:13:01
10:13:04,10:13:04,6.9,--,10,6900,卖盘,2017-06-29,2017-06-29 10:13:04
10:13:07,10:13:07,6.9,--,59,40710,卖盘,2017-06-29,2017-06-29 10:13:07
10:13:10,10:13:10,6.9,--,78,53820,卖盘,2017-06-29,2017-06-29 10:13:10
10:13:16,10:13:16,6.9,--,1,690,卖盘,2017-06-29,2017-06-29 10:13:16
10:13:19,10:13:19,6.9,--,34,23460,卖盘,2017-06-29,2017-06-29 10:13:19
10:13:25,10:13:25,6.9,--,25,17250,卖盘,2017-06-29,2017-06-29 10:13:25
10:13:31,10:13:31,6.9,--,3,2070,卖盘,2017-06-29,2017-06-29 10:13:31
10:13:34,10:13:34,6.9,--,3,2070,卖盘,2017-06-29,2017-06-29 10:13:34
10:13:43,10:13:43,6.9,--,33,22770,卖盘,2017-06-29,2017-06-29 10:13:43
10:13:46,10:13:46,6.9,--,20,13800,卖盘,2017-06-29,2017-06-29 10:13:46
10:13:49,10:13:49,6.9,--,37,25530,卖盘,2017-06-29,2017-06-29 10:13:49
10:14:04,10:14:04,6.9,--,42,28980,卖盘,2017-06-29,2017-06-29 10:14:04
10:14:07,10:14:07,6.9,--,2,1380,卖盘,2017-06-29,2017-06-29 10:14:07
10:14:10,10:14:10,6.9,--,50,34500,卖盘,2017-06-29,2017-06-29 10:14:10
10:14:16,10:14:16,6.9,--,10,6900,卖盘,2017-06-29,2017-06-29 10:14:16
10:14:19,10:14:19,6.9,--,73,50370,卖盘,2017-06-29,2017-06-29 10:14:19
10:14:28,10:14:28,6.9,--,9,6210,卖盘,2017-06-29,2017-06-29 10:14:28
10:14:31,10:14:31,6.9,--,230,158700,卖盘,2017-06-29,2017-06-29 10:14:31
10:14:34,10:14:34,6.9,--,44,30360,卖盘,2017-06-29,2017-06-29 10:14:34
10:14:37,10:14:37,6.9,--,25,17250,卖盘,2017-06-29,2017-06-29 10:14:37
10:14:40,10:14:40,6.9,--,8,5520,卖盘,2017-06-29,2017-06-29 10:14:40
10:14:52,10:14:52,6.9,--,5,3450,卖盘,2017-06-29,2017-06-29 10:14:52
10:15:01,10:15:01,6.9,--,30,20700,卖盘,2017-06-29,2017-06-29 10:15:01
10:15:19,10:15:19,6.9,--,77,53130,卖盘,2017-06-29,2017-06-29 10:15:19
10:15:22,10:15:22,6.9,--,11,7590,卖盘,2017-06-29,2017-06-29 10:15:22
10:15:37,10:15:37,6.9,--,38,26220,卖盘,2017-06-29,2017-06-29 10:15:37
10:15:43,10:15:43,6.9,--,20,13800,卖盘,2017-06-29,2017-06-29 10:15:43
10:15:47,10:15:47,6.9,--,5,3450,卖盘,2017-06-29,2017-06-29 10:15:47
10:15:49,10:15:49,6.9,--,4,2760,卖盘,2017-06-29,2017-06-29 10:15:49
10:16:01,10:16:01,6.9,--,5,3450,卖盘,2017-06-29,2017-06-29 10:16:01
10:16:10,10:16:10,6.9,--,5,3450,卖盘,2017-06-29,2017-06-29 10:16:10
10:16:16,10:16:16,6.9,--,10,6900,卖盘,2017-06-29,2017-06-29 10:16:16
10:16:23,10:16:23,6.9,--,3,2070,卖盘,2017-06-29,2017-06-29 10:16:23
10:16:28,10:16:28,6.9,--,5,3450,卖盘,2017-06-29,2017-06-29 10:16:28
10:16:34,10:16:34,6.9,--,25,17250,卖盘,2017-06-29,2017-06-29 10:16:34
10:16:39,10:16:39,6.9,--,80,55200,卖盘,2017-06-29,2017-06-29 10:16:39
10:16:45,10:16:45,6.9,--,1,690,卖盘,2017-06-29,2017-06-29 10:16:45
10:16:48,10:16:48,6.9,--,18,12420,卖盘,2017-06-29,2017-06-29 10:16:48
10:16:54,10:16:54,6.9,--,20,13800,卖盘,2017-06-29,2017-06-29 10:16:54
10:17:03,10:17:03,6.9,--,1,690,卖盘,2017-06-29,2017-06-29 10:17:03
10:17:12,10:17:12,6.9,--,50,34500,卖盘,2017-06-29,2017-06-29 10:17:12
10:17:21,10:17:21,6.9,--,28,19320,卖盘,2017-06-29,2017-06-29 10:17:21
10:17:24,10:17:24,6.9,--,9,6210,卖盘,2017-06-29,2017-06-29 10:17:24
10:17:27,10:17:27,6.9,--,5,3450,卖盘,2017-06-29,2017-06-29 10:17:27
10:17:30,10:17:30,6.9,--,166,114540,卖盘,2017-06-29,2017-06-29 10:17:30
10:17:48,10:17:48,6.9,--,28,19320,卖盘,2017-06-29,2017-06-29 10:17:48
10:17:51,10:17:51,6.9,--,20,13800,卖盘,2017-06-29,2017-06-29 10:17:51
10:17:54,10:17:54,6.9,--,21,14490,卖盘,2017-06-29,2017-06-29 10:17:54
10:17:57,10:17:57,6.9,--,6,4140,卖盘,2017-06-29,2017-06-29 10:17:57
10:18:00,10:18:00,6.9,--,5,3450,卖盘,2017-06-29,2017-06-29 10:18:00
10:18:06,10:18:06,6.9,--,4,2760,卖盘,2017-06-29,2017-06-29 10:18:06
10:18:12,10:18:12,6.9,--,5,3450,卖盘,2017-06-29,2017-06-29 10:18:12
10:18:21,10:18:21,6.9,--,41,28290,卖盘,2017-06-29,2017-06-29 10:18:21
10:18:24,10:18:24,6.9,--,10,6900,卖盘,2017-06-29,2017-06-29 10:18:24
10:18:30,10:18:30,6.9,--,21,14490,卖盘,2017-06-29,2017-06-29 10:18:30
10:18:33,10:18:33,6.9,--,25,17250,卖盘,2017-06-29,2017-06-29 10:18:33
10:18:42,10:18:42,6.9,--,20,13800,卖盘,2017-06-29,2017-06-29 10:18:42
10:18:45,10:18:45,6.9,--,13,8970,卖盘,2017-06-29,2017-06-29 10:18:45
10:18:51,10:18:51,6.9,--,10,6900,卖盘,2017-06-29,2017-06-29 10:18:51
10:18:57,10:18:57,6.9,--,2,1380,卖盘,2017-06-29,2017-06-29 10:18:57
10:19:00,10:19:00,6.9,--,11,7590,卖盘,2017-06-29,2017-06-29 10:19:00
10:19:03,10:19:03,6.9,--,200,138000,卖盘,2017-06-29,2017-06-29 10:19:03
10:19:06,10:19:06,6.9,--,30,20700,卖盘,2017-06-29,2017-06-29 10:19:06
10:19:21,10:19:21,6.9,--,9,6210,卖盘,2017-06-29,2017-06-29 10:19:21
10:19:27,10:19:27,6.9,--,192,132480,卖盘,2017-06-29,2017-06-29 10:19:27
10:19:33,10:19:33,6.9,--,23,15870,卖盘,2017-06-29,2017-06-29 10:19:33
10:19:36,10:19:36,6.9,--,1,690,卖盘,2017-06-29,2017-06-29 10:19:36
10:19:42,10:19:42,6.9,--,10,6900,卖盘,2017-06-29,2017-06-29 10:19:42
10:19:45,10:19:45,6.9,--,2,1380,卖盘,2017-06-29,2017-06-29 10:19:45
10:19:48,10:19:48,6.9,--,60,41400,卖盘,2017-06-29,2017-06-29 10:19:48
10:19:51,10:19:51,6.9,--,31,21390,卖盘,2017-06-29,2017-06-29 10:19:51
10:19:57,10:19:57,6.9,--,100,69000,卖盘,2017-06-29,2017-06-29 10:19:57
10:20:03,10:20:03,6.9,--,41,28290,卖盘,2017-06-29,2017-06-29 10:20:03
10:20:09,10:20:09,6.9,--,3,2070,卖盘,2017-06-29,2017-06-29 10:20:09
10:20:12,10:20:12,6.9,--,12,8280,卖盘,2017-06-29,2017-06-29 10:20:12
10:20:24,10:20:24,6.9,--,6,4140,卖盘,2017-06-29,2017-06-29 10:20:24
10:20:27,10:20:27,6.9,--,8,5520,卖盘,2017-06-29,2017-06-29 10:20:27
10:20:30,10:20:30,6.9,--,30,20700,卖盘,2017-06-29,2017-06-29 10:20:30
10:20:42,10:20:42,6.9,--,6,4140,卖盘,2017-06-29,2017-06-29 10:20:42
10:20:48,10:20:48,6.9,--,544,375360,卖盘,2017-06-29,2017-06-29 10:20:48
10:20:51,10:20:51,6.9,--,16,11040,卖盘,2017-06-29,2017-06-29 10:20:51
10:21:01,10:21:01,6.9,--,69,47610,卖盘,2017-06-29,2017-06-29 10:21:01
10:21:04,10:21:04,6.9,--,20,13800,卖盘,2017-06-29,2017-06-29 10:21:04
10:21:10,10:21:10,6.9,--,7,4830,卖盘,2017-06-29,2017-06-29 10:21:10
10:21:16,10:21:16,6.9,--,17,11730,卖盘,2017-06-29,2017-06-29 10:21:16
10:21:19,10:21:19,6.9,--,5,3450,卖盘,2017-06-29,2017-06-29 10:21:19
10:21:22,10:21:22,6.9,--,8,5520,卖盘,2017-06-29,2017-06-29 10:21:22
10:21:40,10:21:40,6.9,--,2,1380,卖盘,2017-06-29,2017-06-29 10:21:40
10:21:43,10:21:43,6.9,--,6,4140,卖盘,2017-06-29,2017-06-29 10:21:43
10:21:49,10:21:49,6.9,--,5,3450,卖盘,2017-06-29,2017-06-29 10:21:49
10:22:07,10:22:07,6.9,--,16,11040,卖盘,2017-06-29,2017-06-29 10:22:07
10:22:16,10:22:16,6.9,--,151,104190,卖盘,2017-06-29,2017-06-29 10:22:16
10:22:19,10:22:19,6.9,--,50,34500,卖盘,2017-06-29,2017-06-29 10:22:19
10:22:25,10:22:25,6.9,--,12,8280,卖盘,2017-06-29,2017-06-29 10:22:25
10:22:37,10:22:37,6.9,--,17,11730,卖盘,2017-06-29,2017-06-29 10:22:37
10:22:40,10:22:40,6.9,--,100,69000,卖盘,2017-06-29,2017-06-29 10:22:40
10:22:43,10:22:43,6.9,--,2,1380,卖盘,2017-06-29,2017-06-29 10:22:43
10:22:49,10:22:49,6.9,--,35,24150,卖盘,2017-06-29,2017-06-29 10:22:49
10:23:19,10:23:19,6.9,--,341,235290,卖盘,2017-06-29,2017-06-29 10:23:19
10:23:28,10:23:28,6.9,--,7,4830,卖盘,2017-06-29,2017-06-29 10:23:28
10:23:31,10:23:31,6.9,--,15,10350,卖盘,2017-06-29,2017-06-29 10:23:31
10:23:40,10:23:40,6.9,--,2,1380,卖盘,2017-06-29,2017-06-29 10:23:40
10:23:43,10:23:43,6.9,--,10,6900,卖盘,2017-06-29,2017-06-29 10:23:43
10:23:52,10:23:52,6.9,--,10,6900,卖盘,2017-06-29,2017-06-29 10:23:52
10:23:55,10:23:55,6.9,--,6,4140,卖盘,2017-06-29,2017-06-29 10:23:55
10:23:58,10:23:58,6.9,--,82,56580,卖盘,2017-06-29,2017-06-29 10:23:58
10:24:10,10:24:10,6.9,--,12,8280,卖盘,2017-06-29,2017-06-29 10:24:10
10:24:19,10:24:19,6.9,--,3,2070,卖盘,2017-06-29,2017-06-29 10:24:19
10:24:22,10:24:22,6.9,--,50,34500,卖盘,2017-06-29,2017-06-29 10:24:22
10:24:28,10:24:28,6.9,--,7,4830,卖盘,2017-06-29,2017-06-29 10:24:28
10:24:34,10:24:34,6.9,--,5,3450,卖盘,2017-06-29,2017-06-29 10:24:34
10:24:37,10:24:37,6.9,--,33,22770,卖盘,2017-06-29,2017-06-29 10:24:37
10:24:49,10:24:49,6.9,--,20,13800,卖盘,2017-06-29,2017-06-29 10:24:49
10:24:55,10:24:55,6.9,--,1,690,卖盘,2017-06-29,2017-06-29 10:24:55
10:24:59,10:24:59,6.9,--,23,15870,卖盘,2017-06-29,2017-06-29 10:24:59
10:25:01,10:25:01,6.9,--,25,17250,卖盘,2017-06-29,2017-06-29 10:25:01
10:25:05,10:25:05,6.9,--,44,30360,卖盘,2017-06-29,2017-06-29 10:25:05
10:25:08,10:25:08,6.9,--,6,4140,卖盘,2017-06-29,2017-06-29 10:25:08
10:25:16,10:25:16,6.9,--,5,3450,卖盘,2017-06-29,2017-06-29 10:25:16
10:25:20,10:25:20,6.9,--,17,11730,卖盘,2017-06-29,2017-06-29 10:25:20
10:25:25,10:25:25,6.9,--,2,1380,卖盘,2017-06-29,2017-06-29 10:25:25
10:25:31,10:25:31,6.9,--,39,26910,卖盘,2017-06-29,2017-06-29 10:25:31
10:25:41,10:25:41,6.9,--,45,31050,卖盘,2017-06-29,2017-06-29 10:25:41
10:25:50,10:25:50,6.9,--,36,24840,卖盘,2017-06-29,2017-06-29 10:25:50
10:26:08,10:26:08,6.9,--,2,1380,卖盘,2017-06-29,2017-06-29 10:26:08
10:26:23,10:26:23,6.9,--,10,6900,卖盘,2017-06-29,2017-06-29 10:26:23
10:26:25,10:26:25,6.9,--,20,13800,卖盘,2017-06-29,2017-06-29 10:26:25
10:26:31,10:26:31,6.9,--,10,6900,卖盘,2017-06-29,2017-06-29 10:26:31
10:26:34,10:26:34,6.9,--,14,9660,卖盘,2017-06-29,2017-06-29 10:26:34
10:27:02,10:27:02,6.9,--,14,9660,卖盘,2017-06-29,2017-06-29 10:27:02
10:27:05,10:27:05,6.9,--,2,1380,卖盘,2017-06-29,2017-06-29 10:27:05
10:27:07,10:27:07,6.9,--,1,690,卖盘,2017-06-29,2017-06-29 10:27:07
10:27:17,10:27:17,6.9,--,20,13800,卖盘,2017-06-29,2017-06-29 10:27:17
10:27:32,10:27:32,6.9,--,2,1380,卖盘,2017-06-29,2017-06-29 10:27:32
10:27:35,10:27:35,6.9,--,11,7590,卖盘,2017-06-29,2017-06-29 10:27:35
10:27:38,10:27:38,6.9,--,20,13800,卖盘,2017-06-29,2017-06-29 10:27:38
10:27:41,10:27:41,6.9,--,178,122820,卖盘,2017-06-29,2017-06-29 10:27:41
10:27:59,10:27:59,6.9,--,2,1380,卖盘,2017-06-29,2017-06-29 10:27:59
10:28:08,10:28:08,6.9,--,20,13800,卖盘,2017-06-29,2017-06-29 10:28:08
10:28:10,10:28:10,6.9,--,1,690,卖盘,2017-06-29,2017-06-29 10:28:10
10:28:17,10:28:17,6.9,--,7,4830,卖盘,2017-06-29,2017-06-29 10:28:17
10:28:20,10:28:20,6.9,--,20,13800,卖盘,2017-06-29,2017-06-29 10:28:20
10:28:29,10:28:29,6.9,--,10,6900,卖盘,2017-06-29,2017-06-29 10:28:29
10:28:31,10:28:31,6.9,--,32,22080,卖盘,2017-06-29,2017-06-29 10:28:31
10:28:38,10:28:38,6.9,--,1450,1000500,卖盘,2017-06-29,2017-06-29 10:28:38
10:28:44,10:28:44,6.9,--,50,34500,卖盘,2017-06-29,2017-06-29 10:28:44
10:29:01,10:29:01,6.9,--,710,489900,卖盘,2017-06-29,2017-06-29 10:29:01
10:29:05,10:29:05,6.9,--,50,34500,卖盘,2017-06-29,2017-06-29 10:29:05
10:29:08,10:29:08,6.9,--,2,1380,卖盘,2017-06-29,2017-06-29 10:29:08
10:29:20,10:29:20,6.9,--,180,124200,卖盘,2017-06-29,2017-06-29 10:29:20
10:29:23,10:29:23,6.9,--,21,14490,卖盘,2017-06-29,2017-06-29 10:29:23
10:29:40,10:29:40,6.9,--,33,22770,卖盘,2017-06-29,2017-06-29 10:29:40
10:29:43,10:29:43,6.9,--,20,13800,卖盘,2017-06-29,2017-06-29 10:29:43
10:29:47,10:29:47,6.9,--,30,20700,卖盘,2017-06-29,2017-06-29 10:29:47
10:30:05,10:30:05,6.9,--,19,13110,卖盘,2017-06-29,2017-06-29 10:30:05
10:30:11,10:30:11,6.9,--,6,4140,卖盘,2017-06-29,2017-06-29 10:30:11
10:30:13,10:30:13,6.9,--,7,4830,卖盘,2017-06-29,2017-06-29 10:30:13
10:30:17,10:30:17,6.9,--,400,276000,卖盘,2017-06-29,2017-06-29 10:30:17
10:30:29,10:30:29,6.9,--,34,23460,卖盘,2017-06-29,2017-06-29 10:30:29
10:30:32,10:30:32,6.9,--,20,13800,卖盘,2017-06-29,2017-06-29 10:30:32
10:30:35,10:30:35,6.9,--,5,3450,卖盘,2017-06-29,2017-06-29 10:30:35
10:30:44,10:30:44,6.9,--,30,20700,卖盘,2017-06-29,2017-06-29 10:30:44
10:30:55,10:30:55,6.9,--,1,690,卖盘,2017-06-29,2017-06-29 10:30:55
10:30:59,10:30:59,6.9,--,200,138000,卖盘,2017-06-29,2017-06-29 10:30:59
10:31:07,10:31:07,6.9,--,10,6900,卖盘,2017-06-29,2017-06-29 10:31:07
10:31:23,10:31:23,6.9,--,1,690,卖盘,2017-06-29,2017-06-29 10:31:23
10:31:26,10:31:26,6.9,--,5,3450,卖盘,2017-06-29,2017-06-29 10:31:26
10:31:28,10:31:28,6.9,--,2,1380,卖盘,2017-06-29,2017-06-29 10:31:28
10:31:41,10:31:41,6.9,--,1,690,卖盘,2017-06-29,2017-06-29 10:31:41
10:31:49,10:31:49,6.9,--,50,34500,卖盘,2017-06-29,2017-06-29 10:31:49
10:32:37,10:32:37,6.9,--,4,2760,卖盘,2017-06-29,2017-06-29 10:32:37
10:32:50,10:32:50,6.9,--,35,24150,卖盘,2017-06-29,2017-06-29 10:32:50
10:33:25,10:33:25,6.9,--,1,690,卖盘,2017-06-29,2017-06-29 10:33:25
10:33:29,10:33:29,6.9,--,12,8280,卖盘,2017-06-29,2017-06-29 10:33:29
10:33:40,10:33:40,6.9,--,4,2760,卖盘,2017-06-29,2017-06-29 10:33:40
10:33:44,10:33:44,6.9,--,50,34500,卖盘,2017-06-29,2017-06-29 10:33:44
10:33:50,10:33:50,6.9,--,446,307740,卖盘,2017-06-29,2017-06-29 10:33:50
10:34:35,10:34:35,6.9,--,10,6900,卖盘,2017-06-29,2017-06-29 10:34:35
10:34:53,10:34:53,6.9,--,20,13800,卖盘,2017-06-29,2017-06-29 10:34:53
10:34:59,10:34:59,6.9,--,200,138000,卖盘,2017-06-29,2017-06-29 10:34:59
10:35:02,10:35:02,6.9,--,1,690,卖盘,2017-06-29,2017-06-29 10:35:02
10:35:42,10:35:42,6.9,--,2,1380,卖盘,2017-06-29,2017-06-29 10:35:42
10:35:51,10:35:51,6.9,--,10,6900,卖盘,2017-06-29,2017-06-29 10:35:51
10:35:54,10:35:54,6.9,--,2,1380,卖盘,2017-06-29,2017-06-29 10:35:54
10:36:00,10:36:00,6.9,--,1,690,卖盘,2017-06-29,2017-06-29 10:36:00
10:36:09,10:36:09,6.9,--,10,6900,卖盘,2017-06-29,2017-06-29 10:36:09
10:36:33,10:36:33,6.9,--,22,15180,卖盘,2017-06-29,2017-06-29 10:36:33
10:37:15,10:37:15,6.9,--,3,2070,卖盘,2017-06-29,2017-06-29 10:37:15
10:37:45,10:37:45,6.9,--,3,2070,卖盘,2017-06-29,2017-06-29 10:37:45
10:37:54,10:37:54,6.9,--,20,13800,卖盘,2017-06-29,2017-06-29 10:37:54
10:38:03,10:38:03,6.9,--,2,1380,卖盘,2017-06-29,2017-06-29 10:38:03
10:38:09,10:38:09,6.9,--,100,69000,卖盘,2017-06-29,2017-06-29 10:38:09
10:38:24,10:38:24,6.9,--,5,3450,卖盘,2017-06-29,2017-06-29 10:38:24
10:38:45,10:38:45,6.9,--,5,3450,卖盘,2017-06-29,2017-06-29 10:38:45
10:39:00,10:39:00,6.9,--,84,57960,卖盘,2017-06-29,2017-06-29 10:39:00
10:39:18,10:39:18,6.9,--,13,8970,卖盘,2017-06-29,2017-06-29 10:39:18
10:39:21,10:39:21,6.9,--,10,6900,卖盘,2017-06-29,2017-06-29 10:39:21
10:39:51,10:39:51,6.9,--,1,690,卖盘,2017-06-29,2017-06-29 10:39:51
10:39:58,10:39:58,6.9,--,1,690,卖盘,2017-06-29,2017-06-29 10:39:58
10:40:01,10:40:01,6.9,--,2,1380,卖盘,2017-06-29,2017-06-29 10:40:01
10:40:10,10:40:10,6.9,--,8,5520,卖盘,2017-06-29,2017-06-29 10:40:10
10:40:13,10:40:13,6.9,--,2,1380,卖盘,2017-06-29,2017-06-29 10:40:13
10:40:15,10:40:15,6.9,--,2,1380,卖盘,2017-06-29,2017-06-29 10:40:15
10:40:19,10:40:19,6.9,--,70,48300,卖盘,2017-06-29,2017-06-29 10:40:19
10:40:22,10:40:22,6.9,--,100,69000,卖盘,2017-06-29,2017-06-29 10:40:22
10:40:34,10:40:34,6.9,--,20,13800,卖盘,2017-06-29,2017-06-29 10:40:34
10:40:43,10:40:43,6.9,--,14,9660,卖盘,2017-06-29,2017-06-29 10:40:43
10:40:46,10:40:46,6.9,--,100,69000,卖盘,2017-06-29,2017-06-29 10:40:46
10:41:10,10:41:10,6.9,--,3,2070,卖盘,2017-06-29,2017-06-29 10:41:10
10:41:16,10:41:16,6.9,--,20,13800,卖盘,2017-06-29,2017-06-29 10:41:16
10:41:22,10:41:22,6.9,--,1,690,卖盘,2017-06-29,2017-06-29 10:41:22
10:41:28,10:41:28,6.9,--,1,690,卖盘,2017-06-29,2017-06-29 10:41:28
10:41:37,10:41:37,6.9,--,447,308430,卖盘,2017-06-29,2017-06-29 10:41:37
10:41:46,10:41:46,6.9,--,30,20700,卖盘,2017-06-29,2017-06-29 10:41:46
10:42:01,10:42:01,6.9,--,5,3450,卖盘,2017-06-29,2017-06-29 10:42:01
10:42:07,10:42:07,6.9,--,1,690,卖盘,2017-06-29,2017-06-29 10:42:07
10:42:28,10:42:28,6.9,--,15,10350,卖盘,2017-06-29,2017-06-29 10:42:28
10:42:34,10:42:34,6.9,--,24,16560,卖盘,2017-06-29,2017-06-29 10:42:34
10:42:43,10:42:43,6.9,--,300,207000,卖盘,2017-06-29,2017-06-29 10:42:43
10:42:46,10:42:46,6.9,--,45,31050,卖盘,2017-06-29,2017-06-29 10:42:46
10:42:55,10:42:55,6.9,--,10,6900,卖盘,2017-06-29,2017-06-29 10:42:55
10:43:04,10:43:04,6.9,--,2,1380,卖盘,2017-06-29,2017-06-29 10:43:04
10:43:13,10:43:13,6.9,--,10,6900,卖盘,2017-06-29,2017-06-29 10:43:13
10:43:17,10:43:17,6.9,--,14,9660,卖盘,2017-06-29,2017-06-29 10:43:17
10:43:44,10:43:44,6.9,--,2,1380,卖盘,2017-06-29,2017-06-29 10:43:44
10:43:53,10:43:53,6.9,--,16,11040,卖盘,2017-06-29,2017-06-29 10:43:53
10:43:59,10:43:59,6.9,--,9,6210,卖盘,2017-06-29,2017-06-29 10:43:59
10:44:20,10:44:20,6.9,--,17,11730,卖盘,2017-06-29,2017-06-29 10:44:20
10:44:23,10:44:23,6.9,--,14,9660,卖盘,2017-06-29,2017-06-29 10:44:23
10:44:47,10:44:47,6.9,--,26,17940,卖盘,2017-06-29,2017-06-29 10:44:47
10:44:50,10:44:50,6.9,--,10,6900,卖盘,2017-06-29,2017-06-29 10:44:50
10:44:53,10:44:53,6.9,--,2,1380,卖盘,2017-06-29,2017-06-29 10:44:53
10:45:08,10:45:08,6.9,--,182,125580,卖盘,2017-06-29,2017-06-29 10:45:08
10:45:17,10:45:17,6.9,--,30,20700,卖盘,2017-06-29,2017-06-29 10:45:17
10:45:34,10:45:34,6.9,--,19,13110,卖盘,2017-06-29,2017-06-29 10:45:34
10:45:41,10:45:41,6.9,--,2,1380,卖盘,2017-06-29,2017-06-29 10:45:41
10:45:56,10:45:56,6.9,--,18,12420,卖盘,2017-06-29,2017-06-29 10:45:56
10:46:08,10:46:08,6.9,--,5,3450,卖盘,2017-06-29,2017-06-29 10:46:08
10:46:23,10:46:23,6.9,--,3,2070,卖盘,2017-06-29,2017-06-29 10:46:23
10:46:29,10:46:29,6.9,--,40,27600,卖盘,2017-06-29,2017-06-29 10:46:29
10:46:38,10:46:38,6.9,--,5,3450,卖盘,2017-06-29,2017-06-29 10:46:38
10:46:41,10:46:41,6.9,--,87,60030,卖盘,2017-06-29,2017-06-29 10:46:41
10:46:44,10:46:44,6.9,--,30,20700,卖盘,2017-06-29,2017-06-29 10:46:44
10:46:59,10:46:59,6.9,--,10,6900,卖盘,2017-06-29,2017-06-29 10:46:59
10:47:14,10:47:14,6.9,--,74,51060,卖盘,2017-06-29,2017-06-29 10:47:14
10:47:23,10:47:23,6.9,--,3,2070,卖盘,2017-06-29,2017-06-29 10:47:23
10:47:38,10:47:38,6.9,--,4,2760,卖盘,2017-06-29,2017-06-29 10:47:38
10:47:53,10:47:53,6.9,--,32,22080,卖盘,2017-06-29,2017-06-29 10:47:53
10:48:05,10:48:05,6.9,--,7,4830,卖盘,2017-06-29,2017-06-29 10:48:05
10:48:17,10:48:17,6.9,--,1,690,卖盘,2017-06-29,2017-06-29 10:48:17
10:48:53,10:48:53,6.9,--,1,690,卖盘,2017-06-29,2017-06-29 10:48:53
10:48:56,10:48:56,6.9,--,110,75900,卖盘,2017-06-29,2017-06-29 10:48:56
10:49:11,10:49:11,6.9,--,33,22770,卖盘,2017-06-29,2017-06-29 10:49:11
10:49:17,10:49:17,6.9,--,19,13110,卖盘,2017-06-29,2017-06-29 10:49:17
10:49:29,10:49:29,6.9,--,5,3450,卖盘,2017-06-29,2017-06-29 10:49:29
10:49:32,10:49:32,6.9,--,5,3450,卖盘,2017-06-29,2017-06-29 10:49:32
10:49:50,10:49:50,6.9,--,7,4830,卖盘,2017-06-29,2017-06-29 10:49:50
10:49:53,10:49:53,6.9,--,1,690,卖盘,2017-06-29,2017-06-29 10:49:53
10:49:55,10:49:55,6.9,--,15,10350,卖盘,2017-06-29,2017-06-29 10:49:55
10:50:02,10:50:02,6.9,--,106,73140,卖盘,2017-06-29,2017-06-29 10:50:02
10:50:11,10:50:11,6.9,--,17,11730,卖盘,2017-06-29,2017-06-29 10:50:11
10:50:14,10:50:14,6.9,--,3,2070,卖盘,2017-06-29,2017-06-29 10:50:14
10:50:26,10:50:26,6.9,--,3,2070,卖盘,2017-06-29,2017-06-29 10:50:26
10:50:35,10:50:35,6.9,--,3,2070,卖盘,2017-06-29,2017-06-29 10:50:35
10:50:47,10:50:47,6.9,--,6,4140,卖盘,2017-06-29,2017-06-29 10:50:47
10:51:17,10:51:17,6.9,--,10,6900,卖盘,2017-06-29,2017-06-29 10:51:17
10:51:22,10:51:22,6.9,--,42,28980,卖盘,2017-06-29,2017-06-29 10:51:22
10:51:32,10:51:32,6.9,--,6,4140,卖盘,2017-06-29,2017-06-29 10:51:32
10:51:38,10:51:38,6.9,--,5,3450,卖盘,2017-06-29,2017-06-29 10:51:38
10:51:44,10:51:44,6.9,--,20,13800,卖盘,2017-06-29,2017-06-29 10:51:44
10:51:56,10:51:56,6.9,--,20,13800,卖盘,2017-06-29,2017-06-29 10:51:56
10:52:05,10:52:05,6.9,--,1,690,卖盘,2017-06-29,2017-06-29 10:52:05
10:52:29,10:52:29,6.9,--,2,1380,卖盘,2017-06-29,2017-06-29 10:52:29
10:52:38,10:52:38,6.9,--,1,690,卖盘,2017-06-29,2017-06-29 10:52:38
10:52:41,10:52:41,6.9,--,1,690,卖盘,2017-06-29,2017-06-29 10:52:41
10:52:44,10:52:44,6.9,--,62,42780,卖盘,2017-06-29,2017-06-29 10:52:44
10:52:47,10:52:47,6.9,--,5,3450,卖盘,2017-06-29,2017-06-29 10:52:47
10:53:35,10:53:35,6.9,--,24,16560,卖盘,2017-06-29,2017-06-29 10:53:35
10:53:44,10:53:44,6.9,--,20,13800,卖盘,2017-06-29,2017-06-29 10:53:44
10:54:14,10:54:14,6.9,--,22,15180,卖盘,2017-06-29,2017-06-29 10:54:14
10:54:26,10:54:26,6.9,--,10,6900,卖盘,2017-06-29,2017-06-29 10:54:26
10:54:33,10:54:33,6.9,--,15,10350,卖盘,2017-06-29,2017-06-29 10:54:33
10:54:41,10:54:41,6.9,--,10,6900,卖盘,2017-06-29,2017-06-29 10:54:41
10:55:00,10:55:00,6.9,--,1,690,卖盘,2017-06-29,2017-06-29 10:55:00
10:55:33,10:55:33,6.9,--,5,3450,卖盘,2017-06-29,2017-06-29 10:55:33
10:56:06,10:56:06,6.9,--,2,1380,卖盘,2017-06-29,2017-06-29 10:56:06
10:57:09,10:57:09,6.9,--,80,55200,卖盘,2017-06-29,2017-06-29 10:57:09
10:57:15,10:57:15,6.9,--,20,13800,卖盘,2017-06-29,2017-06-29 10:57:15
10:57:42,10:57:42,6.9,--,90,62100,卖盘,2017-06-29,2017-06-29 10:57:42
10:57:45,10:57:45,6.9,--,100,69000,卖盘,2017-06-29,2017-06-29 10:57:45
10:57:51,10:57:51,6.9,--,200,138000,卖盘,2017-06-29,2017-06-29 10:57:51
10:57:57,10:57:57,6.9,--,20,13800,卖盘,2017-06-29,2017-06-29 10:57:57
10:58:00,10:58:00,6.9,--,10,6900,卖盘,2017-06-29,2017-06-29 10:58:00
10:58:03,10:58:03,6.9,--,2,1380,卖盘,2017-06-29,2017-06-29 10:58:03
10:58:12,10:58:12,6.9,--,41,28290,卖盘,2017-06-29,2017-06-29 10:58:12
10:58:27,10:58:27,6.9,--,5,3450,卖盘,2017-06-29,2017-06-29 10:58:27
10:58:36,10:58:36,6.9,--,19,13110,卖盘,2017-06-29,2017-06-29 10:58:36
10:58:39,10:58:39,6.9,--,8,5520,卖盘,2017-06-29,2017-06-29 10:58:39
10:58:42,10:58:42,6.9,--,4,2760,卖盘,2017-06-29,2017-06-29 10:58:42
10:58:48,10:58:48,6.9,--,30,20700,卖盘,2017-06-29,2017-06-29 10:58:48
10:59:03,10:59:03,6.9,--,12,8280,卖盘,2017-06-29,2017-06-29 10:59:03
10:59:06,10:59:06,6.9,--,10,6900,卖盘,2017-06-29,2017-06-29 10:59:06
10:59:12,10:59:12,6.9,--,3,2070,卖盘,2017-06-29,2017-06-29 10:59:12
10:59:33,10:59:33,6.9,--,4,2760,卖盘,2017-06-29,2017-06-29 10:59:33
10:59:54,10:59:54,6.9,--,329,227010,卖盘,2017-06-29,2017-06-29 10:59:54
10:59:58,10:59:58,6.9,--,31,21390,卖盘,2017-06-29,2017-06-29 10:59:58
11:00:01,11:00:01,6.9,--,10,6900,卖盘,2017-06-29,2017-06-29 11:00:01
11:00:03,11:00:03,6.9,--,25,17250,卖盘,2017-06-29,2017-06-29 11:00:03
11:00:06,11:00:06,6.9,--,18,12420,卖盘,2017-06-29,2017-06-29 11:00:06
11:00:16,11:00:16,6.9,--,13,8970,卖盘,2017-06-29,2017-06-29 11:00:16
11:00:40,11:00:40,6.9,--,5,3450,卖盘,2017-06-29,2017-06-29 11:00:40
11:00:52,11:00:52,6.9,--,20,13800,卖盘,2017-06-29,2017-06-29 11:00:52
11:01:04,11:01:04,6.9,--,104,71760,卖盘,2017-06-29,2017-06-29 11:01:04
11:01:07,11:01:07,6.9,--,13,8970,卖盘,2017-06-29,2017-06-29 11:01:07
11:01:16,11:01:16,6.9,--,36,24840,卖盘,2017-06-29,2017-06-29 11:01:16
11:01:25,11:01:25,6.9,--,100,69000,卖盘,2017-06-29,2017-06-29 11:01:25
11:01:37,11:01:37,6.9,--,5,3450,卖盘,2017-06-29,2017-06-29 11:01:37
11:01:40,11:01:40,6.9,--,50,34500,卖盘,2017-06-29,2017-06-29 11:01:40
11:01:46,11:01:46,6.9,--,10,6900,卖盘,2017-06-29,2017-06-29 11:01:46
11:02:10,11:02:10,6.9,--,5,3450,卖盘,2017-06-29,2017-06-29 11:02:10
11:02:13,11:02:13,6.9,--,1,690,卖盘,2017-06-29,2017-06-29 11:02:13
11:02:22,11:02:22,6.9,--,23,15870,卖盘,2017-06-29,2017-06-29 11:02:22
11:02:28,11:02:28,6.9,--,40,27600,卖盘,2017-06-29,2017-06-29 11:02:28
11:02:32,11:02:32,6.9,--,10,6900,卖盘,2017-06-29,2017-06-29 11:02:32
11:03:38,11:03:38,6.9,--,50,34500,卖盘,2017-06-29,2017-06-29 11:03:38
11:03:44,11:03:44,6.9,--,3,2070,卖盘,2017-06-29,2017-06-29 11:03:44
11:04:11,11:04:11,6.9,--,40,27600,卖盘,2017-06-29,2017-06-29 11:04:11
11:04:20,11:04:20,6.9,--,20,13800,卖盘,2017-06-29,2017-06-29 11:04:20
11:04:32,11:04:32,6.9,--,6,4140,卖盘,2017-06-29,2017-06-29 11:04:32
11:04:44,11:04:44,6.9,--,50,34500,卖盘,2017-06-29,2017-06-29 11:04:44
11:05:05,11:05:05,6.9,--,3,2070,卖盘,2017-06-29,2017-06-29 11:05:05
11:05:08,11:05:08,6.9,--,1,690,卖盘,2017-06-29,2017-06-29 11:05:08
11:05:17,11:05:17,6.9,--,129,89010,卖盘,2017-06-29,2017-06-29 11:05:17
11:05:26,11:05:26,6.9,--,60,41400,卖盘,2017-06-29,2017-06-29 11:05:26
11:06:32,11:06:32,6.9,--,5,3450,卖盘,2017-06-29,2017-06-29 11:06:32
11:06:35,11:06:35,6.9,--,12,8280,卖盘,2017-06-29,2017-06-29 11:06:35
11:06:47,11:06:47,6.9,--,7,4830,卖盘,2017-06-29,2017-06-29 11:06:47
11:07:05,11:07:05,6.9,--,100,69000,卖盘,2017-06-29,2017-06-29 11:07:05
11:07:29,11:07:29,6.9,--,5,3450,卖盘,2017-06-29,2017-06-29 11:07:29
11:07:41,11:07:41,6.9,--,3,2070,卖盘,2017-06-29,2017-06-29 11:07:41
11:07:50,11:07:50,6.9,--,1,690,卖盘,2017-06-29,2017-06-29 11:07:50
11:07:56,11:07:56,6.9,--,40,27600,卖盘,2017-06-29,2017-06-29 11:07:56
11:07:59,11:07:59,6.9,--,4,2760,卖盘,2017-06-29,2017-06-29 11:07:59
11:08:29,11:08:29,6.9,--,4,2760,卖盘,2017-06-29,2017-06-29 11:08:29
11:08:32,11:08:32,6.9,--,5,3450,卖盘,2017-06-29,2017-06-29 11:08:32
11:08:41,11:08:41,6.9,--,1,690,卖盘,2017-06-29,2017-06-29 11:08:41
11:09:05,11:09:05,6.9,--,16,11040,卖盘,2017-06-29,2017-06-29 11:09:05
11:09:11,11:09:11,6.9,--,6,4140,卖盘,2017-06-29,2017-06-29 11:09:11
11:09:20,11:09:20,6.9,--,50,34500,卖盘,2017-06-29,2017-06-29 11:09:20
11:09:41,11:09:41,6.9,--,14,9660,卖盘,2017-06-29,2017-06-29 11:09:41
11:09:56,11:09:56,6.9,--,50,34500,卖盘,2017-06-29,2017-06-29 11:09:56
11:10:14,11:10:14,6.9,--,1,690,卖盘,2017-06-29,2017-06-29 11:10:14
11:12:35,11:12:35,6.9,--,9,6210,卖盘,2017-06-29,2017-06-29 11:12:35
11:12:44,11:12:44,6.9,--,14,9660,卖盘,2017-06-29,2017-06-29 11:12:44
11:13:47,11:13:47,6.9,--,2,1380,卖盘,2017-06-29,2017-06-29 11:13:47
11:14:08,11:14:08,6.9,--,20,13800,卖盘,2017-06-29,2017-06-29 11:14:08
11:14:36,11:14:36,6.9,--,1,690,卖盘,2017-06-29,2017-06-29 11:14:36
11:15:24,11:15:24,6.9,--,33,22770,卖盘,2017-06-29,2017-06-29 11:15:24
11:15:27,11:15:27,6.9,--,5,3450,卖盘,2017-06-29,2017-06-29 11:15:27
11:15:46,11:15:46,6.9,--,1,690,卖盘,2017-06-29,2017-06-29 11:15:46
11:16:24,11:16:24,6.9,--,8,5520,卖盘,2017-06-29,2017-06-29 11:16:24
11:16:45,11:16:45,6.9,--,173,119370,卖盘,2017-06-29,2017-06-29 11:16:45
11:16:54,11:16:54,6.9,--,5,3450,卖盘,2017-06-29,2017-06-29 11:16:54
11:17:03,11:17:03,6.9,--,3,2070,卖盘,2017-06-29,2017-06-29 11:17:03
11:17:06,11:17:06,6.9,--,5,3450,卖盘,2017-06-29,2017-06-29 11:17:06
11:17:09,11:17:09,6.9,--,17,11730,卖盘,2017-06-29,2017-06-29 11:17:09
11:17:15,11:17:15,6.9,--,1,690,卖盘,2017-06-29,2017-06-29 11:17:15
11:17:18,11:17:18,6.9,--,13,8970,卖盘,2017-06-29,2017-06-29 11:17:18
11:17:33,11:17:33,6.9,--,15,10350,卖盘,2017-06-29,2017-06-29 11:17:33
11:18:09,11:18:09,6.9,--,21,14490,卖盘,2017-06-29,2017-06-29 11:18:09
11:18:27,11:18:27,6.9,--,8,5520,卖盘,2017-06-29,2017-06-29 11:18:27
11:18:33,11:18:33,6.9,--,100,69000,卖盘,2017-06-29,2017-06-29 11:18:33
11:18:36,11:18:36,6.9,--,2,1380,卖盘,2017-06-29,2017-06-29 11:18:36
11:18:48,11:18:48,6.9,--,1,690,卖盘,2017-06-29,2017-06-29 11:18:48
11:19:00,11:19:00,6.9,--,1,690,卖盘,2017-06-29,2017-06-29 11:19:00
11:19:03,11:19:03,6.9,--,10,6900,卖盘,2017-06-29,2017-06-29 11:19:03
11:19:15,11:19:15,6.9,--,1,690,卖盘,2017-06-29,2017-06-29 11:19:15
11:20:03,11:20:03,6.9,--,2,1380,卖盘,2017-06-29,2017-06-29 11:20:03
11:20:15,11:20:15,6.9,--,5,3450,卖盘,2017-06-29,2017-06-29 11:20:15
11:20:21,11:20:21,6.9,--,40,27600,卖盘,2017-06-29,2017-06-29 11:20:21
11:20:27,11:20:27,6.9,--,2,1380,卖盘,2017-06-29,2017-06-29 11:20:27
11:20:52,11:20:52,6.9,--,48,33120,卖盘,2017-06-29,2017-06-29 11:20:52
11:21:10,11:21:10,6.9,--,277,191130,卖盘,2017-06-29,2017-06-29 11:21:10
11:21:13,11:21:13,6.9,--,1,690,卖盘,2017-06-29,2017-06-29 11:21:13
11:21:19,11:21:19,6.9,--,9,6210,卖盘,2017-06-29,2017-06-29 11:21:19
11:21:28,11:21:28,6.9,--,12,8280,卖盘,2017-06-29,2017-06-29 11:21:28
11:22:34,11:22:34,6.9,--,1,690,卖盘,2017-06-29,2017-06-29 11:22:34
11:22:43,11:22:43,6.9,--,1,690,卖盘,2017-06-29,2017-06-29 11:22:43
11:22:58,11:22:58,6.9,--,8,5520,卖盘,2017-06-29,2017-06-29 11:22:58
11:23:13,11:23:13,6.9,--,12,8280,卖盘,2017-06-29,2017-06-29 11:23:13
11:23:22,11:23:22,6.9,--,10,6900,卖盘,2017-06-29,2017-06-29 11:23:22
11:23:47,11:23:47,6.9,--,1,690,卖盘,2017-06-29,2017-06-29 11:23:47
11:23:50,11:23:50,6.9,--,3,2070,卖盘,2017-06-29,2017-06-29 11:23:50
11:23:59,11:23:59,6.9,--,3,2070,卖盘,2017-06-29,2017-06-29 11:23:59
11:24:05,11:24:05,6.9,--,6,4140,卖盘,2017-06-29,2017-06-29 11:24:05
11:24:08,11:24:08,6.9,--,10,6900,卖盘,2017-06-29,2017-06-29 11:24:08
11:24:14,11:24:14,6.9,--,4,2760,卖盘,2017-06-29,2017-06-29 11:24:14
11:24:20,11:24:20,6.9,--,10,6900,卖盘,2017-06-29,2017-06-29 11:24:20
11:24:26,11:24:26,6.9,--,12,8280,卖盘,2017-06-29,2017-06-29 11:24:26
11:24:35,11:24:35,6.9,--,5,3450,卖盘,2017-06-29,2017-06-29 11:24:35
11:24:53,11:24:53,6.9,--,10,6900,卖盘,2017-06-29,2017-06-29 11:24:53
11:24:59,11:24:59,6.9,--,120,82800,卖盘,2017-06-29,2017-06-29 11:24:59
11:25:08,11:25:08,6.9,--,10,6900,卖盘,2017-06-29,2017-06-29 11:25:08
11:25:53,11:25:53,6.9,--,1,690,卖盘,2017-06-29,2017-06-29 11:25:53
11:26:02,11:26:02,6.9,--,8,5520,卖盘,2017-06-29,2017-06-29 11:26:02
11:26:23,11:26:23,6.9,--,10,6900,卖盘,2017-06-29,2017-06-29 11:26:23
11:26:41,11:26:41,6.9,--,14,9660,卖盘,2017-06-29,2017-06-29 11:26:41
11:26:56,11:26:56,6.9,--,21,14490,卖盘,2017-06-29,2017-06-29 11:26:56
11:27:26,11:27:26,6.9,--,203,140070,卖盘,2017-06-29,2017-06-29 11:27:26
11:27:47,11:27:47,6.9,--,603,416070,卖盘,2017-06-29,2017-06-29 11:27:47
11:27:59,11:27:59,6.9,--,134,92460,卖盘,2017-06-29,2017-06-29 11:27:59
11:28:02,11:28:02,6.9,--,110,75900,卖盘,2017-06-29,2017-06-29 11:28:02
11:28:14,11:28:14,6.9,--,26,17940,卖盘,2017-06-29,2017-06-29 11:28:14
11:28:20,11:28:20,6.9,--,10,6900,卖盘,2017-06-29,2017-06-29 11:28:20
11:28:56,11:28:56,6.9,--,10,6900,卖盘,2017-06-29,2017-06-29 11:28:56
11:29:20,11:29:20,6.9,--,17,11730,卖盘,2017-06-29,2017-06-29 11:29:20
11:29:32,11:29:32,6.9,--,359,247710,卖盘,2017-06-29,2017-06-29 11:29:32
11:29:59,11:29:59,6.9,--,0,0,卖盘,2017-06-29,2017-06-29 11:29:59
11:30:00,11:30:00,6.9,--,0,0,卖盘,2017-06-29,2017-06-29 11:30:00
13:00:02,13:00:02,6.9,--,177,122130,卖盘,2017-06-29,2017-06-29 13:00:02
13:00:05,13:00:05,6.9,--,1091,752790,卖盘,2017-06-29,2017-06-29 13:00:05
13:00:08,13:00:08,6.9,--,269,185610,卖盘,2017-06-29,2017-06-29 13:00:08
13:00:11,13:00:11,6.9,--,550,379500,卖盘,2017-06-29,2017-06-29 13:00:11
13:00:14,13:00:14,6.9,--,190,131100,卖盘,2017-06-29,2017-06-29 13:00:14
13:00:17,13:00:17,6.9,--,42,28980,卖盘,2017-06-29,2017-06-29 13:00:17
13:00:20,13:00:20,6.9,--,48,33120,卖盘,2017-06-29,2017-06-29 13:00:20
13:00:26,13:00:26,6.9,--,50,34500,卖盘,2017-06-29,2017-06-29 13:00:26
13:00:35,13:00:35,6.9,--,20,13800,卖盘,2017-06-29,2017-06-29 13:00:35
13:00:38,13:00:38,6.9,--,8,5520,卖盘,2017-06-29,2017-06-29 13:00:38
13:00:47,13:00:47,6.9,--,100,69000,卖盘,2017-06-29,2017-06-29 13:00:47
13:00:53,13:00:53,6.9,--,26,17940,卖盘,2017-06-29,2017-06-29 13:00:53
13:01:08,13:01:08,6.9,--,10,6900,卖盘,2017-06-29,2017-06-29 13:01:08
13:01:17,13:01:17,6.9,--,30,20700,卖盘,2017-06-29,2017-06-29 13:01:17
13:01:20,13:01:20,6.9,--,10,6900,卖盘,2017-06-29,2017-06-29 13:01:20
13:01:32,13:01:32,6.9,--,28,19320,卖盘,2017-06-29,2017-06-29 13:01:32
13:01:35,13:01:35,6.9,--,16,11040,卖盘,2017-06-29,2017-06-29 13:01:35
13:02:20,13:02:20,6.9,--,20,13800,卖盘,2017-06-29,2017-06-29 13:02:20
13:02:23,13:02:23,6.9,--,16,11040,卖盘,2017-06-29,2017-06-29 13:02:23
13:02:26,13:02:26,6.9,--,11,7590,卖盘,2017-06-29,2017-06-29 13:02:26
13:02:32,13:02:32,6.9,--,2,1380,卖盘,2017-06-29,2017-06-29 13:02:32
13:02:35,13:02:35,6.9,--,5,3450,卖盘,2017-06-29,2017-06-29 13:02:35
13:02:44,13:02:44,6.9,--,200,138000,卖盘,2017-06-29,2017-06-29 13:02:44
13:03:02,13:03:02,6.9,--,40,27600,卖盘,2017-06-29,2017-06-29 13:03:02
13:03:11,13:03:11,6.9,--,500,345000,卖盘,2017-06-29,2017-06-29 13:03:11
13:03:26,13:03:26,6.9,--,59,40710,卖盘,2017-06-29,2017-06-29 13:03:26
13:03:50,13:03:50,6.9,--,8,5520,卖盘,2017-06-29,2017-06-29 13:03:50
13:04:05,13:04:05,6.9,--,51,35190,卖盘,2017-06-29,2017-06-29 13:04:05
13:04:23,13:04:23,6.9,--,582,401580,卖盘,2017-06-29,2017-06-29 13:04:23
13:04:44,13:04:44,6.9,--,5,3450,卖盘,2017-06-29,2017-06-29 13:04:44
13:04:50,13:04:50,6.9,--,1,690,卖盘,2017-06-29,2017-06-29 13:04:50
13:05:08,13:05:08,6.9,--,14,9660,卖盘,2017-06-29,2017-06-29 13:05:08
13:05:14,13:05:14,6.9,--,224,154560,卖盘,2017-06-29,2017-06-29 13:05:14
13:05:20,13:05:20,6.9,--,2,1380,卖盘,2017-06-29,2017-06-29 13:05:20
13:05:35,13:05:35,6.9,--,7,4830,卖盘,2017-06-29,2017-06-29 13:05:35
13:05:44,13:05:44,6.9,--,12,8280,卖盘,2017-06-29,2017-06-29 13:05:44
13:05:59,13:05:59,6.9,--,1,690,卖盘,2017-06-29,2017-06-29 13:05:59
13:06:05,13:06:05,6.9,--,20,13800,卖盘,2017-06-29,2017-06-29 13:06:05
13:06:11,13:06:11,6.9,--,58,40020,卖盘,2017-06-29,2017-06-29 13:06:11
13:06:17,13:06:17,6.9,--,1,690,卖盘,2017-06-29,2017-06-29 13:06:17
13:06:23,13:06:23,6.9,--,3,2070,卖盘,2017-06-29,2017-06-29 13:06:23
13:06:26,13:06:26,6.9,--,18,12420,卖盘,2017-06-29,2017-06-29 13:06:26
13:06:32,13:06:32,6.9,--,9,6210,卖盘,2017-06-29,2017-06-29 13:06:32
13:06:41,13:06:41,6.9,--,10,6900,卖盘,2017-06-29,2017-06-29 13:06:41
13:06:47,13:06:47,6.9,--,8,5520,卖盘,2017-06-29,2017-06-29 13:06:47
13:06:56,13:06:56,6.9,--,10,6900,卖盘,2017-06-29,2017-06-29 13:06:56
13:07:05,13:07:05,6.9,--,100,69000,卖盘,2017-06-29,2017-06-29 13:07:05
13:08:05,13:08:05,6.9,--,25,17250,卖盘,2017-06-29,2017-06-29 13:08:05
13:08:26,13:08:26,6.9,--,60,41400,卖盘,2017-06-29,2017-06-29 13:08:26
13:08:51,13:08:51,6.9,--,12,8280,卖盘,2017-06-29,2017-06-29 13:08:51
13:09:25,13:09:25,6.9,--,14,9660,卖盘,2017-06-29,2017-06-29 13:09:25
13:09:28,13:09:28,6.9,--,21,14490,卖盘,2017-06-29,2017-06-29 13:09:28
13:09:40,13:09:40,6.9,--,1,690,卖盘,2017-06-29,2017-06-29 13:09:40
13:09:49,13:09:49,6.9,--,16,11040,卖盘,2017-06-29,2017-06-29 13:09:49
13:09:52,13:09:52,6.9,--,53,36570,卖盘,2017-06-29,2017-06-29 13:09:52
13:09:58,13:09:58,6.9,--,3,2070,卖盘,2017-06-29,2017-06-29 13:09:58
13:10:25,13:10:25,6.9,--,20,13800,卖盘,2017-06-29,2017-06-29 13:10:25
13:10:31,13:10:31,6.9,--,30,20700,卖盘,2017-06-29,2017-06-29 13:10:31
13:10:40,13:10:40,6.9,--,25,17250,卖盘,2017-06-29,2017-06-29 13:10:40
13:10:58,13:10:58,6.9,--,5,3450,卖盘,2017-06-29,2017-06-29 13:10:58
13:11:07,13:11:07,6.9,--,33,22770,卖盘,2017-06-29,2017-06-29 13:11:07
13:11:19,13:11:19,6.9,--,10,6900,卖盘,2017-06-29,2017-06-29 13:11:19
13:11:25,13:11:25,6.9,--,4,2760,卖盘,2017-06-29,2017-06-29 13:11:25
13:11:40,13:11:40,6.9,--,10,6900,卖盘,2017-06-29,2017-06-29 13:11:40
13:11:49,13:11:49,6.9,--,24,16560,卖盘,2017-06-29,2017-06-29 13:11:49
13:11:58,13:11:58,6.9,--,9,6210,卖盘,2017-06-29,2017-06-29 13:11:58
13:12:16,13:12:16,6.9,--,23,15870,卖盘,2017-06-29,2017-06-29 13:12:16
13:12:25,13:12:25,6.9,--,2,1380,卖盘,2017-06-29,2017-06-29 13:12:25
13:12:43,13:12:43,6.9,--,5,3450,卖盘,2017-06-29,2017-06-29 13:12:43
13:12:52,13:12:52,6.9,--,50,34500,卖盘,2017-06-29,2017-06-29 13:12:52
13:13:10,13:13:10,6.9,--,5,3450,卖盘,2017-06-29,2017-06-29 13:13:10
13:13:43,13:13:43,6.9,--,4,2760,卖盘,2017-06-29,2017-06-29 13:13:43
13:13:55,13:13:55,6.9,--,15,10350,卖盘,2017-06-29,2017-06-29 13:13:55
13:14:22,13:14:22,6.9,--,30,20700,卖盘,2017-06-29,2017-06-29 13:14:22
13:14:44,13:14:44,6.9,--,10,6900,卖盘,2017-06-29,2017-06-29 13:14:44
13:14:50,13:14:50,6.9,--,20,13800,卖盘,2017-06-29,2017-06-29 13:14:50
13:15:14,13:15:14,6.9,--,2,1380,卖盘,2017-06-29,2017-06-29 13:15:14
13:15:23,13:15:23,6.9,--,25,17250,卖盘,2017-06-29,2017-06-29 13:15:23
13:15:35,13:15:35,6.9,--,2,1380,卖盘,2017-06-29,2017-06-29 13:15:35
13:15:38,13:15:38,6.9,--,20,13800,卖盘,2017-06-29,2017-06-29 13:15:38
13:15:44,13:15:44,6.9,--,24,16560,卖盘,2017-06-29,2017-06-29 13:15:44
13:15:59,13:15:59,6.9,--,10,6900,卖盘,2017-06-29,2017-06-29 13:15:59
13:16:05,13:16:05,6.9,--,10,6900,卖盘,2017-06-29,2017-06-29 13:16:05
13:16:20,13:16:20,6.9,--,5,3450,卖盘,2017-06-29,2017-06-29 13:16:20
13:16:32,13:16:32,6.9,--,2,1380,卖盘,2017-06-29,2017-06-29 13:16:32
13:16:38,13:16:38,6.9,--,100,69000,卖盘,2017-06-29,2017-06-29 13:16:38
13:16:41,13:16:41,6.9,--,10,6900,卖盘,2017-06-29,2017-06-29 13:16:41
13:16:50,13:16:50,6.9,--,6,4140,卖盘,2017-06-29,2017-06-29 13:16:50
13:16:56,13:16:56,6.9,--,15,10350,卖盘,2017-06-29,2017-06-29 13:16:56
13:17:26,13:17:26,6.9,--,10,6900,卖盘,2017-06-29,2017-06-29 13:17:26
13:17:32,13:17:32,6.9,--,32,22080,卖盘,2017-06-29,2017-06-29 13:17:32
13:17:53,13:17:53,6.9,--,2,1380,卖盘,2017-06-29,2017-06-29 13:17:53
13:17:56,13:17:56,6.9,--,9,6210,卖盘,2017-06-29,2017-06-29 13:17:56
13:17:59,13:17:59,6.9,--,1,690,卖盘,2017-06-29,2017-06-29 13:17:59
13:18:02,13:18:02,6.9,--,12,8280,卖盘,2017-06-29,2017-06-29 13:18:02
13:18:47,13:18:47,6.9,--,20,13800,卖盘,2017-06-29,2017-06-29 13:18:47
13:19:05,13:19:05,6.9,--,5,3450,卖盘,2017-06-29,2017-06-29 13:19:05
13:19:17,13:19:17,6.9,--,30,20700,卖盘,2017-06-29,2017-06-29 13:19:17
13:19:23,13:19:23,6.9,--,10,6900,卖盘,2017-06-29,2017-06-29 13:19:23
13:20:26,13:20:26,6.9,--,9,6210,卖盘,2017-06-29,2017-06-29 13:20:26
13:20:32,13:20:32,6.9,--,15,10350,卖盘,2017-06-29,2017-06-29 13:20:32
13:20:35,13:20:35,6.9,--,10,6900,卖盘,2017-06-29,2017-06-29 13:20:35
13:21:02,13:21:02,6.9,--,15,10350,卖盘,2017-06-29,2017-06-29 13:21:02
13:21:23,13:21:23,6.9,--,5,3450,卖盘,2017-06-29,2017-06-29 13:21:23
13:21:35,13:21:35,6.9,--,10,6900,卖盘,2017-06-29,2017-06-29 13:21:35
13:22:08,13:22:08,6.9,--,3,2070,卖盘,2017-06-29,2017-06-29 13:22:08
13:22:23,13:22:23,6.9,--,41,28290,卖盘,2017-06-29,2017-06-29 13:22:23
13:22:26,13:22:26,6.9,--,20,13800,卖盘,2017-06-29,2017-06-29 13:22:26
13:22:32,13:22:32,6.9,--,15,10350,卖盘,2017-06-29,2017-06-29 13:22:32
13:22:50,13:22:50,6.9,--,20,13800,卖盘,2017-06-29,2017-06-29 13:22:50
13:22:53,13:22:53,6.9,--,20,13800,卖盘,2017-06-29,2017-06-29 13:22:53
13:23:14,13:23:14,6.9,--,3,2070,卖盘,2017-06-29,2017-06-29 13:23:14
13:23:20,13:23:20,6.9,--,10,6900,卖盘,2017-06-29,2017-06-29 13:23:20
13:23:29,13:23:29,6.9,--,28,19320,卖盘,2017-06-29,2017-06-29 13:23:29
13:23:32,13:23:32,6.9,--,4,2760,卖盘,2017-06-29,2017-06-29 13:23:32
13:23:38,13:23:38,6.9,--,1,690,卖盘,2017-06-29,2017-06-29 13:23:38
13:23:41,13:23:41,6.9,--,29,20010,卖盘,2017-06-29,2017-06-29 13:23:41
13:24:02,13:24:02,6.9,--,5,3450,卖盘,2017-06-29,2017-06-29 13:24:02
13:24:05,13:24:05,6.9,--,20,13800,卖盘,2017-06-29,2017-06-29 13:24:05
13:24:20,13:24:20,6.9,--,3,2070,卖盘,2017-06-29,2017-06-29 13:24:20
13:24:23,13:24:23,6.9,--,2,1380,卖盘,2017-06-29,2017-06-29 13:24:23
13:24:29,13:24:29,6.9,--,26,17940,卖盘,2017-06-29,2017-06-29 13:24:29
13:24:38,13:24:38,6.9,--,4,2760,卖盘,2017-06-29,2017-06-29 13:24:38
13:24:44,13:24:44,6.9,--,93,64170,卖盘,2017-06-29,2017-06-29 13:24:44
13:25:11,13:25:11,6.9,--,5,3450,卖盘,2017-06-29,2017-06-29 13:25:11
13:25:35,13:25:35,6.9,--,10,6900,卖盘,2017-06-29,2017-06-29 13:25:35
13:25:53,13:25:53,6.9,--,2,1380,卖盘,2017-06-29,2017-06-29 13:25:53
13:26:02,13:26:02,6.9,--,5,3450,卖盘,2017-06-29,2017-06-29 13:26:02
13:26:35,13:26:35,6.9,--,20,13800,卖盘,2017-06-29,2017-06-29 13:26:35
13:27:17,13:27:17,6.9,--,40,27600,卖盘,2017-06-29,2017-06-29 13:27:17
13:27:41,13:27:41,6.9,--,6,4140,卖盘,2017-06-29,2017-06-29 13:27:41
13:27:53,13:27:53,6.9,--,10,6900,卖盘,2017-06-29,2017-06-29 13:27:53
13:28:05,13:28:05,6.9,--,52,35880,卖盘,2017-06-29,2017-06-29 13:28:05
13:28:14,13:28:14,6.9,--,10,6900,卖盘,2017-06-29,2017-06-29 13:28:14
13:28:17,13:28:17,6.9,--,15,10350,卖盘,2017-06-29,2017-06-29 13:28:17
13:28:58,13:28:58,6.9,--,25,17250,卖盘,2017-06-29,2017-06-29 13:28:58
13:29:10,13:29:10,6.9,--,133,91770,卖盘,2017-06-29,2017-06-29 13:29:10
13:29:19,13:29:19,6.9,--,50,34500,卖盘,2017-06-29,2017-06-29 13:29:19
13:29:37,13:29:37,6.9,--,5,3450,卖盘,2017-06-29,2017-06-29 13:29:37
13:29:40,13:29:40,6.9,--,1,690,卖盘,2017-06-29,2017-06-29 13:29:40
13:29:55,13:29:55,6.9,--,10,6900,卖盘,2017-06-29,2017-06-29 13:29:55
13:30:07,13:30:07,6.9,--,6,4140,卖盘,2017-06-29,2017-06-29 13:30:07
13:30:40,13:30:40,6.9,--,55,37950,卖盘,2017-06-29,2017-06-29 13:30:40
13:30:43,13:30:43,6.9,--,20,13800,卖盘,2017-06-29,2017-06-29 13:30:43
13:30:52,13:30:52,6.9,--,10,6900,卖盘,2017-06-29,2017-06-29 13:30:52
13:31:16,13:31:16,6.9,--,50,34500,卖盘,2017-06-29,2017-06-29 13:31:16
13:31:28,13:31:28,6.9,--,2,1380,卖盘,2017-06-29,2017-06-29 13:31:28
13:31:52,13:31:52,6.9,--,6,4140,卖盘,2017-06-29,2017-06-29 13:31:52
13:32:37,13:32:37,6.9,--,6,4140,卖盘,2017-06-29,2017-06-29 13:32:37
13:32:40,13:32:40,6.9,--,9,6210,卖盘,2017-06-29,2017-06-29 13:32:40
13:32:52,13:32:52,6.9,--,50,34500,卖盘,2017-06-29,2017-06-29 13:32:52
13:32:58,13:32:58,6.9,--,3,2070,卖盘,2017-06-29,2017-06-29 13:32:58
13:33:04,13:33:04,6.9,--,5,3450,卖盘,2017-06-29,2017-06-29 13:33:04
13:33:22,13:33:22,6.9,--,67,46230,卖盘,2017-06-29,2017-06-29 13:33:22
13:33:40,13:33:40,6.9,--,24,16560,卖盘,2017-06-29,2017-06-29 13:33:40
13:34:13,13:34:13,6.9,--,6,4140,卖盘,2017-06-29,2017-06-29 13:34:13
13:34:16,13:34:16,6.9,--,3,2070,卖盘,2017-06-29,2017-06-29 13:34:16
13:34:22,13:34:22,6.9,--,2,1380,卖盘,2017-06-29,2017-06-29 13:34:22
13:34:47,13:34:47,6.9,--,49,33810,卖盘,2017-06-29,2017-06-29 13:34:47
13:34:50,13:34:50,6.9,--,1,690,卖盘,2017-06-29,2017-06-29 13:34:50
13:34:56,13:34:56,6.9,--,6,4140,卖盘,2017-06-29,2017-06-29 13:34:56
13:35:05,13:35:05,6.9,--,5,3450,卖盘,2017-06-29,2017-06-29 13:35:05
13:35:14,13:35:14,6.9,--,10,6900,卖盘,2017-06-29,2017-06-29 13:35:14
13:35:23,13:35:23,6.9,--,10,6900,卖盘,2017-06-29,2017-06-29 13:35:23
13:35:35,13:35:35,6.9,--,1,690,卖盘,2017-06-29,2017-06-29 13:35:35
13:35:38,13:35:38,6.9,--,6,4140,卖盘,2017-06-29,2017-06-29 13:35:38
13:35:44,13:35:44,6.9,--,2,1380,卖盘,2017-06-29,2017-06-29 13:35:44
13:35:47,13:35:47,6.9,--,3,2070,卖盘,2017-06-29,2017-06-29 13:35:47
13:36:08,13:36:08,6.9,--,2,1380,卖盘,2017-06-29,2017-06-29 13:36:08
13:36:11,13:36:11,6.9,--,20,13800,卖盘,2017-06-29,2017-06-29 13:36:11
13:36:23,13:36:23,6.9,--,10,6900,卖盘,2017-06-29,2017-06-29 13:36:23
13:36:47,13:36:47,6.9,--,33,22770,卖盘,2017-06-29,2017-06-29 13:36:47
13:36:53,13:36:53,6.9,--,2,1380,卖盘,2017-06-29,2017-06-29 13:36:53
13:37:14,13:37:14,6.9,--,15,10350,卖盘,2017-06-29,2017-06-29 13:37:14
13:37:26,13:37:26,6.9,--,2,1380,卖盘,2017-06-29,2017-06-29 13:37:26
13:37:41,13:37:41,6.9,--,5,3450,卖盘,2017-06-29,2017-06-29 13:37:41
13:38:35,13:38:35,6.9,--,8,5520,卖盘,2017-06-29,2017-06-29 13:38:35
13:38:44,13:38:44,6.9,--,8,5520,卖盘,2017-06-29,2017-06-29 13:38:44
13:38:50,13:38:50,6.9,--,3,2070,卖盘,2017-06-29,2017-06-29 13:38:50
13:39:05,13:39:05,6.9,--,138,95220,卖盘,2017-06-29,2017-06-29 13:39:05
13:39:11,13:39:11,6.9,--,9,6210,卖盘,2017-06-29,2017-06-29 13:39:11
13:39:26,13:39:26,6.9,--,25,17250,卖盘,2017-06-29,2017-06-29 13:39:26
13:39:35,13:39:35,6.9,--,20,13800,卖盘,2017-06-29,2017-06-29 13:39:35
13:40:02,13:40:02,6.9,--,15,10350,卖盘,2017-06-29,2017-06-29 13:40:02
13:40:14,13:40:14,6.9,--,30,20700,卖盘,2017-06-29,2017-06-29 13:40:14
13:40:44,13:40:44,6.9,--,2,1380,卖盘,2017-06-29,2017-06-29 13:40:44
13:40:50,13:40:50,6.9,--,3,2070,卖盘,2017-06-29,2017-06-29 13:40:50
13:41:08,13:41:08,6.9,--,43,29670,卖盘,2017-06-29,2017-06-29 13:41:08
13:41:32,13:41:32,6.9,--,7,4830,卖盘,2017-06-29,2017-06-29 13:41:32
13:41:50,13:41:50,6.9,--,50,34500,卖盘,2017-06-29,2017-06-29 13:41:50
13:41:56,13:41:56,6.9,--,66,45540,卖盘,2017-06-29,2017-06-29 13:41:56
13:42:32,13:42:32,6.9,--,1,690,卖盘,2017-06-29,2017-06-29 13:42:32
13:42:35,13:42:35,6.9,--,12,8280,卖盘,2017-06-29,2017-06-29 13:42:35
13:42:38,13:42:38,6.9,--,1,690,卖盘,2017-06-29,2017-06-29 13:42:38
13:42:44,13:42:44,6.9,--,21,14490,卖盘,2017-06-29,2017-06-29 13:42:44
13:42:59,13:42:59,6.9,--,30,20700,卖盘,2017-06-29,2017-06-29 13:42:59
13:43:20,13:43:20,6.9,--,150,103500,卖盘,2017-06-29,2017-06-29 13:43:20
13:43:56,13:43:56,6.9,--,7,4830,卖盘,2017-06-29,2017-06-29 13:43:56
13:44:26,13:44:26,6.9,--,2,1380,卖盘,2017-06-29,2017-06-29 13:44:26
13:44:29,13:44:29,6.9,--,19,13110,卖盘,2017-06-29,2017-06-29 13:44:29
13:44:32,13:44:32,6.9,--,150,103500,卖盘,2017-06-29,2017-06-29 13:44:32
13:44:41,13:44:41,6.9,--,248,171120,卖盘,2017-06-29,2017-06-29 13:44:41
13:45:17,13:45:17,6.9,--,283,195270,卖盘,2017-06-29,2017-06-29 13:45:17
13:45:23,13:45:23,6.9,--,10,6900,卖盘,2017-06-29,2017-06-29 13:45:23
13:45:26,13:45:26,6.9,--,11,7590,卖盘,2017-06-29,2017-06-29 13:45:26
13:45:29,13:45:29,6.9,--,150,103500,卖盘,2017-06-29,2017-06-29 13:45:29
13:45:44,13:45:44,6.9,--,1,690,卖盘,2017-06-29,2017-06-29 13:45:44
13:46:17,13:46:17,6.9,--,14,9660,卖盘,2017-06-29,2017-06-29 13:46:17
13:46:20,13:46:20,6.9,--,2,1380,卖盘,2017-06-29,2017-06-29 13:46:20
13:46:38,13:46:38,6.9,--,3,2070,卖盘,2017-06-29,2017-06-29 13:46:38
13:47:20,13:47:20,6.9,--,3,2070,卖盘,2017-06-29,2017-06-29 13:47:20
13:47:41,13:47:41,6.9,--,60,41400,卖盘,2017-06-29,2017-06-29 13:47:41
13:48:13,13:48:13,6.9,--,200,138000,卖盘,2017-06-29,2017-06-29 13:48:13
13:48:16,13:48:16,6.9,--,3,2070,卖盘,2017-06-29,2017-06-29 13:48:16
13:48:43,13:48:43,6.9,--,5,3450,卖盘,2017-06-29,2017-06-29 13:48:43
13:49:07,13:49:07,6.9,--,100,69000,卖盘,2017-06-29,2017-06-29 13:49:07
13:49:25,13:49:25,6.9,--,30,20700,卖盘,2017-06-29,2017-06-29 13:49:25
13:49:46,13:49:46,6.9,--,50,34500,卖盘,2017-06-29,2017-06-29 13:49:46
13:50:01,13:50:01,6.9,--,7,4830,卖盘,2017-06-29,2017-06-29 13:50:01
13:50:07,13:50:07,6.9,--,2,1380,卖盘,2017-06-29,2017-06-29 13:50:07
13:50:16,13:50:16,6.9,--,8,5520,卖盘,2017-06-29,2017-06-29 13:50:16
13:50:58,13:50:58,6.9,--,39,26910,卖盘,2017-06-29,2017-06-29 13:50:58
13:51:19,13:51:19,6.9,--,7,4830,卖盘,2017-06-29,2017-06-29 13:51:19
13:51:22,13:51:22,6.9,--,10,6900,卖盘,2017-06-29,2017-06-29 13:51:22
13:52:04,13:52:04,6.9,--,2,1380,卖盘,2017-06-29,2017-06-29 13:52:04
13:53:05,13:53:05,6.9,--,5,3450,卖盘,2017-06-29,2017-06-29 13:53:05
13:53:20,13:53:20,6.9,--,5,3450,卖盘,2017-06-29,2017-06-29 13:53:20
13:53:25,13:53:25,6.9,--,15,10350,卖盘,2017-06-29,2017-06-29 13:53:25
13:53:47,13:53:47,6.9,--,1,690,卖盘,2017-06-29,2017-06-29 13:53:47
13:53:56,13:53:56,6.9,--,12,8280,卖盘,2017-06-29,2017-06-29 13:53:56
13:54:26,13:54:26,6.9,--,3,2070,卖盘,2017-06-29,2017-06-29 13:54:26
13:54:53,13:54:53,6.9,--,5,3450,卖盘,2017-06-29,2017-06-29 13:54:53
13:55:44,13:55:44,6.9,--,3,2070,卖盘,2017-06-29,2017-06-29 13:55:44
13:56:02,13:56:02,6.9,--,95,65550,卖盘,2017-06-29,2017-06-29 13:56:02
13:57:35,13:57:35,6.9,--,2,1380,卖盘,2017-06-29,2017-06-29 13:57:35
13:57:47,13:57:47,6.9,--,34,23460,卖盘,2017-06-29,2017-06-29 13:57:47
13:57:59,13:57:59,6.9,--,16,11040,卖盘,2017-06-29,2017-06-29 13:57:59
13:58:23,13:58:23,6.9,--,4,2760,卖盘,2017-06-29,2017-06-29 13:58:23
13:58:56,13:58:56,6.9,--,50,34500,卖盘,2017-06-29,2017-06-29 13:58:56
13:59:29,13:59:29,6.9,--,2,1380,卖盘,2017-06-29,2017-06-29 13:59:29
13:59:44,13:59:44,6.9,--,10,6900,卖盘,2017-06-29,2017-06-29 13:59:44
14:00:08,14:00:08,6.9,--,64,44160,卖盘,2017-06-29,2017-06-29 14:00:08
14:00:11,14:00:11,6.9,--,20,13800,卖盘,2017-06-29,2017-06-29 14:00:11
14:01:08,14:01:08,6.9,--,1,690,卖盘,2017-06-29,2017-06-29 14:01:08
14:01:26,14:01:26,6.9,--,32,22080,卖盘,2017-06-29,2017-06-29 14:01:26
14:01:48,14:01:48,6.9,--,270,186300,卖盘,2017-06-29,2017-06-29 14:01:48
14:02:36,14:02:36,6.9,--,15,10350,卖盘,2017-06-29,2017-06-29 14:02:36
14:02:56,14:02:56,6.9,--,3,2070,卖盘,2017-06-29,2017-06-29 14:02:56
14:03:15,14:03:15,6.9,--,15,10350,卖盘,2017-06-29,2017-06-29 14:03:15
14:03:18,14:03:18,6.9,--,2,1380,卖盘,2017-06-29,2017-06-29 14:03:18
14:03:30,14:03:30,6.9,--,50,34500,卖盘,2017-06-29,2017-06-29 14:03:30
14:03:36,14:03:36,6.9,--,10,6900,卖盘,2017-06-29,2017-06-29 14:03:36
14:03:45,14:03:45,6.9,--,10,6900,卖盘,2017-06-29,2017-06-29 14:03:45
14:03:57,14:03:57,6.9,--,50,34500,卖盘,2017-06-29,2017-06-29 14:03:57
14:04:12,14:04:12,6.9,--,20,13800,卖盘,2017-06-29,2017-06-29 14:04:12
14:04:51,14:04:51,6.9,--,10,6900,卖盘,2017-06-29,2017-06-29 14:04:51
14:05:09,14:05:09,6.9,--,10,6900,卖盘,2017-06-29,2017-06-29 14:05:09
14:05:12,14:05:12,6.9,--,3,2070,卖盘,2017-06-29,2017-06-29 14:05:12
14:05:27,14:05:27,6.9,--,100,69000,卖盘,2017-06-29,2017-06-29 14:05:27
14:05:30,14:05:30,6.9,--,20,13800,卖盘,2017-06-29,2017-06-29 14:05:30
14:05:48,14:05:48,6.9,--,9,6210,卖盘,2017-06-29,2017-06-29 14:05:48
14:05:54,14:05:54,6.9,--,12,8280,卖盘,2017-06-29,2017-06-29 14:05:54
14:06:36,14:06:36,6.9,--,4,2760,卖盘,2017-06-29,2017-06-29 14:06:36
14:07:09,14:07:09,6.9,--,2,1380,卖盘,2017-06-29,2017-06-29 14:07:09
14:07:33,14:07:33,6.9,--,4,2760,卖盘,2017-06-29,2017-06-29 14:07:33
14:08:10,14:08:10,6.9,--,5,3450,卖盘,2017-06-29,2017-06-29 14:08:10
14:08:16,14:08:16,6.9,--,27,18630,卖盘,2017-06-29,2017-06-29 14:08:16
14:08:31,14:08:31,6.9,--,20,13800,卖盘,2017-06-29,2017-06-29 14:08:31
14:08:52,14:08:52,6.9,--,2,1380,卖盘,2017-06-29,2017-06-29 14:08:52
14:09:19,14:09:19,6.9,--,6,4140,卖盘,2017-06-29,2017-06-29 14:09:19
14:09:37,14:09:37,6.9,--,15,10350,卖盘,2017-06-29,2017-06-29 14:09:37
14:10:04,14:10:04,6.9,--,45,31050,卖盘,2017-06-29,2017-06-29 14:10:04
14:10:07,14:10:07,6.9,--,1,690,卖盘,2017-06-29,2017-06-29 14:10:07
14:10:10,14:10:10,6.9,--,2,1380,卖盘,2017-06-29,2017-06-29 14:10:10
14:10:19,14:10:19,6.9,--,1,690,卖盘,2017-06-29,2017-06-29 14:10:19
