idx_time,time,price,change,volume,amount,type,date,date_time
09:25:03,09:25:03,6.69,6.69,15615,10446435,买盘,2017-08-01,2017-08-01 09:25:03
09:29:03,09:29:03,6.69,--,0,0,卖盘,2017-08-01,2017-08-01 09:29:03
09:30:02,09:30:02,6.85,0.16,16817,11519645,卖盘,2017-08-01,2017-08-01 09:30:02
09:30:05,09:30:05,6.85,--,16959,11616915,卖盘,2017-08-01,2017-08-01 09:30:05
09:30:08,09:30:08,6.85,--,4578,3135930,卖盘,2017-08-01,2017-08-01 09:30:08
09:30:11,09:30:11,6.85,--,2266,1552210,卖盘,2017-08-01,2017-08-01 09:30:11
09:30:14,09:30:14,6.85,--,3367,2306395,卖盘,2017-08-01,2017-08-01 09:30:14
09:30:17,09:30:17,6.85,--,1408,964480,卖盘,2017-08-01,2017-08-01 09:30:17
09:30:20,09:30:20,6.85,--,2938,2012530,卖盘,2017-08-01,2017-08-01 09:30:20
09:30:23,09:30:23,6.85,--,617,422645,卖盘,2017-08-01,2017-08-01 09:30:23
09:30:26,09:30:26,6.85,--,1556,1065860,卖盘,2017-08-01,2017-08-01 09:30:26
09:30:29,09:30:29,6.85,--,477,326745,卖盘,2017-08-01,2017-08-01 09:30:29
09:30:32,09:30:32,6.85,--,1538,1053530,卖盘,2017-08-01,2017-08-01 09:30:32
09:30:35,09:30:35,6.85,--,510,349350,卖盘,2017-08-01,2017-08-01 09:30:35
09:30:38,09:30:38,6.85,--,368,252080,卖盘,2017-08-01,2017-08-01 09:30:38
09:30:41,09:30:41,6.85,--,822,563070,卖盘,2017-08-01,2017-08-01 09:30:41
09:30:44,09:30:44,6.85,--,436,298660,卖盘,2017-08-01,2017-08-01 09:30:44
09:30:47,09:30:47,6.85,--,437,299345,卖盘,2017-08-01,2017-08-01 09:30:47
09:30:50,09:30:50,6.85,--,370,253450,卖盘,2017-08-01,2017-08-01 09:30:50
09:30:53,09:30:53,6.85,--,514,352090,卖盘,2017-08-01,2017-08-01 09:30:53
09:30:56,09:30:56,6.85,--,369,252765,卖盘,2017-08-01,2017-08-01 09:30:56
09:30:59,09:30:59,6.85,--,402,275370,卖盘,2017-08-01,2017-08-01 09:30:59
09:31:02,09:31:02,6.85,--,289,197965,卖盘,2017-08-01,2017-08-01 09:31:02
09:31:05,09:31:05,6.85,--,912,624720,卖盘,2017-08-01,2017-08-01 09:31:05
09:31:08,09:31:08,6.85,--,790,541150,卖盘,2017-08-01,2017-08-01 09:31:08
09:31:11,09:31:11,6.85,--,323,221255,卖盘,2017-08-01,2017-08-01 09:31:11
09:31:14,09:31:14,6.85,--,54,36990,卖盘,2017-08-01,2017-08-01 09:31:14
09:31:17,09:31:17,6.85,--,256,175360,卖盘,2017-08-01,2017-08-01 09:31:17
09:31:20,09:31:20,6.85,--,368,252080,卖盘,2017-08-01,2017-08-01 09:31:20
09:31:23,09:31:23,6.85,--,118,80830,卖盘,2017-08-01,2017-08-01 09:31:23
09:31:26,09:31:26,6.85,--,250,171250,卖盘,2017-08-01,2017-08-01 09:31:26
09:31:29,09:31:29,6.85,--,210,143850,卖盘,2017-08-01,2017-08-01 09:31:29
09:31:32,09:31:32,6.85,--,227,155495,卖盘,2017-08-01,2017-08-01 09:31:32
09:31:35,09:31:35,6.85,--,395,270575,卖盘,2017-08-01,2017-08-01 09:31:35
09:31:38,09:31:38,6.85,--,146,100010,卖盘,2017-08-01,2017-08-01 09:31:38
09:31:41,09:31:41,6.85,--,217,148645,卖盘,2017-08-01,2017-08-01 09:31:41
09:31:44,09:31:44,6.85,--,126,86310,卖盘,2017-08-01,2017-08-01 09:31:44
09:31:47,09:31:47,6.85,--,362,247970,卖盘,2017-08-01,2017-08-01 09:31:47
09:31:50,09:31:50,6.85,--,145,99325,卖盘,2017-08-01,2017-08-01 09:31:50
09:31:53,09:31:53,6.85,--,378,258930,卖盘,2017-08-01,2017-08-01 09:31:53
09:31:56,09:31:56,6.85,--,214,146590,卖盘,2017-08-01,2017-08-01 09:31:56
09:31:59,09:31:59,6.85,--,185,126725,卖盘,2017-08-01,2017-08-01 09:31:59
09:32:02,09:32:02,6.85,--,259,177415,卖盘,2017-08-01,2017-08-01 09:32:02
09:32:05,09:32:05,6.85,--,172,117820,卖盘,2017-08-01,2017-08-01 09:32:05
09:32:08,09:32:08,6.85,--,196,134260,卖盘,2017-08-01,2017-08-01 09:32:08
09:32:11,09:32:11,6.85,--,40,27400,卖盘,2017-08-01,2017-08-01 09:32:11
09:32:14,09:32:14,6.85,--,1030,705550,卖盘,2017-08-01,2017-08-01 09:32:14
09:32:17,09:32:17,6.85,--,69,47265,卖盘,2017-08-01,2017-08-01 09:32:17
09:32:20,09:32:20,6.85,--,309,211665,卖盘,2017-08-01,2017-08-01 09:32:20
09:32:23,09:32:23,6.85,--,82,56170,卖盘,2017-08-01,2017-08-01 09:32:23
09:32:26,09:32:26,6.85,--,423,289755,卖盘,2017-08-01,2017-08-01 09:32:26
09:32:29,09:32:29,6.85,--,98,67130,卖盘,2017-08-01,2017-08-01 09:32:29
09:32:32,09:32:32,6.85,--,112,76720,卖盘,2017-08-01,2017-08-01 09:32:32
09:32:35,09:32:35,6.85,--,209,143165,卖盘,2017-08-01,2017-08-01 09:32:35
09:32:38,09:32:38,6.85,--,231,158235,卖盘,2017-08-01,2017-08-01 09:32:38
09:32:41,09:32:41,6.85,--,125,85625,卖盘,2017-08-01,2017-08-01 09:32:41
09:32:44,09:32:44,6.85,--,35,23975,卖盘,2017-08-01,2017-08-01 09:32:44
09:32:47,09:32:47,6.85,--,78,53430,卖盘,2017-08-01,2017-08-01 09:32:47
09:32:50,09:32:50,6.85,--,101,69185,卖盘,2017-08-01,2017-08-01 09:32:50
09:32:53,09:32:53,6.85,--,1308,895980,卖盘,2017-08-01,2017-08-01 09:32:53
09:32:56,09:32:56,6.85,--,122,83570,卖盘,2017-08-01,2017-08-01 09:32:56
09:32:59,09:32:59,6.85,--,132,90420,卖盘,2017-08-01,2017-08-01 09:32:59
09:33:02,09:33:02,6.85,--,962,658970,卖盘,2017-08-01,2017-08-01 09:33:02
09:33:05,09:33:05,6.85,--,144,98640,卖盘,2017-08-01,2017-08-01 09:33:05
09:33:08,09:33:08,6.85,--,96,65760,卖盘,2017-08-01,2017-08-01 09:33:08
09:33:11,09:33:11,6.85,--,41,28085,卖盘,2017-08-01,2017-08-01 09:33:11
09:33:14,09:33:14,6.85,--,15,10275,卖盘,2017-08-01,2017-08-01 09:33:14
09:33:17,09:33:17,6.85,--,44,30140,卖盘,2017-08-01,2017-08-01 09:33:17
09:33:20,09:33:20,6.85,--,123,84255,卖盘,2017-08-01,2017-08-01 09:33:20
09:33:23,09:33:23,6.85,--,377,258245,卖盘,2017-08-01,2017-08-01 09:33:23
09:33:26,09:33:26,6.85,--,317,217145,卖盘,2017-08-01,2017-08-01 09:33:26
09:33:29,09:33:29,6.85,--,171,117135,卖盘,2017-08-01,2017-08-01 09:33:29
09:33:32,09:33:32,6.85,--,168,115080,卖盘,2017-08-01,2017-08-01 09:33:32
09:33:35,09:33:35,6.85,--,42,28770,卖盘,2017-08-01,2017-08-01 09:33:35
09:33:38,09:33:38,6.85,--,159,108915,卖盘,2017-08-01,2017-08-01 09:33:38
09:33:41,09:33:41,6.85,--,80,54800,卖盘,2017-08-01,2017-08-01 09:33:41
09:33:44,09:33:44,6.85,--,98,67130,卖盘,2017-08-01,2017-08-01 09:33:44
09:33:47,09:33:47,6.85,--,104,71240,卖盘,2017-08-01,2017-08-01 09:33:47
09:33:50,09:33:50,6.85,--,345,236325,卖盘,2017-08-01,2017-08-01 09:33:50
09:33:53,09:33:53,6.85,--,16,10960,卖盘,2017-08-01,2017-08-01 09:33:53
09:33:56,09:33:56,6.85,--,39,26715,卖盘,2017-08-01,2017-08-01 09:33:56
09:33:59,09:33:59,6.85,--,151,103435,卖盘,2017-08-01,2017-08-01 09:33:59
09:34:02,09:34:02,6.85,--,283,194115,卖盘,2017-08-01,2017-08-01 09:34:02
09:34:05,09:34:05,6.85,--,2106,1442610,卖盘,2017-08-01,2017-08-01 09:34:05
09:34:08,09:34:08,6.85,--,81,55485,卖盘,2017-08-01,2017-08-01 09:34:08
09:34:11,09:34:11,6.85,--,266,182210,卖盘,2017-08-01,2017-08-01 09:34:11
09:34:14,09:34:14,6.85,--,637,436345,卖盘,2017-08-01,2017-08-01 09:34:14
09:34:17,09:34:17,6.85,--,26,17810,卖盘,2017-08-01,2017-08-01 09:34:17
09:34:20,09:34:20,6.85,--,115,78775,卖盘,2017-08-01,2017-08-01 09:34:20
09:34:23,09:34:23,6.85,--,143,97955,卖盘,2017-08-01,2017-08-01 09:34:23
09:34:26,09:34:26,6.85,--,28,19180,卖盘,2017-08-01,2017-08-01 09:34:26
09:34:29,09:34:29,6.85,--,142,97270,卖盘,2017-08-01,2017-08-01 09:34:29
09:34:32,09:34:32,6.85,--,115,78775,卖盘,2017-08-01,2017-08-01 09:34:32
09:34:35,09:34:35,6.85,--,127,86995,卖盘,2017-08-01,2017-08-01 09:34:35
09:34:38,09:34:38,6.85,--,70,47950,卖盘,2017-08-01,2017-08-01 09:34:38
09:34:42,09:34:42,6.85,--,119,81515,卖盘,2017-08-01,2017-08-01 09:34:42
09:34:45,09:34:45,6.85,--,618,423330,卖盘,2017-08-01,2017-08-01 09:34:45
09:34:48,09:34:48,6.85,--,53,36305,卖盘,2017-08-01,2017-08-01 09:34:48
09:34:51,09:34:51,6.85,--,148,101380,卖盘,2017-08-01,2017-08-01 09:34:51
09:34:54,09:34:54,6.85,--,167,114395,卖盘,2017-08-01,2017-08-01 09:34:54
09:34:57,09:34:57,6.85,--,68,46580,卖盘,2017-08-01,2017-08-01 09:34:57
09:35:00,09:35:00,6.85,--,230,157550,卖盘,2017-08-01,2017-08-01 09:35:00
09:35:03,09:35:03,6.85,--,57,39045,卖盘,2017-08-01,2017-08-01 09:35:03
09:35:06,09:35:06,6.85,--,111,76035,卖盘,2017-08-01,2017-08-01 09:35:06
09:35:09,09:35:09,6.85,--,260,178100,卖盘,2017-08-01,2017-08-01 09:35:09
09:35:12,09:35:12,6.85,--,263,180155,卖盘,2017-08-01,2017-08-01 09:35:12
09:35:15,09:35:15,6.85,--,55,37675,卖盘,2017-08-01,2017-08-01 09:35:15
09:35:18,09:35:18,6.85,--,118,80830,卖盘,2017-08-01,2017-08-01 09:35:18
09:35:21,09:35:21,6.85,--,23,15755,卖盘,2017-08-01,2017-08-01 09:35:21
09:35:24,09:35:24,6.85,--,510,349350,卖盘,2017-08-01,2017-08-01 09:35:24
09:35:27,09:35:27,6.85,--,115,78775,卖盘,2017-08-01,2017-08-01 09:35:27
09:35:30,09:35:30,6.85,--,293,200705,卖盘,2017-08-01,2017-08-01 09:35:30
09:35:33,09:35:33,6.85,--,146,100010,卖盘,2017-08-01,2017-08-01 09:35:33
09:35:36,09:35:36,6.85,--,585,400725,卖盘,2017-08-01,2017-08-01 09:35:36
09:35:39,09:35:39,6.85,--,83,56855,卖盘,2017-08-01,2017-08-01 09:35:39
09:35:42,09:35:42,6.85,--,444,304140,卖盘,2017-08-01,2017-08-01 09:35:42
09:35:45,09:35:45,6.85,--,95,65075,卖盘,2017-08-01,2017-08-01 09:35:45
09:35:48,09:35:48,6.85,--,756,517860,卖盘,2017-08-01,2017-08-01 09:35:48
09:35:51,09:35:51,6.85,--,35,23975,卖盘,2017-08-01,2017-08-01 09:35:51
09:35:54,09:35:54,6.85,--,231,158235,卖盘,2017-08-01,2017-08-01 09:35:54
09:35:57,09:35:57,6.85,--,257,176045,卖盘,2017-08-01,2017-08-01 09:35:57
09:36:00,09:36:00,6.85,--,804,550740,卖盘,2017-08-01,2017-08-01 09:36:00
09:36:03,09:36:03,6.85,--,30,20550,卖盘,2017-08-01,2017-08-01 09:36:03
09:36:06,09:36:06,6.85,--,96,65760,卖盘,2017-08-01,2017-08-01 09:36:06
09:36:09,09:36:09,6.85,--,162,110970,卖盘,2017-08-01,2017-08-01 09:36:09
09:36:12,09:36:12,6.85,--,512,350720,卖盘,2017-08-01,2017-08-01 09:36:12
09:36:15,09:36:15,6.85,--,30,20550,卖盘,2017-08-01,2017-08-01 09:36:15
09:36:18,09:36:18,6.85,--,52,35620,卖盘,2017-08-01,2017-08-01 09:36:18
09:36:21,09:36:21,6.85,--,60,41100,卖盘,2017-08-01,2017-08-01 09:36:21
09:36:24,09:36:24,6.85,--,45,30825,卖盘,2017-08-01,2017-08-01 09:36:24
09:36:27,09:36:27,6.85,--,603,413055,卖盘,2017-08-01,2017-08-01 09:36:27
09:36:30,09:36:30,6.85,--,109,74665,卖盘,2017-08-01,2017-08-01 09:36:30
09:36:33,09:36:33,6.85,--,1825,1250125,卖盘,2017-08-01,2017-08-01 09:36:33
09:36:36,09:36:36,6.85,--,631,432235,卖盘,2017-08-01,2017-08-01 09:36:36
09:36:39,09:36:39,6.85,--,157,107545,卖盘,2017-08-01,2017-08-01 09:36:39
09:36:42,09:36:42,6.85,--,59,40415,卖盘,2017-08-01,2017-08-01 09:36:42
09:36:45,09:36:45,6.85,--,49,33565,卖盘,2017-08-01,2017-08-01 09:36:45
09:36:48,09:36:48,6.85,--,27,18495,卖盘,2017-08-01,2017-08-01 09:36:48
09:36:51,09:36:51,6.85,--,75,51375,卖盘,2017-08-01,2017-08-01 09:36:51
09:36:54,09:36:54,6.85,--,232,158920,卖盘,2017-08-01,2017-08-01 09:36:54
09:36:57,09:36:57,6.85,--,41,28085,卖盘,2017-08-01,2017-08-01 09:36:57
09:37:00,09:37:00,6.85,--,20,13700,卖盘,2017-08-01,2017-08-01 09:37:00
09:37:03,09:37:03,6.85,--,174,119190,卖盘,2017-08-01,2017-08-01 09:37:03
09:37:06,09:37:06,6.85,--,306,209610,卖盘,2017-08-01,2017-08-01 09:37:06
09:37:09,09:37:09,6.85,--,319,218515,卖盘,2017-08-01,2017-08-01 09:37:09
09:37:12,09:37:12,6.85,--,720,493200,卖盘,2017-08-01,2017-08-01 09:37:12
09:37:15,09:37:15,6.85,--,45,30825,卖盘,2017-08-01,2017-08-01 09:37:15
09:37:18,09:37:18,6.85,--,65,44525,卖盘,2017-08-01,2017-08-01 09:37:18
09:37:21,09:37:21,6.85,--,55,37675,卖盘,2017-08-01,2017-08-01 09:37:21
09:37:24,09:37:24,6.85,--,163,111655,卖盘,2017-08-01,2017-08-01 09:37:24
09:37:27,09:37:27,6.85,--,1063,728155,卖盘,2017-08-01,2017-08-01 09:37:27
09:37:30,09:37:30,6.85,--,152,104120,卖盘,2017-08-01,2017-08-01 09:37:30
09:37:33,09:37:33,6.85,--,33,22605,卖盘,2017-08-01,2017-08-01 09:37:33
09:37:36,09:37:36,6.85,--,6,4110,卖盘,2017-08-01,2017-08-01 09:37:36
09:37:39,09:37:39,6.85,--,177,121245,卖盘,2017-08-01,2017-08-01 09:37:39
09:37:42,09:37:42,6.85,--,131,89735,卖盘,2017-08-01,2017-08-01 09:37:42
09:37:45,09:37:45,6.85,--,20,13700,卖盘,2017-08-01,2017-08-01 09:37:45
09:37:48,09:37:48,6.85,--,700,479500,卖盘,2017-08-01,2017-08-01 09:37:48
09:37:51,09:37:51,6.85,--,21,14385,卖盘,2017-08-01,2017-08-01 09:37:51
09:37:54,09:37:54,6.85,--,24,16440,卖盘,2017-08-01,2017-08-01 09:37:54
09:37:57,09:37:57,6.85,--,57,39045,卖盘,2017-08-01,2017-08-01 09:37:57
09:38:00,09:38:00,6.85,--,141,96585,卖盘,2017-08-01,2017-08-01 09:38:00
09:38:03,09:38:03,6.85,--,65,44525,卖盘,2017-08-01,2017-08-01 09:38:03
09:38:06,09:38:06,6.85,--,701,480185,卖盘,2017-08-01,2017-08-01 09:38:06
09:38:09,09:38:09,6.85,--,755,517175,卖盘,2017-08-01,2017-08-01 09:38:09
09:38:12,09:38:12,6.85,--,103,70555,卖盘,2017-08-01,2017-08-01 09:38:12
09:38:15,09:38:15,6.85,--,156,106860,卖盘,2017-08-01,2017-08-01 09:38:15
09:38:18,09:38:18,6.85,--,411,281535,卖盘,2017-08-01,2017-08-01 09:38:18
09:38:21,09:38:21,6.85,--,44,30140,卖盘,2017-08-01,2017-08-01 09:38:21
09:38:24,09:38:24,6.85,--,86,58910,卖盘,2017-08-01,2017-08-01 09:38:24
09:38:27,09:38:27,6.85,--,69,47265,卖盘,2017-08-01,2017-08-01 09:38:27
09:38:30,09:38:30,6.85,--,78,53430,卖盘,2017-08-01,2017-08-01 09:38:30
09:38:33,09:38:33,6.85,--,46,31510,卖盘,2017-08-01,2017-08-01 09:38:33
09:38:36,09:38:36,6.85,--,320,219200,卖盘,2017-08-01,2017-08-01 09:38:36
09:38:39,09:38:39,6.85,--,16,10960,卖盘,2017-08-01,2017-08-01 09:38:39
09:38:42,09:38:42,6.85,--,246,168510,卖盘,2017-08-01,2017-08-01 09:38:42
09:38:45,09:38:45,6.85,--,159,108915,卖盘,2017-08-01,2017-08-01 09:38:45
09:38:48,09:38:48,6.85,--,120,82200,卖盘,2017-08-01,2017-08-01 09:38:48
09:38:51,09:38:51,6.85,--,55,37675,卖盘,2017-08-01,2017-08-01 09:38:51
09:38:54,09:38:54,6.85,--,383,262355,卖盘,2017-08-01,2017-08-01 09:38:54
09:38:57,09:38:57,6.85,--,43,29455,卖盘,2017-08-01,2017-08-01 09:38:57
09:39:00,09:39:00,6.85,--,80,54800,卖盘,2017-08-01,2017-08-01 09:39:00
09:39:03,09:39:03,6.85,--,109,74665,卖盘,2017-08-01,2017-08-01 09:39:03
09:39:06,09:39:06,6.85,--,44,30140,卖盘,2017-08-01,2017-08-01 09:39:06
09:39:09,09:39:09,6.85,--,291,199335,卖盘,2017-08-01,2017-08-01 09:39:09
09:39:12,09:39:12,6.85,--,112,76720,卖盘,2017-08-01,2017-08-01 09:39:12
09:39:15,09:39:15,6.85,--,415,284275,卖盘,2017-08-01,2017-08-01 09:39:15
09:39:18,09:39:18,6.85,--,27,18495,卖盘,2017-08-01,2017-08-01 09:39:18
09:39:21,09:39:21,6.85,--,76,52060,卖盘,2017-08-01,2017-08-01 09:39:21
09:39:24,09:39:24,6.85,--,109,74665,卖盘,2017-08-01,2017-08-01 09:39:24
09:39:27,09:39:27,6.85,--,10,6850,卖盘,2017-08-01,2017-08-01 09:39:27
09:39:30,09:39:30,6.85,--,25,17125,卖盘,2017-08-01,2017-08-01 09:39:30
09:39:33,09:39:33,6.85,--,49,33565,卖盘,2017-08-01,2017-08-01 09:39:33
09:39:36,09:39:36,6.85,--,302,206870,卖盘,2017-08-01,2017-08-01 09:39:36
09:39:39,09:39:39,6.85,--,30,20550,卖盘,2017-08-01,2017-08-01 09:39:39
09:39:42,09:39:42,6.85,--,38,26030,卖盘,2017-08-01,2017-08-01 09:39:42
09:39:45,09:39:45,6.85,--,15,10275,卖盘,2017-08-01,2017-08-01 09:39:45
09:39:48,09:39:48,6.85,--,136,93160,卖盘,2017-08-01,2017-08-01 09:39:48
09:39:51,09:39:51,6.85,--,175,119875,卖盘,2017-08-01,2017-08-01 09:39:51
09:39:54,09:39:54,6.85,--,10,6850,卖盘,2017-08-01,2017-08-01 09:39:54
09:39:57,09:39:57,6.85,--,21,14385,卖盘,2017-08-01,2017-08-01 09:39:57
09:40:00,09:40:00,6.85,--,47,32195,卖盘,2017-08-01,2017-08-01 09:40:00
09:40:03,09:40:03,6.85,--,125,85625,卖盘,2017-08-01,2017-08-01 09:40:03
09:40:06,09:40:06,6.85,--,32,21920,卖盘,2017-08-01,2017-08-01 09:40:06
09:40:09,09:40:09,6.85,--,218,149330,卖盘,2017-08-01,2017-08-01 09:40:09
09:40:12,09:40:12,6.85,--,27,18495,卖盘,2017-08-01,2017-08-01 09:40:12
09:40:15,09:40:15,6.85,--,8,5480,卖盘,2017-08-01,2017-08-01 09:40:15
09:40:18,09:40:18,6.85,--,20,13700,卖盘,2017-08-01,2017-08-01 09:40:18
09:40:22,09:40:22,6.85,--,16,10960,卖盘,2017-08-01,2017-08-01 09:40:22
09:40:25,09:40:25,6.85,--,67,45895,卖盘,2017-08-01,2017-08-01 09:40:25
09:40:28,09:40:28,6.85,--,115,78775,卖盘,2017-08-01,2017-08-01 09:40:28
09:40:31,09:40:31,6.85,--,33,22605,卖盘,2017-08-01,2017-08-01 09:40:31
09:40:34,09:40:34,6.85,--,92,63020,卖盘,2017-08-01,2017-08-01 09:40:34
09:40:37,09:40:37,6.85,--,4293,2940705,卖盘,2017-08-01,2017-08-01 09:40:37
09:40:43,09:40:43,6.85,--,13,8905,卖盘,2017-08-01,2017-08-01 09:40:43
09:40:45,09:40:45,6.85,--,419,287015,卖盘,2017-08-01,2017-08-01 09:40:45
09:40:49,09:40:49,6.85,--,109,74665,卖盘,2017-08-01,2017-08-01 09:40:49
09:40:52,09:40:52,6.85,--,10,6850,卖盘,2017-08-01,2017-08-01 09:40:52
09:40:55,09:40:55,6.85,--,65,44525,卖盘,2017-08-01,2017-08-01 09:40:55
09:40:58,09:40:58,6.85,--,1405,962425,卖盘,2017-08-01,2017-08-01 09:40:58
09:41:01,09:41:01,6.85,--,71,48635,卖盘,2017-08-01,2017-08-01 09:41:01
09:41:04,09:41:04,6.85,--,166,113710,卖盘,2017-08-01,2017-08-01 09:41:04
09:41:07,09:41:07,6.85,--,205,140425,卖盘,2017-08-01,2017-08-01 09:41:07
09:41:10,09:41:10,6.85,--,420,287700,卖盘,2017-08-01,2017-08-01 09:41:10
09:41:13,09:41:13,6.85,--,196,134260,卖盘,2017-08-01,2017-08-01 09:41:13
09:41:16,09:41:16,6.85,--,131,89735,卖盘,2017-08-01,2017-08-01 09:41:16
09:41:19,09:41:19,6.85,--,2381,1630985,卖盘,2017-08-01,2017-08-01 09:41:19
09:41:22,09:41:22,6.85,--,898,615130,卖盘,2017-08-01,2017-08-01 09:41:22
09:41:25,09:41:25,6.85,--,201,137685,卖盘,2017-08-01,2017-08-01 09:41:25
09:41:28,09:41:28,6.85,--,1077,737745,卖盘,2017-08-01,2017-08-01 09:41:28
09:41:31,09:41:31,6.85,--,636,435660,卖盘,2017-08-01,2017-08-01 09:41:31
09:41:34,09:41:34,6.85,--,715,489775,卖盘,2017-08-01,2017-08-01 09:41:34
09:41:37,09:41:37,6.85,--,213,145905,卖盘,2017-08-01,2017-08-01 09:41:37
09:41:40,09:41:40,6.85,--,1385,948725,卖盘,2017-08-01,2017-08-01 09:41:40
09:41:43,09:41:43,6.85,--,133,91105,卖盘,2017-08-01,2017-08-01 09:41:43
09:41:46,09:41:46,6.85,--,385,263725,卖盘,2017-08-01,2017-08-01 09:41:46
09:41:49,09:41:49,6.85,--,62,42470,卖盘,2017-08-01,2017-08-01 09:41:49
09:41:52,09:41:52,6.85,--,514,352090,卖盘,2017-08-01,2017-08-01 09:41:52
09:41:55,09:41:55,6.85,--,178,121930,卖盘,2017-08-01,2017-08-01 09:41:55
09:41:58,09:41:58,6.85,--,243,166455,卖盘,2017-08-01,2017-08-01 09:41:58
09:42:01,09:42:01,6.85,--,129,88365,卖盘,2017-08-01,2017-08-01 09:42:01
09:42:04,09:42:04,6.85,--,655,448675,卖盘,2017-08-01,2017-08-01 09:42:04
09:42:07,09:42:07,6.85,--,148,101380,卖盘,2017-08-01,2017-08-01 09:42:07
09:42:10,09:42:10,6.85,--,105,71925,卖盘,2017-08-01,2017-08-01 09:42:10
09:42:13,09:42:13,6.85,--,191,130835,卖盘,2017-08-01,2017-08-01 09:42:13
09:42:16,09:42:16,6.85,--,129,88365,卖盘,2017-08-01,2017-08-01 09:42:16
09:42:19,09:42:19,6.85,--,10,6850,卖盘,2017-08-01,2017-08-01 09:42:19
09:42:22,09:42:22,6.85,--,103,70555,卖盘,2017-08-01,2017-08-01 09:42:22
09:42:25,09:42:25,6.85,--,52,35620,卖盘,2017-08-01,2017-08-01 09:42:25
09:42:28,09:42:28,6.85,--,254,173990,卖盘,2017-08-01,2017-08-01 09:42:28
09:42:31,09:42:31,6.85,--,17,11645,卖盘,2017-08-01,2017-08-01 09:42:31
09:42:34,09:42:34,6.85,--,139,95215,卖盘,2017-08-01,2017-08-01 09:42:34
09:42:37,09:42:37,6.85,--,1,685,卖盘,2017-08-01,2017-08-01 09:42:37
09:42:40,09:42:40,6.85,--,5,3425,卖盘,2017-08-01,2017-08-01 09:42:40
09:42:43,09:42:43,6.85,--,125,85625,卖盘,2017-08-01,2017-08-01 09:42:43
09:42:46,09:42:46,6.85,--,120,82200,卖盘,2017-08-01,2017-08-01 09:42:46
09:42:49,09:42:49,6.85,--,94,64390,卖盘,2017-08-01,2017-08-01 09:42:49
09:42:52,09:42:52,6.85,--,41,28085,卖盘,2017-08-01,2017-08-01 09:42:52
09:42:55,09:42:55,6.85,--,87,59595,卖盘,2017-08-01,2017-08-01 09:42:55
09:42:58,09:42:58,6.85,--,207,141795,卖盘,2017-08-01,2017-08-01 09:42:58
09:43:01,09:43:01,6.85,--,10,6850,卖盘,2017-08-01,2017-08-01 09:43:01
09:43:04,09:43:04,6.85,--,58,39730,卖盘,2017-08-01,2017-08-01 09:43:04
09:43:07,09:43:07,6.85,--,109,74665,卖盘,2017-08-01,2017-08-01 09:43:07
09:43:10,09:43:10,6.85,--,35,23975,卖盘,2017-08-01,2017-08-01 09:43:10
09:43:13,09:43:13,6.85,--,113,77405,卖盘,2017-08-01,2017-08-01 09:43:13
09:43:16,09:43:16,6.85,--,182,124670,卖盘,2017-08-01,2017-08-01 09:43:16
09:43:19,09:43:19,6.85,--,106,72610,卖盘,2017-08-01,2017-08-01 09:43:19
09:43:22,09:43:22,6.85,--,23,15755,卖盘,2017-08-01,2017-08-01 09:43:22
09:43:28,09:43:28,6.85,--,35,23975,卖盘,2017-08-01,2017-08-01 09:43:28
09:43:31,09:43:31,6.85,--,32,21920,卖盘,2017-08-01,2017-08-01 09:43:31
09:43:34,09:43:34,6.85,--,35,23975,卖盘,2017-08-01,2017-08-01 09:43:34
09:43:37,09:43:37,6.85,--,65,44525,卖盘,2017-08-01,2017-08-01 09:43:37
09:43:40,09:43:40,6.85,--,6,4110,卖盘,2017-08-01,2017-08-01 09:43:40
09:43:43,09:43:43,6.85,--,239,163715,卖盘,2017-08-01,2017-08-01 09:43:43
09:43:46,09:43:46,6.85,--,102,70349,卖盘,2017-08-01,2017-08-01 09:43:46
09:43:49,09:43:49,6.85,--,51,34935,卖盘,2017-08-01,2017-08-01 09:43:49
09:43:52,09:43:52,6.85,--,5,3425,卖盘,2017-08-01,2017-08-01 09:43:52
09:43:55,09:43:55,6.85,--,26,17810,卖盘,2017-08-01,2017-08-01 09:43:55
09:43:58,09:43:58,6.85,--,19,13015,卖盘,2017-08-01,2017-08-01 09:43:58
09:44:01,09:44:01,6.85,--,246,168510,卖盘,2017-08-01,2017-08-01 09:44:01
09:44:04,09:44:04,6.85,--,13,8905,卖盘,2017-08-01,2017-08-01 09:44:04
09:44:07,09:44:07,6.85,--,500,342500,卖盘,2017-08-01,2017-08-01 09:44:07
09:44:13,09:44:13,6.85,--,10,6850,卖盘,2017-08-01,2017-08-01 09:44:13
09:44:16,09:44:16,6.85,--,71,48635,卖盘,2017-08-01,2017-08-01 09:44:16
09:44:19,09:44:19,6.85,--,1,685,卖盘,2017-08-01,2017-08-01 09:44:19
09:44:22,09:44:22,6.85,--,106,72610,卖盘,2017-08-01,2017-08-01 09:44:22
09:44:25,09:44:25,6.85,--,46,31510,卖盘,2017-08-01,2017-08-01 09:44:25
09:44:28,09:44:28,6.85,--,68,46580,卖盘,2017-08-01,2017-08-01 09:44:28
09:44:31,09:44:31,6.85,--,11,7535,卖盘,2017-08-01,2017-08-01 09:44:31
09:44:34,09:44:34,6.85,--,4,2740,卖盘,2017-08-01,2017-08-01 09:44:34
09:44:37,09:44:37,6.85,--,70,47950,卖盘,2017-08-01,2017-08-01 09:44:37
09:44:40,09:44:40,6.85,--,63,43155,卖盘,2017-08-01,2017-08-01 09:44:40
09:44:43,09:44:43,6.85,--,27,18495,卖盘,2017-08-01,2017-08-01 09:44:43
09:44:46,09:44:46,6.85,--,12,8220,卖盘,2017-08-01,2017-08-01 09:44:46
09:44:49,09:44:49,6.85,--,83,56855,卖盘,2017-08-01,2017-08-01 09:44:49
09:44:52,09:44:52,6.85,--,40,27400,卖盘,2017-08-01,2017-08-01 09:44:52
09:44:55,09:44:55,6.85,--,49,33565,卖盘,2017-08-01,2017-08-01 09:44:55
09:44:58,09:44:58,6.85,--,20,13700,卖盘,2017-08-01,2017-08-01 09:44:58
09:45:01,09:45:01,6.85,--,233,159605,卖盘,2017-08-01,2017-08-01 09:45:01
09:45:04,09:45:04,6.85,--,3,2055,卖盘,2017-08-01,2017-08-01 09:45:04
09:45:07,09:45:07,6.85,--,15,10275,卖盘,2017-08-01,2017-08-01 09:45:07
09:45:10,09:45:10,6.85,--,17,11645,卖盘,2017-08-01,2017-08-01 09:45:10
09:45:13,09:45:13,6.85,--,19,13015,卖盘,2017-08-01,2017-08-01 09:45:13
09:45:16,09:45:16,6.85,--,5,3425,卖盘,2017-08-01,2017-08-01 09:45:16
09:45:19,09:45:19,6.85,--,40,27400,卖盘,2017-08-01,2017-08-01 09:45:19
09:45:22,09:45:22,6.85,--,63,43155,卖盘,2017-08-01,2017-08-01 09:45:22
09:45:25,09:45:25,6.85,--,63,43155,卖盘,2017-08-01,2017-08-01 09:45:25
09:45:28,09:45:28,6.85,--,200,137000,卖盘,2017-08-01,2017-08-01 09:45:28
09:45:34,09:45:34,6.85,--,20,13700,卖盘,2017-08-01,2017-08-01 09:45:34
09:45:37,09:45:37,6.85,--,5,3425,卖盘,2017-08-01,2017-08-01 09:45:37
09:45:46,09:45:46,6.85,--,16,10960,卖盘,2017-08-01,2017-08-01 09:45:46
09:45:49,09:45:49,6.85,--,10,6850,卖盘,2017-08-01,2017-08-01 09:45:49
09:45:52,09:45:52,6.85,--,59,40415,卖盘,2017-08-01,2017-08-01 09:45:52
09:45:55,09:45:55,6.85,--,293,200705,卖盘,2017-08-01,2017-08-01 09:45:55
09:45:58,09:45:58,6.85,--,1,685,卖盘,2017-08-01,2017-08-01 09:45:58
09:46:01,09:46:01,6.85,--,20,13700,卖盘,2017-08-01,2017-08-01 09:46:01
09:46:04,09:46:04,6.85,--,4,2740,卖盘,2017-08-01,2017-08-01 09:46:04
09:46:07,09:46:07,6.85,--,3,2055,卖盘,2017-08-01,2017-08-01 09:46:07
09:46:13,09:46:13,6.85,--,8,5480,卖盘,2017-08-01,2017-08-01 09:46:13
09:46:16,09:46:16,6.85,--,29,19865,卖盘,2017-08-01,2017-08-01 09:46:16
09:46:19,09:46:19,6.85,--,22,15070,卖盘,2017-08-01,2017-08-01 09:46:19
09:46:28,09:46:28,6.85,--,2,1370,卖盘,2017-08-01,2017-08-01 09:46:28
09:46:31,09:46:31,6.85,--,86,58910,卖盘,2017-08-01,2017-08-01 09:46:31
09:46:34,09:46:34,6.85,--,204,139740,卖盘,2017-08-01,2017-08-01 09:46:34
09:46:37,09:46:37,6.85,--,100,68500,卖盘,2017-08-01,2017-08-01 09:46:37
09:46:40,09:46:40,6.85,--,10,6850,卖盘,2017-08-01,2017-08-01 09:46:40
09:46:43,09:46:43,6.85,--,67,45895,卖盘,2017-08-01,2017-08-01 09:46:43
09:46:46,09:46:46,6.85,--,12,8220,卖盘,2017-08-01,2017-08-01 09:46:46
09:46:49,09:46:49,6.85,--,1,685,卖盘,2017-08-01,2017-08-01 09:46:49
09:46:52,09:46:52,6.85,--,16,10960,卖盘,2017-08-01,2017-08-01 09:46:52
09:46:58,09:46:58,6.85,--,169,115765,卖盘,2017-08-01,2017-08-01 09:46:58
09:47:01,09:47:01,6.85,--,65,44525,卖盘,2017-08-01,2017-08-01 09:47:01
09:47:07,09:47:07,6.85,--,4,2740,卖盘,2017-08-01,2017-08-01 09:47:07
09:47:10,09:47:10,6.85,--,2,1370,卖盘,2017-08-01,2017-08-01 09:47:10
09:47:16,09:47:16,6.85,--,62,42470,卖盘,2017-08-01,2017-08-01 09:47:16
09:47:19,09:47:19,6.85,--,6,4110,卖盘,2017-08-01,2017-08-01 09:47:19
09:47:22,09:47:22,6.85,--,23,15755,卖盘,2017-08-01,2017-08-01 09:47:22
09:47:28,09:47:28,6.85,--,26,17810,卖盘,2017-08-01,2017-08-01 09:47:28
09:47:34,09:47:34,6.85,--,34,23290,卖盘,2017-08-01,2017-08-01 09:47:34
09:47:37,09:47:37,6.85,--,1,685,卖盘,2017-08-01,2017-08-01 09:47:37
09:47:40,09:47:40,6.85,--,84,57540,卖盘,2017-08-01,2017-08-01 09:47:40
09:47:43,09:47:43,6.85,--,6,4110,卖盘,2017-08-01,2017-08-01 09:47:43
09:47:49,09:47:49,6.85,--,156,106860,卖盘,2017-08-01,2017-08-01 09:47:49
09:47:52,09:47:52,6.85,--,103,70555,卖盘,2017-08-01,2017-08-01 09:47:52
09:47:55,09:47:55,6.85,--,60,41100,卖盘,2017-08-01,2017-08-01 09:47:55
09:48:01,09:48:01,6.85,--,21,14385,卖盘,2017-08-01,2017-08-01 09:48:01
09:48:04,09:48:04,6.85,--,314,215090,卖盘,2017-08-01,2017-08-01 09:48:04
09:48:07,09:48:07,6.85,--,56,38360,卖盘,2017-08-01,2017-08-01 09:48:07
09:48:10,09:48:10,6.85,--,5,3425,卖盘,2017-08-01,2017-08-01 09:48:10
09:48:14,09:48:14,6.85,--,44,30140,卖盘,2017-08-01,2017-08-01 09:48:14
09:48:17,09:48:17,6.85,--,10,6850,卖盘,2017-08-01,2017-08-01 09:48:17
09:48:20,09:48:20,6.85,--,16,10960,卖盘,2017-08-01,2017-08-01 09:48:20
09:48:26,09:48:26,6.85,--,2,1370,卖盘,2017-08-01,2017-08-01 09:48:26
09:48:29,09:48:29,6.85,--,5,3425,卖盘,2017-08-01,2017-08-01 09:48:29
09:48:32,09:48:32,6.85,--,200,137000,卖盘,2017-08-01,2017-08-01 09:48:32
09:48:35,09:48:35,6.85,--,10,6850,卖盘,2017-08-01,2017-08-01 09:48:35
09:48:38,09:48:38,6.85,--,552,378120,卖盘,2017-08-01,2017-08-01 09:48:38
09:48:44,09:48:44,6.85,--,20,13700,卖盘,2017-08-01,2017-08-01 09:48:44
09:48:47,09:48:47,6.85,--,25,17125,卖盘,2017-08-01,2017-08-01 09:48:47
09:48:50,09:48:50,6.85,--,60,41100,卖盘,2017-08-01,2017-08-01 09:48:50
09:48:56,09:48:56,6.85,--,7,4795,卖盘,2017-08-01,2017-08-01 09:48:56
09:48:59,09:48:59,6.85,--,139,95215,卖盘,2017-08-01,2017-08-01 09:48:59
09:49:02,09:49:02,6.85,--,30,20550,卖盘,2017-08-01,2017-08-01 09:49:02
09:49:05,09:49:05,6.85,--,112,76720,卖盘,2017-08-01,2017-08-01 09:49:05
09:49:08,09:49:08,6.85,--,12,8220,卖盘,2017-08-01,2017-08-01 09:49:08
09:49:17,09:49:17,6.85,--,27,18495,卖盘,2017-08-01,2017-08-01 09:49:17
09:49:20,09:49:20,6.85,--,20,13700,卖盘,2017-08-01,2017-08-01 09:49:20
09:49:23,09:49:23,6.85,--,133,91105,卖盘,2017-08-01,2017-08-01 09:49:23
09:49:26,09:49:26,6.85,--,3,2055,卖盘,2017-08-01,2017-08-01 09:49:26
09:49:32,09:49:32,6.85,--,9,6165,卖盘,2017-08-01,2017-08-01 09:49:32
09:49:35,09:49:35,6.85,--,392,268520,卖盘,2017-08-01,2017-08-01 09:49:35
09:49:38,09:49:38,6.85,--,4,2740,卖盘,2017-08-01,2017-08-01 09:49:38
09:49:41,09:49:41,6.85,--,20,13700,卖盘,2017-08-01,2017-08-01 09:49:41
09:49:44,09:49:44,6.85,--,2,1370,卖盘,2017-08-01,2017-08-01 09:49:44
09:49:47,09:49:47,6.85,--,8,5480,卖盘,2017-08-01,2017-08-01 09:49:47
09:49:50,09:49:50,6.85,--,265,181525,卖盘,2017-08-01,2017-08-01 09:49:50
09:49:53,09:49:53,6.85,--,250,171250,卖盘,2017-08-01,2017-08-01 09:49:53
09:49:56,09:49:56,6.85,--,40,27400,卖盘,2017-08-01,2017-08-01 09:49:56
09:49:59,09:49:59,6.85,--,104,71240,卖盘,2017-08-01,2017-08-01 09:49:59
09:50:02,09:50:02,6.85,--,7,4795,卖盘,2017-08-01,2017-08-01 09:50:02
09:50:05,09:50:05,6.85,--,99,67815,卖盘,2017-08-01,2017-08-01 09:50:05
09:50:08,09:50:08,6.85,--,12,8220,卖盘,2017-08-01,2017-08-01 09:50:08
09:50:11,09:50:11,6.85,--,5,3425,卖盘,2017-08-01,2017-08-01 09:50:11
09:50:14,09:50:14,6.85,--,35,23975,卖盘,2017-08-01,2017-08-01 09:50:14
09:50:17,09:50:17,6.85,--,14,9590,卖盘,2017-08-01,2017-08-01 09:50:17
09:50:20,09:50:20,6.85,--,621,425385,卖盘,2017-08-01,2017-08-01 09:50:20
09:50:23,09:50:23,6.85,--,4,2740,卖盘,2017-08-01,2017-08-01 09:50:23
09:50:29,09:50:29,6.85,--,10,6850,卖盘,2017-08-01,2017-08-01 09:50:29
09:50:35,09:50:35,6.85,--,5,3425,卖盘,2017-08-01,2017-08-01 09:50:35
09:50:38,09:50:38,6.85,--,1,685,卖盘,2017-08-01,2017-08-01 09:50:38
09:50:41,09:50:41,6.85,--,5,3425,卖盘,2017-08-01,2017-08-01 09:50:41
09:50:44,09:50:44,6.85,--,120,82200,卖盘,2017-08-01,2017-08-01 09:50:44
09:50:47,09:50:47,6.85,--,25,17125,卖盘,2017-08-01,2017-08-01 09:50:47
09:50:50,09:50:50,6.85,--,20,13700,卖盘,2017-08-01,2017-08-01 09:50:50
09:50:53,09:50:53,6.85,--,5,3425,卖盘,2017-08-01,2017-08-01 09:50:53
09:51:08,09:51:08,6.85,--,15,10275,卖盘,2017-08-01,2017-08-01 09:51:08
09:51:11,09:51:11,6.85,--,190,130150,卖盘,2017-08-01,2017-08-01 09:51:11
09:51:14,09:51:14,6.85,--,20,13700,卖盘,2017-08-01,2017-08-01 09:51:14
09:51:17,09:51:17,6.85,--,7,4795,卖盘,2017-08-01,2017-08-01 09:51:17
09:51:20,09:51:20,6.85,--,2,1370,卖盘,2017-08-01,2017-08-01 09:51:20
09:51:26,09:51:26,6.85,--,3,2055,卖盘,2017-08-01,2017-08-01 09:51:26
09:51:35,09:51:35,6.85,--,5,3425,卖盘,2017-08-01,2017-08-01 09:51:35
09:51:44,09:51:44,6.85,--,45,30825,卖盘,2017-08-01,2017-08-01 09:51:44
09:51:47,09:51:47,6.85,--,10,6850,卖盘,2017-08-01,2017-08-01 09:51:47
09:51:50,09:51:50,6.85,--,2,1370,卖盘,2017-08-01,2017-08-01 09:51:50
09:51:53,09:51:53,6.85,--,8,5480,卖盘,2017-08-01,2017-08-01 09:51:53
09:51:56,09:51:56,6.85,--,82,56170,卖盘,2017-08-01,2017-08-01 09:51:56
09:51:59,09:51:59,6.85,--,300,205500,卖盘,2017-08-01,2017-08-01 09:51:59
09:52:02,09:52:02,6.85,--,125,85625,卖盘,2017-08-01,2017-08-01 09:52:02
09:52:08,09:52:08,6.85,--,7,4795,卖盘,2017-08-01,2017-08-01 09:52:08
09:52:11,09:52:11,6.85,--,35,23975,卖盘,2017-08-01,2017-08-01 09:52:11
09:52:20,09:52:20,6.85,--,20,13700,卖盘,2017-08-01,2017-08-01 09:52:20
09:52:29,09:52:29,6.85,--,10,6850,卖盘,2017-08-01,2017-08-01 09:52:29
09:52:32,09:52:32,6.85,--,15,10275,卖盘,2017-08-01,2017-08-01 09:52:32
09:52:39,09:52:39,6.85,--,42,28770,卖盘,2017-08-01,2017-08-01 09:52:39
09:52:48,09:52:48,6.85,--,84,57540,卖盘,2017-08-01,2017-08-01 09:52:48
09:52:51,09:52:51,6.85,--,4,2740,卖盘,2017-08-01,2017-08-01 09:52:51
09:52:54,09:52:54,6.85,--,2,1370,卖盘,2017-08-01,2017-08-01 09:52:54
09:52:57,09:52:57,6.85,--,25,17125,卖盘,2017-08-01,2017-08-01 09:52:57
09:53:00,09:53:00,6.85,--,12,8220,卖盘,2017-08-01,2017-08-01 09:53:00
09:53:06,09:53:06,6.85,--,12,8220,卖盘,2017-08-01,2017-08-01 09:53:06
09:53:09,09:53:09,6.85,--,158,108230,卖盘,2017-08-01,2017-08-01 09:53:09
09:53:12,09:53:12,6.85,--,21,14385,卖盘,2017-08-01,2017-08-01 09:53:12
09:53:15,09:53:15,6.85,--,20,13700,卖盘,2017-08-01,2017-08-01 09:53:15
09:53:21,09:53:21,6.85,--,30,20550,卖盘,2017-08-01,2017-08-01 09:53:21
09:53:24,09:53:24,6.85,--,5,3425,卖盘,2017-08-01,2017-08-01 09:53:24
09:53:27,09:53:27,6.85,--,27,18495,卖盘,2017-08-01,2017-08-01 09:53:27
09:53:30,09:53:30,6.85,--,85,58225,卖盘,2017-08-01,2017-08-01 09:53:30
09:53:33,09:53:33,6.85,--,5,3425,卖盘,2017-08-01,2017-08-01 09:53:33
09:53:36,09:53:36,6.85,--,5,3425,卖盘,2017-08-01,2017-08-01 09:53:36
09:53:42,09:53:42,6.85,--,54,36990,卖盘,2017-08-01,2017-08-01 09:53:42
09:53:45,09:53:45,6.85,--,25,17125,卖盘,2017-08-01,2017-08-01 09:53:45
09:53:48,09:53:48,6.85,--,22,15070,卖盘,2017-08-01,2017-08-01 09:53:48
09:53:51,09:53:51,6.85,--,15,10275,卖盘,2017-08-01,2017-08-01 09:53:51
09:53:54,09:53:54,6.85,--,1,685,卖盘,2017-08-01,2017-08-01 09:53:54
09:53:57,09:53:57,6.85,--,6,4110,卖盘,2017-08-01,2017-08-01 09:53:57
09:54:00,09:54:00,6.85,--,13,8905,卖盘,2017-08-01,2017-08-01 09:54:00
09:54:06,09:54:06,6.85,--,10,6850,卖盘,2017-08-01,2017-08-01 09:54:06
09:54:09,09:54:09,6.85,--,27,18495,卖盘,2017-08-01,2017-08-01 09:54:09
09:54:12,09:54:12,6.85,--,47,32195,卖盘,2017-08-01,2017-08-01 09:54:12
09:54:15,09:54:15,6.85,--,4,2740,卖盘,2017-08-01,2017-08-01 09:54:15
09:54:18,09:54:18,6.85,--,15,10275,卖盘,2017-08-01,2017-08-01 09:54:18
09:54:30,09:54:30,6.85,--,20,13700,卖盘,2017-08-01,2017-08-01 09:54:30
09:54:39,09:54:39,6.85,--,368,252080,卖盘,2017-08-01,2017-08-01 09:54:39
09:54:42,09:54:42,6.85,--,157,107805,卖盘,2017-08-01,2017-08-01 09:54:42
09:54:45,09:54:45,6.85,--,5,3425,卖盘,2017-08-01,2017-08-01 09:54:45
09:54:51,09:54:51,6.85,--,19,13015,卖盘,2017-08-01,2017-08-01 09:54:51
09:54:54,09:54:54,6.85,--,18,12330,卖盘,2017-08-01,2017-08-01 09:54:54
09:54:57,09:54:57,6.85,--,70,47950,卖盘,2017-08-01,2017-08-01 09:54:57
09:55:00,09:55:00,6.85,--,18,12330,卖盘,2017-08-01,2017-08-01 09:55:00
09:55:03,09:55:03,6.85,--,2,1370,卖盘,2017-08-01,2017-08-01 09:55:03
09:55:09,09:55:09,6.85,--,11,7535,卖盘,2017-08-01,2017-08-01 09:55:09
09:55:15,09:55:15,6.85,--,45,30825,卖盘,2017-08-01,2017-08-01 09:55:15
09:55:21,09:55:21,6.85,--,5,3425,卖盘,2017-08-01,2017-08-01 09:55:21
09:55:24,09:55:24,6.85,--,10,6850,卖盘,2017-08-01,2017-08-01 09:55:24
09:55:30,09:55:30,6.85,--,30,20550,卖盘,2017-08-01,2017-08-01 09:55:30
09:55:36,09:55:36,6.85,--,3,2055,卖盘,2017-08-01,2017-08-01 09:55:36
09:55:39,09:55:39,6.85,--,11,7535,卖盘,2017-08-01,2017-08-01 09:55:39
09:55:45,09:55:45,6.85,--,100,68500,卖盘,2017-08-01,2017-08-01 09:55:45
09:55:51,09:55:51,6.85,--,29,19865,卖盘,2017-08-01,2017-08-01 09:55:51
09:55:54,09:55:54,6.85,--,10,6850,卖盘,2017-08-01,2017-08-01 09:55:54
09:55:57,09:55:57,6.85,--,7,4795,卖盘,2017-08-01,2017-08-01 09:55:57
09:56:06,09:56:06,6.85,--,3,2055,卖盘,2017-08-01,2017-08-01 09:56:06
09:56:09,09:56:09,6.85,--,5,3425,卖盘,2017-08-01,2017-08-01 09:56:09
09:56:12,09:56:12,6.85,--,24,16440,卖盘,2017-08-01,2017-08-01 09:56:12
09:56:15,09:56:15,6.85,--,13,8905,卖盘,2017-08-01,2017-08-01 09:56:15
09:56:24,09:56:24,6.85,--,34,23290,卖盘,2017-08-01,2017-08-01 09:56:24
09:56:27,09:56:27,6.85,--,7,4795,卖盘,2017-08-01,2017-08-01 09:56:27
09:56:33,09:56:33,6.85,--,10,6850,卖盘,2017-08-01,2017-08-01 09:56:33
09:56:42,09:56:42,6.85,--,62,42470,卖盘,2017-08-01,2017-08-01 09:56:42
09:56:45,09:56:45,6.85,--,30,20550,卖盘,2017-08-01,2017-08-01 09:56:45
09:56:54,09:56:54,6.85,--,5,3425,卖盘,2017-08-01,2017-08-01 09:56:54
09:56:57,09:56:57,6.85,--,15,10275,卖盘,2017-08-01,2017-08-01 09:56:57
09:57:00,09:57:00,6.85,--,5,3425,卖盘,2017-08-01,2017-08-01 09:57:00
09:57:03,09:57:03,6.85,--,20,13700,卖盘,2017-08-01,2017-08-01 09:57:03
09:57:06,09:57:06,6.85,--,2,1370,卖盘,2017-08-01,2017-08-01 09:57:06
09:57:09,09:57:09,6.85,--,2,1370,卖盘,2017-08-01,2017-08-01 09:57:09
09:57:12,09:57:12,6.85,--,20,13700,卖盘,2017-08-01,2017-08-01 09:57:12
09:57:15,09:57:15,6.85,--,116,79460,卖盘,2017-08-01,2017-08-01 09:57:15
09:57:18,09:57:18,6.85,--,88,60280,卖盘,2017-08-01,2017-08-01 09:57:18
09:57:24,09:57:24,6.85,--,55,37675,卖盘,2017-08-01,2017-08-01 09:57:24
09:57:36,09:57:36,6.85,--,27,18495,卖盘,2017-08-01,2017-08-01 09:57:36
09:57:39,09:57:39,6.85,--,21,14385,卖盘,2017-08-01,2017-08-01 09:57:39
09:57:42,09:57:42,6.85,--,20,13700,卖盘,2017-08-01,2017-08-01 09:57:42
09:57:45,09:57:45,6.85,--,35,23975,卖盘,2017-08-01,2017-08-01 09:57:45
09:57:51,09:57:51,6.85,--,7,4795,卖盘,2017-08-01,2017-08-01 09:57:51
09:57:54,09:57:54,6.85,--,1,685,卖盘,2017-08-01,2017-08-01 09:57:54
09:57:57,09:57:57,6.85,--,106,72610,卖盘,2017-08-01,2017-08-01 09:57:57
09:58:00,09:58:00,6.85,--,5,3425,卖盘,2017-08-01,2017-08-01 09:58:00
09:58:06,09:58:06,6.85,--,20,13700,卖盘,2017-08-01,2017-08-01 09:58:06
09:58:12,09:58:12,6.85,--,8,5480,卖盘,2017-08-01,2017-08-01 09:58:12
09:58:15,09:58:15,6.85,--,19,13015,卖盘,2017-08-01,2017-08-01 09:58:15
09:58:22,09:58:22,6.85,--,21,14385,卖盘,2017-08-01,2017-08-01 09:58:22
09:58:25,09:58:25,6.85,--,43,29455,卖盘,2017-08-01,2017-08-01 09:58:25
09:58:28,09:58:28,6.85,--,20,13700,卖盘,2017-08-01,2017-08-01 09:58:28
09:58:43,09:58:43,6.85,--,56,38360,卖盘,2017-08-01,2017-08-01 09:58:43
09:58:49,09:58:49,6.85,--,6,4110,卖盘,2017-08-01,2017-08-01 09:58:49
09:58:52,09:58:52,6.85,--,10,6850,卖盘,2017-08-01,2017-08-01 09:58:52
09:58:55,09:58:55,6.85,--,4,2740,卖盘,2017-08-01,2017-08-01 09:58:55
09:58:58,09:58:58,6.85,--,70,47950,卖盘,2017-08-01,2017-08-01 09:58:58
09:59:01,09:59:01,6.85,--,200,137000,卖盘,2017-08-01,2017-08-01 09:59:01
09:59:19,09:59:19,6.85,--,3,2055,卖盘,2017-08-01,2017-08-01 09:59:19
09:59:31,09:59:31,6.85,--,10,6850,卖盘,2017-08-01,2017-08-01 09:59:31
09:59:34,09:59:34,6.85,--,9,6165,卖盘,2017-08-01,2017-08-01 09:59:34
09:59:37,09:59:37,6.85,--,20,13700,卖盘,2017-08-01,2017-08-01 09:59:37
09:59:40,09:59:40,6.85,--,50,34250,卖盘,2017-08-01,2017-08-01 09:59:40
09:59:43,09:59:43,6.85,--,117,80145,卖盘,2017-08-01,2017-08-01 09:59:43
09:59:49,09:59:49,6.85,--,44,30140,卖盘,2017-08-01,2017-08-01 09:59:49
09:59:52,09:59:52,6.85,--,103,70555,卖盘,2017-08-01,2017-08-01 09:59:52
09:59:55,09:59:55,6.85,--,297,203445,卖盘,2017-08-01,2017-08-01 09:59:55
09:59:58,09:59:58,6.85,--,23,15755,卖盘,2017-08-01,2017-08-01 09:59:58
10:00:01,10:00:01,6.85,--,2,1370,卖盘,2017-08-01,2017-08-01 10:00:01
10:00:07,10:00:07,6.85,--,20,13700,卖盘,2017-08-01,2017-08-01 10:00:07
10:00:10,10:00:10,6.85,--,100,68500,卖盘,2017-08-01,2017-08-01 10:00:10
10:00:16,10:00:16,6.85,--,5,3425,卖盘,2017-08-01,2017-08-01 10:00:16
10:00:19,10:00:19,6.85,--,10,6850,卖盘,2017-08-01,2017-08-01 10:00:19
10:00:22,10:00:22,6.85,--,17,11645,卖盘,2017-08-01,2017-08-01 10:00:22
10:00:25,10:00:25,6.85,--,10,6850,卖盘,2017-08-01,2017-08-01 10:00:25
10:00:34,10:00:34,6.85,--,30,20550,卖盘,2017-08-01,2017-08-01 10:00:34
10:00:40,10:00:40,6.85,--,30,20550,卖盘,2017-08-01,2017-08-01 10:00:40
10:00:46,10:00:46,6.85,--,6,4110,卖盘,2017-08-01,2017-08-01 10:00:46
10:00:52,10:00:52,6.85,--,4,2740,卖盘,2017-08-01,2017-08-01 10:00:52
10:01:01,10:01:01,6.85,--,10,6850,卖盘,2017-08-01,2017-08-01 10:01:01
10:01:10,10:01:10,6.85,--,151,103435,卖盘,2017-08-01,2017-08-01 10:01:10
10:01:13,10:01:13,6.85,--,87,59595,卖盘,2017-08-01,2017-08-01 10:01:13
10:01:16,10:01:16,6.85,--,15,10275,卖盘,2017-08-01,2017-08-01 10:01:16
10:01:19,10:01:19,6.85,--,7,4795,卖盘,2017-08-01,2017-08-01 10:01:19
10:01:22,10:01:22,6.85,--,41,28085,卖盘,2017-08-01,2017-08-01 10:01:22
10:01:28,10:01:28,6.85,--,20,13700,卖盘,2017-08-01,2017-08-01 10:01:28
10:01:34,10:01:34,6.85,--,7,4795,卖盘,2017-08-01,2017-08-01 10:01:34
10:01:37,10:01:37,6.85,--,30,20550,卖盘,2017-08-01,2017-08-01 10:01:37
10:01:40,10:01:40,6.85,--,320,219200,卖盘,2017-08-01,2017-08-01 10:01:40
10:01:43,10:01:43,6.85,--,41,28085,卖盘,2017-08-01,2017-08-01 10:01:43
10:01:46,10:01:46,6.85,--,20,13700,卖盘,2017-08-01,2017-08-01 10:01:46
10:01:52,10:01:52,6.85,--,5,3425,卖盘,2017-08-01,2017-08-01 10:01:52
10:01:58,10:01:58,6.85,--,15,10275,卖盘,2017-08-01,2017-08-01 10:01:58
10:02:01,10:02:01,6.85,--,1,685,卖盘,2017-08-01,2017-08-01 10:02:01
10:02:04,10:02:04,6.85,--,30,20550,卖盘,2017-08-01,2017-08-01 10:02:04
10:02:07,10:02:07,6.85,--,3,2055,卖盘,2017-08-01,2017-08-01 10:02:07
10:02:10,10:02:10,6.85,--,11,7535,卖盘,2017-08-01,2017-08-01 10:02:10
10:02:13,10:02:13,6.85,--,10,6850,卖盘,2017-08-01,2017-08-01 10:02:13
10:02:16,10:02:16,6.85,--,359,245915,卖盘,2017-08-01,2017-08-01 10:02:16
10:02:28,10:02:28,6.85,--,22,15070,卖盘,2017-08-01,2017-08-01 10:02:28
10:02:34,10:02:34,6.85,--,159,108915,卖盘,2017-08-01,2017-08-01 10:02:34
10:02:37,10:02:37,6.85,--,79,54115,卖盘,2017-08-01,2017-08-01 10:02:37
10:02:40,10:02:40,6.85,--,1,685,卖盘,2017-08-01,2017-08-01 10:02:40
10:02:43,10:02:43,6.85,--,10,6850,卖盘,2017-08-01,2017-08-01 10:02:43
10:02:46,10:02:46,6.85,--,12,8220,卖盘,2017-08-01,2017-08-01 10:02:46
10:02:49,10:02:49,6.85,--,7,4795,卖盘,2017-08-01,2017-08-01 10:02:49
10:02:55,10:02:55,6.85,--,120,82200,卖盘,2017-08-01,2017-08-01 10:02:55
10:03:01,10:03:01,6.85,--,50,34250,卖盘,2017-08-01,2017-08-01 10:03:01
10:03:07,10:03:07,6.85,--,28,19180,卖盘,2017-08-01,2017-08-01 10:03:07
10:03:10,10:03:10,6.85,--,10,6850,卖盘,2017-08-01,2017-08-01 10:03:10
10:03:13,10:03:13,6.85,--,10,6850,卖盘,2017-08-01,2017-08-01 10:03:13
10:03:19,10:03:19,6.85,--,315,215775,卖盘,2017-08-01,2017-08-01 10:03:19
10:03:22,10:03:22,6.85,--,35,23975,卖盘,2017-08-01,2017-08-01 10:03:22
10:03:28,10:03:28,6.85,--,3,2055,卖盘,2017-08-01,2017-08-01 10:03:28
10:03:31,10:03:31,6.85,--,10,6850,卖盘,2017-08-01,2017-08-01 10:03:31
10:03:34,10:03:34,6.85,--,18,12330,卖盘,2017-08-01,2017-08-01 10:03:34
10:03:40,10:03:40,6.85,--,4,2740,卖盘,2017-08-01,2017-08-01 10:03:40
10:03:46,10:03:46,6.85,--,24,16440,卖盘,2017-08-01,2017-08-01 10:03:46
10:03:52,10:03:52,6.85,--,49,33565,卖盘,2017-08-01,2017-08-01 10:03:52
10:03:55,10:03:55,6.85,--,4,2740,卖盘,2017-08-01,2017-08-01 10:03:55
10:03:58,10:03:58,6.85,--,16,10960,卖盘,2017-08-01,2017-08-01 10:03:58
10:04:01,10:04:01,6.85,--,15,10275,卖盘,2017-08-01,2017-08-01 10:04:01
10:04:04,10:04:04,6.85,--,6,4110,卖盘,2017-08-01,2017-08-01 10:04:04
10:04:07,10:04:07,6.85,--,79,54115,卖盘,2017-08-01,2017-08-01 10:04:07
10:04:10,10:04:10,6.85,--,9,6165,卖盘,2017-08-01,2017-08-01 10:04:10
10:04:13,10:04:13,6.85,--,10,6850,卖盘,2017-08-01,2017-08-01 10:04:13
10:04:31,10:04:31,6.85,--,1,685,卖盘,2017-08-01,2017-08-01 10:04:31
10:04:37,10:04:37,6.85,--,16,10960,卖盘,2017-08-01,2017-08-01 10:04:37
10:04:40,10:04:40,6.85,--,114,78090,卖盘,2017-08-01,2017-08-01 10:04:40
10:04:46,10:04:46,6.85,--,241,165085,卖盘,2017-08-01,2017-08-01 10:04:46
10:04:49,10:04:49,6.85,--,42,28770,卖盘,2017-08-01,2017-08-01 10:04:49
10:04:52,10:04:52,6.85,--,1,685,卖盘,2017-08-01,2017-08-01 10:04:52
10:04:55,10:04:55,6.85,--,16,10960,卖盘,2017-08-01,2017-08-01 10:04:55
10:04:58,10:04:58,6.85,--,7,4795,卖盘,2017-08-01,2017-08-01 10:04:58
10:05:01,10:05:01,6.85,--,14,9590,卖盘,2017-08-01,2017-08-01 10:05:01
10:05:04,10:05:04,6.85,--,10,6850,卖盘,2017-08-01,2017-08-01 10:05:04
10:05:16,10:05:16,6.85,--,17,11645,卖盘,2017-08-01,2017-08-01 10:05:16
10:05:40,10:05:40,6.85,--,11,7535,卖盘,2017-08-01,2017-08-01 10:05:40
10:05:43,10:05:43,6.85,--,22,15070,卖盘,2017-08-01,2017-08-01 10:05:43
10:05:46,10:05:46,6.85,--,9,6165,卖盘,2017-08-01,2017-08-01 10:05:46
10:05:49,10:05:49,6.85,--,5,3425,卖盘,2017-08-01,2017-08-01 10:05:49
10:05:52,10:05:52,6.85,--,45,30825,卖盘,2017-08-01,2017-08-01 10:05:52
10:05:58,10:05:58,6.85,--,3,2055,卖盘,2017-08-01,2017-08-01 10:05:58
10:06:01,10:06:01,6.85,--,20,13700,卖盘,2017-08-01,2017-08-01 10:06:01
10:06:11,10:06:11,6.85,--,20,13700,卖盘,2017-08-01,2017-08-01 10:06:11
10:06:14,10:06:14,6.85,--,1,685,卖盘,2017-08-01,2017-08-01 10:06:14
10:06:17,10:06:17,6.85,--,20,13700,卖盘,2017-08-01,2017-08-01 10:06:17
10:06:22,10:06:22,6.85,--,1,685,卖盘,2017-08-01,2017-08-01 10:06:22
10:06:38,10:06:38,6.85,--,20,13700,卖盘,2017-08-01,2017-08-01 10:06:38
10:06:44,10:06:44,6.85,--,10,6850,卖盘,2017-08-01,2017-08-01 10:06:44
10:06:53,10:06:53,6.85,--,42,28770,卖盘,2017-08-01,2017-08-01 10:06:53
10:07:02,10:07:02,6.85,--,20,13700,卖盘,2017-08-01,2017-08-01 10:07:02
10:07:17,10:07:17,6.85,--,30,20550,卖盘,2017-08-01,2017-08-01 10:07:17
10:07:20,10:07:20,6.85,--,8,5480,卖盘,2017-08-01,2017-08-01 10:07:20
10:07:29,10:07:29,6.85,--,10,6850,卖盘,2017-08-01,2017-08-01 10:07:29
10:07:35,10:07:35,6.85,--,3,2055,卖盘,2017-08-01,2017-08-01 10:07:35
10:07:38,10:07:38,6.85,--,1,685,卖盘,2017-08-01,2017-08-01 10:07:38
10:07:47,10:07:47,6.85,--,5,3425,卖盘,2017-08-01,2017-08-01 10:07:47
10:07:53,10:07:53,6.85,--,53,36305,卖盘,2017-08-01,2017-08-01 10:07:53
10:07:56,10:07:56,6.85,--,56,38360,卖盘,2017-08-01,2017-08-01 10:07:56
10:08:05,10:08:05,6.85,--,71,48635,卖盘,2017-08-01,2017-08-01 10:08:05
10:08:08,10:08:08,6.85,--,12,8233,卖盘,2017-08-01,2017-08-01 10:08:08
10:08:17,10:08:17,6.85,--,6,4110,卖盘,2017-08-01,2017-08-01 10:08:17
10:08:23,10:08:23,6.85,--,21,14385,卖盘,2017-08-01,2017-08-01 10:08:23
10:08:29,10:08:29,6.85,--,4,2740,卖盘,2017-08-01,2017-08-01 10:08:29
10:08:59,10:08:59,6.85,--,54,36990,卖盘,2017-08-01,2017-08-01 10:08:59
10:09:02,10:09:02,6.85,--,2,1370,卖盘,2017-08-01,2017-08-01 10:09:02
10:09:11,10:09:11,6.85,--,5,3425,卖盘,2017-08-01,2017-08-01 10:09:11
10:09:14,10:09:14,6.85,--,10,6850,卖盘,2017-08-01,2017-08-01 10:09:14
10:09:17,10:09:17,6.85,--,20,13700,卖盘,2017-08-01,2017-08-01 10:09:17
10:09:29,10:09:29,6.85,--,18,12330,卖盘,2017-08-01,2017-08-01 10:09:29
10:09:50,10:09:50,6.85,--,5,3425,卖盘,2017-08-01,2017-08-01 10:09:50
10:09:53,10:09:53,6.85,--,13,8905,卖盘,2017-08-01,2017-08-01 10:09:53
10:10:08,10:10:08,6.85,--,89,60965,卖盘,2017-08-01,2017-08-01 10:10:08
10:10:14,10:10:14,6.85,--,5,3425,卖盘,2017-08-01,2017-08-01 10:10:14
10:10:23,10:10:23,6.85,--,30,20550,卖盘,2017-08-01,2017-08-01 10:10:23
10:10:30,10:10:30,6.85,--,10,6850,卖盘,2017-08-01,2017-08-01 10:10:30
10:10:33,10:10:33,6.85,--,9,6165,卖盘,2017-08-01,2017-08-01 10:10:33
10:10:39,10:10:39,6.85,--,60,41100,卖盘,2017-08-01,2017-08-01 10:10:39
10:10:42,10:10:42,6.85,--,10,6850,卖盘,2017-08-01,2017-08-01 10:10:42
10:10:54,10:10:54,6.85,--,7,4795,卖盘,2017-08-01,2017-08-01 10:10:54
10:10:57,10:10:57,6.85,--,3,2055,卖盘,2017-08-01,2017-08-01 10:10:57
10:11:00,10:11:00,6.85,--,5,3425,卖盘,2017-08-01,2017-08-01 10:11:00
10:11:03,10:11:03,6.85,--,5,3425,卖盘,2017-08-01,2017-08-01 10:11:03
10:11:18,10:11:18,6.85,--,10,6850,卖盘,2017-08-01,2017-08-01 10:11:18
10:11:21,10:11:21,6.85,--,18,12330,卖盘,2017-08-01,2017-08-01 10:11:21
10:11:27,10:11:27,6.85,--,1,685,卖盘,2017-08-01,2017-08-01 10:11:27
10:11:42,10:11:42,6.85,--,100,68500,卖盘,2017-08-01,2017-08-01 10:11:42
10:11:51,10:11:51,6.85,--,55,37675,卖盘,2017-08-01,2017-08-01 10:11:51
10:11:54,10:11:54,6.85,--,35,23975,卖盘,2017-08-01,2017-08-01 10:11:54
10:11:57,10:11:57,6.85,--,5,3425,卖盘,2017-08-01,2017-08-01 10:11:57
10:12:09,10:12:09,6.85,--,57,39045,卖盘,2017-08-01,2017-08-01 10:12:09
10:12:15,10:12:15,6.85,--,50,34250,卖盘,2017-08-01,2017-08-01 10:12:15
10:12:24,10:12:24,6.85,--,10,6850,卖盘,2017-08-01,2017-08-01 10:12:24
10:12:30,10:12:30,6.85,--,10,6850,卖盘,2017-08-01,2017-08-01 10:12:30
10:12:33,10:12:33,6.85,--,10,6850,卖盘,2017-08-01,2017-08-01 10:12:33
10:12:36,10:12:36,6.85,--,20,13700,卖盘,2017-08-01,2017-08-01 10:12:36
10:12:39,10:12:39,6.85,--,45,30825,卖盘,2017-08-01,2017-08-01 10:12:39
10:12:42,10:12:42,6.85,--,249,170565,卖盘,2017-08-01,2017-08-01 10:12:42
10:12:45,10:12:45,6.85,--,6,4110,卖盘,2017-08-01,2017-08-01 10:12:45
10:12:48,10:12:48,6.85,--,20,13700,卖盘,2017-08-01,2017-08-01 10:12:48
10:12:51,10:12:51,6.85,--,3,2055,卖盘,2017-08-01,2017-08-01 10:12:51
10:12:54,10:12:54,6.85,--,2,1370,卖盘,2017-08-01,2017-08-01 10:12:54
10:12:57,10:12:57,6.85,--,1,685,卖盘,2017-08-01,2017-08-01 10:12:57
10:13:00,10:13:00,6.85,--,14,9590,卖盘,2017-08-01,2017-08-01 10:13:00
10:13:03,10:13:03,6.85,--,3,2055,卖盘,2017-08-01,2017-08-01 10:13:03
10:13:06,10:13:06,6.85,--,2,1370,卖盘,2017-08-01,2017-08-01 10:13:06
10:13:09,10:13:09,6.85,--,20,13700,卖盘,2017-08-01,2017-08-01 10:13:09
10:13:15,10:13:15,6.85,--,20,13700,卖盘,2017-08-01,2017-08-01 10:13:15
10:13:18,10:13:18,6.85,--,31,21235,卖盘,2017-08-01,2017-08-01 10:13:18
10:13:21,10:13:21,6.85,--,20,13700,卖盘,2017-08-01,2017-08-01 10:13:21
10:13:24,10:13:24,6.85,--,20,13700,卖盘,2017-08-01,2017-08-01 10:13:24
10:13:27,10:13:27,6.85,--,5,3425,卖盘,2017-08-01,2017-08-01 10:13:27
10:13:33,10:13:33,6.85,--,7,4795,卖盘,2017-08-01,2017-08-01 10:13:33
10:13:36,10:13:36,6.85,--,11,7535,卖盘,2017-08-01,2017-08-01 10:13:36
10:13:48,10:13:48,6.85,--,6,4110,卖盘,2017-08-01,2017-08-01 10:13:48
10:13:54,10:13:54,6.85,--,6,4110,卖盘,2017-08-01,2017-08-01 10:13:54
10:14:00,10:14:00,6.85,--,10,6850,卖盘,2017-08-01,2017-08-01 10:14:00
10:14:03,10:14:03,6.85,--,20,13700,卖盘,2017-08-01,2017-08-01 10:14:03
10:14:09,10:14:09,6.85,--,64,43840,卖盘,2017-08-01,2017-08-01 10:14:09
10:14:12,10:14:12,6.85,--,20,13700,卖盘,2017-08-01,2017-08-01 10:14:12
10:14:15,10:14:15,6.85,--,20,13700,卖盘,2017-08-01,2017-08-01 10:14:15
10:14:18,10:14:18,6.85,--,5,3425,卖盘,2017-08-01,2017-08-01 10:14:18
10:14:24,10:14:24,6.85,--,40,27400,卖盘,2017-08-01,2017-08-01 10:14:24
10:14:30,10:14:30,6.85,--,20,13700,卖盘,2017-08-01,2017-08-01 10:14:30
10:14:33,10:14:33,6.85,--,23,15755,卖盘,2017-08-01,2017-08-01 10:14:33
10:14:36,10:14:36,6.85,--,60,41100,卖盘,2017-08-01,2017-08-01 10:14:36
10:14:42,10:14:42,6.85,--,20,13700,卖盘,2017-08-01,2017-08-01 10:14:42
10:14:51,10:14:51,6.85,--,65,44525,卖盘,2017-08-01,2017-08-01 10:14:51
10:14:54,10:14:54,6.85,--,10,6850,卖盘,2017-08-01,2017-08-01 10:14:54
10:14:57,10:14:57,6.85,--,5,3425,卖盘,2017-08-01,2017-08-01 10:14:57
10:15:00,10:15:00,6.85,--,169,115765,卖盘,2017-08-01,2017-08-01 10:15:00
10:15:03,10:15:03,6.85,--,14,9590,卖盘,2017-08-01,2017-08-01 10:15:03
10:15:06,10:15:06,6.85,--,17,11645,卖盘,2017-08-01,2017-08-01 10:15:06
10:15:09,10:15:09,6.85,--,52,35620,卖盘,2017-08-01,2017-08-01 10:15:09
10:15:12,10:15:12,6.85,--,5,3425,卖盘,2017-08-01,2017-08-01 10:15:12
10:15:15,10:15:15,6.85,--,156,106860,卖盘,2017-08-01,2017-08-01 10:15:15
10:15:18,10:15:18,6.85,--,9,6165,卖盘,2017-08-01,2017-08-01 10:15:18
10:15:27,10:15:27,6.85,--,97,66445,卖盘,2017-08-01,2017-08-01 10:15:27
10:15:30,10:15:30,6.85,--,35,23975,卖盘,2017-08-01,2017-08-01 10:15:30
10:15:33,10:15:33,6.85,--,10,6850,卖盘,2017-08-01,2017-08-01 10:15:33
10:15:42,10:15:42,6.85,--,30,20550,卖盘,2017-08-01,2017-08-01 10:15:42
10:15:45,10:15:45,6.85,--,5,3425,卖盘,2017-08-01,2017-08-01 10:15:45
10:15:51,10:15:51,6.85,--,5,3425,卖盘,2017-08-01,2017-08-01 10:15:51
10:15:57,10:15:57,6.85,--,5,3425,卖盘,2017-08-01,2017-08-01 10:15:57
10:16:06,10:16:06,6.85,--,7,4795,卖盘,2017-08-01,2017-08-01 10:16:06
10:16:18,10:16:18,6.85,--,20,13700,卖盘,2017-08-01,2017-08-01 10:16:18
10:16:28,10:16:28,6.85,--,50,34250,卖盘,2017-08-01,2017-08-01 10:16:28
10:16:31,10:16:31,6.85,--,495,339075,卖盘,2017-08-01,2017-08-01 10:16:31
10:16:34,10:16:34,6.85,--,40,27400,卖盘,2017-08-01,2017-08-01 10:16:34
10:16:37,10:16:37,6.85,--,5,3425,卖盘,2017-08-01,2017-08-01 10:16:37
10:16:40,10:16:40,6.85,--,15,10275,卖盘,2017-08-01,2017-08-01 10:16:40
10:16:43,10:16:43,6.85,--,5,3425,卖盘,2017-08-01,2017-08-01 10:16:43
10:16:58,10:16:58,6.85,--,1,685,卖盘,2017-08-01,2017-08-01 10:16:58
10:17:01,10:17:01,6.85,--,25,17125,卖盘,2017-08-01,2017-08-01 10:17:01
10:17:19,10:17:19,6.85,--,4,2740,卖盘,2017-08-01,2017-08-01 10:17:19
10:17:22,10:17:22,6.85,--,10,6850,卖盘,2017-08-01,2017-08-01 10:17:22
10:17:25,10:17:25,6.85,--,13,8905,卖盘,2017-08-01,2017-08-01 10:17:25
10:17:31,10:17:31,6.85,--,4,2740,卖盘,2017-08-01,2017-08-01 10:17:31
10:17:40,10:17:40,6.85,--,10,6850,卖盘,2017-08-01,2017-08-01 10:17:40
10:17:43,10:17:43,6.85,--,10,6850,卖盘,2017-08-01,2017-08-01 10:17:43
10:17:49,10:17:49,6.85,--,3,2055,卖盘,2017-08-01,2017-08-01 10:17:49
10:18:01,10:18:01,6.85,--,20,13700,卖盘,2017-08-01,2017-08-01 10:18:01
10:18:04,10:18:04,6.85,--,19,13015,卖盘,2017-08-01,2017-08-01 10:18:04
10:18:07,10:18:07,6.85,--,3,2055,卖盘,2017-08-01,2017-08-01 10:18:07
10:18:13,10:18:13,6.85,--,64,43840,卖盘,2017-08-01,2017-08-01 10:18:13
10:18:19,10:18:19,6.85,--,6,4110,卖盘,2017-08-01,2017-08-01 10:18:19
10:18:22,10:18:22,6.85,--,150,102750,卖盘,2017-08-01,2017-08-01 10:18:22
10:18:25,10:18:25,6.85,--,5,3425,卖盘,2017-08-01,2017-08-01 10:18:25
10:18:28,10:18:28,6.85,--,1,685,卖盘,2017-08-01,2017-08-01 10:18:28
10:18:37,10:18:37,6.85,--,15,10275,卖盘,2017-08-01,2017-08-01 10:18:37
10:18:40,10:18:40,6.85,--,27,18495,卖盘,2017-08-01,2017-08-01 10:18:40
10:18:43,10:18:43,6.85,--,1,685,卖盘,2017-08-01,2017-08-01 10:18:43
10:18:49,10:18:49,6.85,--,14,9590,卖盘,2017-08-01,2017-08-01 10:18:49
10:18:52,10:18:52,6.85,--,30,20550,卖盘,2017-08-01,2017-08-01 10:18:52
10:19:01,10:19:01,6.85,--,22,15070,卖盘,2017-08-01,2017-08-01 10:19:01
10:19:04,10:19:04,6.85,--,160,109600,卖盘,2017-08-01,2017-08-01 10:19:04
10:19:07,10:19:07,6.85,--,20,13700,卖盘,2017-08-01,2017-08-01 10:19:07
10:19:16,10:19:16,6.85,--,14,9590,卖盘,2017-08-01,2017-08-01 10:19:16
10:19:19,10:19:19,6.85,--,8,5480,卖盘,2017-08-01,2017-08-01 10:19:19
10:19:22,10:19:22,6.85,--,50,34250,卖盘,2017-08-01,2017-08-01 10:19:22
10:19:25,10:19:25,6.85,--,20,13700,卖盘,2017-08-01,2017-08-01 10:19:25
10:19:31,10:19:31,6.85,--,176,120560,卖盘,2017-08-01,2017-08-01 10:19:31
10:19:34,10:19:34,6.85,--,1,685,卖盘,2017-08-01,2017-08-01 10:19:34
10:19:43,10:19:43,6.85,--,11,7535,卖盘,2017-08-01,2017-08-01 10:19:43
10:19:46,10:19:46,6.85,--,20,13700,卖盘,2017-08-01,2017-08-01 10:19:46
10:19:52,10:19:52,6.85,--,2,1370,卖盘,2017-08-01,2017-08-01 10:19:52
10:20:19,10:20:19,6.85,--,10,6850,卖盘,2017-08-01,2017-08-01 10:20:19
10:20:28,10:20:28,6.85,--,1245,852825,卖盘,2017-08-01,2017-08-01 10:20:28
10:20:31,10:20:31,6.85,--,5,3425,卖盘,2017-08-01,2017-08-01 10:20:31
10:20:37,10:20:37,6.85,--,6,4110,卖盘,2017-08-01,2017-08-01 10:20:37
10:20:43,10:20:43,6.85,--,12,8220,卖盘,2017-08-01,2017-08-01 10:20:43
10:20:52,10:20:52,6.85,--,10,6850,卖盘,2017-08-01,2017-08-01 10:20:52
10:20:55,10:20:55,6.85,--,80,54800,卖盘,2017-08-01,2017-08-01 10:20:55
10:21:07,10:21:07,6.85,--,12,8220,卖盘,2017-08-01,2017-08-01 10:21:07
10:21:10,10:21:10,6.85,--,20,13700,卖盘,2017-08-01,2017-08-01 10:21:10
10:21:13,10:21:13,6.85,--,105,71925,卖盘,2017-08-01,2017-08-01 10:21:13
10:21:16,10:21:16,6.85,--,62,42470,卖盘,2017-08-01,2017-08-01 10:21:16
10:21:19,10:21:19,6.85,--,5,3425,卖盘,2017-08-01,2017-08-01 10:21:19
10:21:22,10:21:22,6.85,--,36,24660,卖盘,2017-08-01,2017-08-01 10:21:22
10:21:43,10:21:43,6.85,--,7,4795,卖盘,2017-08-01,2017-08-01 10:21:43
10:21:46,10:21:46,6.85,--,10,6850,卖盘,2017-08-01,2017-08-01 10:21:46
10:21:58,10:21:58,6.85,--,2,1370,卖盘,2017-08-01,2017-08-01 10:21:58
10:22:01,10:22:01,6.85,--,5,3425,卖盘,2017-08-01,2017-08-01 10:22:01
10:22:04,10:22:04,6.85,--,20,13700,卖盘,2017-08-01,2017-08-01 10:22:04
10:22:07,10:22:07,6.85,--,6,4110,卖盘,2017-08-01,2017-08-01 10:22:07
10:22:22,10:22:22,6.85,--,1,685,卖盘,2017-08-01,2017-08-01 10:22:22
10:22:25,10:22:25,6.85,--,15,10275,卖盘,2017-08-01,2017-08-01 10:22:25
10:22:28,10:22:28,6.85,--,15,10275,卖盘,2017-08-01,2017-08-01 10:22:28
10:22:31,10:22:31,6.85,--,15,10275,卖盘,2017-08-01,2017-08-01 10:22:31
10:22:46,10:22:46,6.85,--,19,13015,卖盘,2017-08-01,2017-08-01 10:22:46
10:22:55,10:22:55,6.85,--,5,3425,卖盘,2017-08-01,2017-08-01 10:22:55
10:23:01,10:23:01,6.85,--,3,2055,卖盘,2017-08-01,2017-08-01 10:23:01
10:23:04,10:23:04,6.85,--,5,3425,卖盘,2017-08-01,2017-08-01 10:23:04
10:23:07,10:23:07,6.85,--,16,10960,卖盘,2017-08-01,2017-08-01 10:23:07
10:23:10,10:23:10,6.85,--,500,342500,卖盘,2017-08-01,2017-08-01 10:23:10
10:23:22,10:23:22,6.85,--,7,4795,卖盘,2017-08-01,2017-08-01 10:23:22
10:23:31,10:23:31,6.85,--,12,8220,卖盘,2017-08-01,2017-08-01 10:23:31
10:23:34,10:23:34,6.85,--,1,685,卖盘,2017-08-01,2017-08-01 10:23:34
10:23:37,10:23:37,6.85,--,10,6850,卖盘,2017-08-01,2017-08-01 10:23:37
10:23:43,10:23:43,6.85,--,51,34935,卖盘,2017-08-01,2017-08-01 10:23:43
10:23:49,10:23:49,6.85,--,10,6850,卖盘,2017-08-01,2017-08-01 10:23:49
10:24:07,10:24:07,6.85,--,10,6850,卖盘,2017-08-01,2017-08-01 10:24:07
10:24:13,10:24:13,6.85,--,10,6850,卖盘,2017-08-01,2017-08-01 10:24:13
10:24:16,10:24:16,6.85,--,10,6850,卖盘,2017-08-01,2017-08-01 10:24:16
10:24:19,10:24:19,6.85,--,6,4110,卖盘,2017-08-01,2017-08-01 10:24:19
10:24:28,10:24:28,6.85,--,185,126725,卖盘,2017-08-01,2017-08-01 10:24:28
10:24:34,10:24:34,6.85,--,140,95900,卖盘,2017-08-01,2017-08-01 10:24:34
10:24:37,10:24:37,6.85,--,20,13700,卖盘,2017-08-01,2017-08-01 10:24:37
10:24:43,10:24:43,6.85,--,2,1370,卖盘,2017-08-01,2017-08-01 10:24:43
10:24:56,10:24:56,6.85,--,5,3425,卖盘,2017-08-01,2017-08-01 10:24:56
10:24:59,10:24:59,6.85,--,26,17810,卖盘,2017-08-01,2017-08-01 10:24:59
10:25:08,10:25:08,6.85,--,3,2055,卖盘,2017-08-01,2017-08-01 10:25:08
10:25:23,10:25:23,6.85,--,20,13700,卖盘,2017-08-01,2017-08-01 10:25:23
10:25:29,10:25:29,6.85,--,7,4795,卖盘,2017-08-01,2017-08-01 10:25:29
10:25:35,10:25:35,6.85,--,2,1370,卖盘,2017-08-01,2017-08-01 10:25:35
10:25:38,10:25:38,6.85,--,8,5480,卖盘,2017-08-01,2017-08-01 10:25:38
10:25:44,10:25:44,6.85,--,82,56170,卖盘,2017-08-01,2017-08-01 10:25:44
10:25:47,10:25:47,6.85,--,18,12330,卖盘,2017-08-01,2017-08-01 10:25:47
10:25:50,10:25:50,6.85,--,50,34250,卖盘,2017-08-01,2017-08-01 10:25:50
10:26:02,10:26:02,6.85,--,10,6850,卖盘,2017-08-01,2017-08-01 10:26:02
10:26:11,10:26:11,6.85,--,7,4795,卖盘,2017-08-01,2017-08-01 10:26:11
10:26:14,10:26:14,6.85,--,10,6850,卖盘,2017-08-01,2017-08-01 10:26:14
10:26:23,10:26:23,6.85,--,1,685,卖盘,2017-08-01,2017-08-01 10:26:23
10:26:26,10:26:26,6.85,--,25,17125,卖盘,2017-08-01,2017-08-01 10:26:26
10:26:32,10:26:32,6.85,--,2,1383,卖盘,2017-08-01,2017-08-01 10:26:32
10:26:38,10:26:38,6.85,--,11,7535,卖盘,2017-08-01,2017-08-01 10:26:38
10:26:41,10:26:41,6.85,--,3,2055,卖盘,2017-08-01,2017-08-01 10:26:41
10:26:47,10:26:47,6.85,--,22,15070,卖盘,2017-08-01,2017-08-01 10:26:47
10:26:53,10:26:53,6.85,--,4,2740,卖盘,2017-08-01,2017-08-01 10:26:53
10:26:59,10:26:59,6.85,--,4,2740,卖盘,2017-08-01,2017-08-01 10:26:59
10:27:02,10:27:02,6.85,--,10,6850,卖盘,2017-08-01,2017-08-01 10:27:02
10:27:05,10:27:05,6.85,--,7,4795,卖盘,2017-08-01,2017-08-01 10:27:05
10:27:11,10:27:11,6.85,--,5,3425,卖盘,2017-08-01,2017-08-01 10:27:11
10:27:14,10:27:14,6.85,--,3,2055,卖盘,2017-08-01,2017-08-01 10:27:14
10:27:23,10:27:23,6.85,--,1,685,卖盘,2017-08-01,2017-08-01 10:27:23
10:27:26,10:27:26,6.85,--,36,24660,卖盘,2017-08-01,2017-08-01 10:27:26
10:27:29,10:27:29,6.85,--,9,6165,卖盘,2017-08-01,2017-08-01 10:27:29
10:27:35,10:27:35,6.85,--,16,10960,卖盘,2017-08-01,2017-08-01 10:27:35
10:27:44,10:27:44,6.85,--,9,6165,卖盘,2017-08-01,2017-08-01 10:27:44
10:27:47,10:27:47,6.85,--,2,1370,卖盘,2017-08-01,2017-08-01 10:27:47
10:27:50,10:27:50,6.85,--,5,3425,卖盘,2017-08-01,2017-08-01 10:27:50
10:27:59,10:27:59,6.85,--,29,19865,卖盘,2017-08-01,2017-08-01 10:27:59
10:28:02,10:28:02,6.85,--,5,3425,卖盘,2017-08-01,2017-08-01 10:28:02
10:28:08,10:28:08,6.85,--,20,13700,卖盘,2017-08-01,2017-08-01 10:28:08
10:28:17,10:28:17,6.85,--,4,2740,卖盘,2017-08-01,2017-08-01 10:28:17
10:28:20,10:28:20,6.85,--,2,1370,卖盘,2017-08-01,2017-08-01 10:28:20
10:28:23,10:28:23,6.85,--,10,6850,卖盘,2017-08-01,2017-08-01 10:28:23
10:28:29,10:28:29,6.85,--,51,34935,卖盘,2017-08-01,2017-08-01 10:28:29
10:28:35,10:28:35,6.85,--,10,6850,卖盘,2017-08-01,2017-08-01 10:28:35
10:28:41,10:28:41,6.85,--,10,6850,卖盘,2017-08-01,2017-08-01 10:28:41
10:28:47,10:28:47,6.85,--,3,2055,卖盘,2017-08-01,2017-08-01 10:28:47
10:28:54,10:28:54,6.85,--,30,20550,卖盘,2017-08-01,2017-08-01 10:28:54
10:29:00,10:29:00,6.85,--,80,54800,卖盘,2017-08-01,2017-08-01 10:29:00
10:29:03,10:29:03,6.85,--,2,1370,卖盘,2017-08-01,2017-08-01 10:29:03
10:29:09,10:29:09,6.85,--,9,6165,卖盘,2017-08-01,2017-08-01 10:29:09
10:29:15,10:29:15,6.85,--,32,21920,卖盘,2017-08-01,2017-08-01 10:29:15
10:29:27,10:29:27,6.85,--,37,25345,卖盘,2017-08-01,2017-08-01 10:29:27
10:29:30,10:29:30,6.85,--,30,20550,卖盘,2017-08-01,2017-08-01 10:29:30
10:29:36,10:29:36,6.85,--,5,3425,卖盘,2017-08-01,2017-08-01 10:29:36
10:29:42,10:29:42,6.85,--,25,17125,卖盘,2017-08-01,2017-08-01 10:29:42
10:29:54,10:29:54,6.85,--,32,21920,卖盘,2017-08-01,2017-08-01 10:29:54
10:30:27,10:30:27,6.85,--,24,16440,卖盘,2017-08-01,2017-08-01 10:30:27
10:30:33,10:30:33,6.85,--,40,27400,卖盘,2017-08-01,2017-08-01 10:30:33
10:30:36,10:30:36,6.85,--,6,4110,卖盘,2017-08-01,2017-08-01 10:30:36
10:30:42,10:30:42,6.85,--,31,21235,卖盘,2017-08-01,2017-08-01 10:30:42
10:30:51,10:30:51,6.85,--,2,1370,卖盘,2017-08-01,2017-08-01 10:30:51
10:30:57,10:30:57,6.85,--,7,4795,卖盘,2017-08-01,2017-08-01 10:30:57
10:31:00,10:31:00,6.85,--,8,5480,卖盘,2017-08-01,2017-08-01 10:31:00
10:31:09,10:31:09,6.85,--,8,5480,卖盘,2017-08-01,2017-08-01 10:31:09
10:31:12,10:31:12,6.85,--,3,2055,卖盘,2017-08-01,2017-08-01 10:31:12
10:31:30,10:31:30,6.85,--,270,184950,卖盘,2017-08-01,2017-08-01 10:31:30
10:31:42,10:31:42,6.85,--,25,17125,卖盘,2017-08-01,2017-08-01 10:31:42
10:31:51,10:31:51,6.85,--,2,1370,卖盘,2017-08-01,2017-08-01 10:31:51
10:31:54,10:31:54,6.85,--,30,20550,卖盘,2017-08-01,2017-08-01 10:31:54
10:32:06,10:32:06,6.85,--,82,56170,卖盘,2017-08-01,2017-08-01 10:32:06
10:32:15,10:32:15,6.85,--,12,8220,卖盘,2017-08-01,2017-08-01 10:32:15
10:32:21,10:32:21,6.85,--,15,10275,卖盘,2017-08-01,2017-08-01 10:32:21
10:32:39,10:32:39,6.85,--,3,2055,卖盘,2017-08-01,2017-08-01 10:32:39
10:32:42,10:32:42,6.85,--,37,25345,卖盘,2017-08-01,2017-08-01 10:32:42
10:32:48,10:32:48,6.85,--,75,51375,卖盘,2017-08-01,2017-08-01 10:32:48
10:32:54,10:32:54,6.85,--,10,6850,卖盘,2017-08-01,2017-08-01 10:32:54
10:33:03,10:33:03,6.85,--,1,685,卖盘,2017-08-01,2017-08-01 10:33:03
10:33:06,10:33:06,6.85,--,50,34250,卖盘,2017-08-01,2017-08-01 10:33:06
10:33:09,10:33:09,6.85,--,43,29455,卖盘,2017-08-01,2017-08-01 10:33:09
10:33:24,10:33:24,6.85,--,15,10275,卖盘,2017-08-01,2017-08-01 10:33:24
10:33:30,10:33:30,6.85,--,3,2055,卖盘,2017-08-01,2017-08-01 10:33:30
10:33:36,10:33:36,6.85,--,20,13700,卖盘,2017-08-01,2017-08-01 10:33:36
10:33:48,10:33:48,6.85,--,7,4795,卖盘,2017-08-01,2017-08-01 10:33:48
10:34:00,10:34:00,6.85,--,35,23975,卖盘,2017-08-01,2017-08-01 10:34:00
10:34:06,10:34:06,6.85,--,2,1370,卖盘,2017-08-01,2017-08-01 10:34:06
10:34:18,10:34:18,6.85,--,80,54800,卖盘,2017-08-01,2017-08-01 10:34:18
10:34:21,10:34:21,6.85,--,210,143850,卖盘,2017-08-01,2017-08-01 10:34:21
10:34:27,10:34:27,6.85,--,10,6850,卖盘,2017-08-01,2017-08-01 10:34:27
10:34:33,10:34:33,6.85,--,10,6850,卖盘,2017-08-01,2017-08-01 10:34:33
10:34:36,10:34:36,6.85,--,10,6850,卖盘,2017-08-01,2017-08-01 10:34:36
10:34:39,10:34:39,6.85,--,21,14385,卖盘,2017-08-01,2017-08-01 10:34:39
10:35:04,10:35:04,6.85,--,124,84940,卖盘,2017-08-01,2017-08-01 10:35:04
10:35:10,10:35:10,6.85,--,60,41100,卖盘,2017-08-01,2017-08-01 10:35:10
10:35:25,10:35:25,6.85,--,5,3425,卖盘,2017-08-01,2017-08-01 10:35:25
10:35:28,10:35:28,6.85,--,2,1370,卖盘,2017-08-01,2017-08-01 10:35:28
10:35:31,10:35:31,6.85,--,31,21235,卖盘,2017-08-01,2017-08-01 10:35:31
10:35:34,10:35:34,6.85,--,14,9590,卖盘,2017-08-01,2017-08-01 10:35:34
10:35:37,10:35:37,6.85,--,5,3425,卖盘,2017-08-01,2017-08-01 10:35:37
10:35:55,10:35:55,6.85,--,51,34935,卖盘,2017-08-01,2017-08-01 10:35:55
10:36:01,10:36:01,6.85,--,99,67815,卖盘,2017-08-01,2017-08-01 10:36:01
10:36:07,10:36:07,6.85,--,10,6850,卖盘,2017-08-01,2017-08-01 10:36:07
10:36:10,10:36:10,6.85,--,5,3425,卖盘,2017-08-01,2017-08-01 10:36:10
10:36:13,10:36:13,6.85,--,30,20550,卖盘,2017-08-01,2017-08-01 10:36:13
10:36:22,10:36:22,6.85,--,80,54800,卖盘,2017-08-01,2017-08-01 10:36:22
10:36:31,10:36:31,6.85,--,15,10275,卖盘,2017-08-01,2017-08-01 10:36:31
10:36:46,10:36:46,6.85,--,28,19180,卖盘,2017-08-01,2017-08-01 10:36:46
10:36:49,10:36:49,6.85,--,10,6850,卖盘,2017-08-01,2017-08-01 10:36:49
10:36:58,10:36:58,6.85,--,6,4110,卖盘,2017-08-01,2017-08-01 10:36:58
10:37:10,10:37:10,6.85,--,6,4110,卖盘,2017-08-01,2017-08-01 10:37:10
10:37:22,10:37:22,6.85,--,2,1370,卖盘,2017-08-01,2017-08-01 10:37:22
10:37:28,10:37:28,6.85,--,10,6850,卖盘,2017-08-01,2017-08-01 10:37:28
10:37:37,10:37:37,6.85,--,4,2740,卖盘,2017-08-01,2017-08-01 10:37:37
10:37:40,10:37:40,6.85,--,5,3425,卖盘,2017-08-01,2017-08-01 10:37:40
10:37:52,10:37:52,6.85,--,5,3425,卖盘,2017-08-01,2017-08-01 10:37:52
10:38:07,10:38:07,6.85,--,6,4110,卖盘,2017-08-01,2017-08-01 10:38:07
10:38:22,10:38:22,6.85,--,6,4110,卖盘,2017-08-01,2017-08-01 10:38:22
10:38:28,10:38:28,6.85,--,10,6850,卖盘,2017-08-01,2017-08-01 10:38:28
10:38:31,10:38:31,6.85,--,5,3425,卖盘,2017-08-01,2017-08-01 10:38:31
10:38:40,10:38:40,6.85,--,53,36305,卖盘,2017-08-01,2017-08-01 10:38:40
10:38:58,10:38:58,6.85,--,25,17125,卖盘,2017-08-01,2017-08-01 10:38:58
10:39:07,10:39:07,6.85,--,30,20550,卖盘,2017-08-01,2017-08-01 10:39:07
10:39:10,10:39:10,6.85,--,7,4795,卖盘,2017-08-01,2017-08-01 10:39:10
10:39:22,10:39:22,6.85,--,586,401410,卖盘,2017-08-01,2017-08-01 10:39:22
10:39:28,10:39:28,6.85,--,4,2740,卖盘,2017-08-01,2017-08-01 10:39:28
10:39:40,10:39:40,6.85,--,8,5480,卖盘,2017-08-01,2017-08-01 10:39:40
10:39:52,10:39:52,6.85,--,10,6850,卖盘,2017-08-01,2017-08-01 10:39:52
10:40:10,10:40:10,6.85,--,326,223310,卖盘,2017-08-01,2017-08-01 10:40:10
10:40:22,10:40:22,6.85,--,1,685,卖盘,2017-08-01,2017-08-01 10:40:22
10:40:28,10:40:28,6.85,--,5,3425,卖盘,2017-08-01,2017-08-01 10:40:28
10:40:37,10:40:37,6.85,--,6,4110,卖盘,2017-08-01,2017-08-01 10:40:37
10:40:58,10:40:58,6.85,--,6,4110,卖盘,2017-08-01,2017-08-01 10:40:58
10:41:01,10:41:01,6.85,--,10,6850,卖盘,2017-08-01,2017-08-01 10:41:01
10:41:04,10:41:04,6.85,--,9,6165,卖盘,2017-08-01,2017-08-01 10:41:04
10:41:13,10:41:13,6.85,--,20,13700,卖盘,2017-08-01,2017-08-01 10:41:13
10:41:19,10:41:19,6.85,--,28,19180,卖盘,2017-08-01,2017-08-01 10:41:19
10:41:25,10:41:25,6.85,--,3,2055,卖盘,2017-08-01,2017-08-01 10:41:25
10:41:37,10:41:37,6.85,--,19,13015,卖盘,2017-08-01,2017-08-01 10:41:37
10:42:01,10:42:01,6.85,--,10,6850,卖盘,2017-08-01,2017-08-01 10:42:01
10:42:13,10:42:13,6.85,--,15,10275,卖盘,2017-08-01,2017-08-01 10:42:13
10:42:16,10:42:16,6.85,--,10,6850,卖盘,2017-08-01,2017-08-01 10:42:16
10:42:31,10:42:31,6.85,--,5,3425,卖盘,2017-08-01,2017-08-01 10:42:31
10:42:37,10:42:37,6.85,--,55,37675,卖盘,2017-08-01,2017-08-01 10:42:37
10:42:40,10:42:40,6.85,--,12,8220,卖盘,2017-08-01,2017-08-01 10:42:40
10:42:55,10:42:55,6.85,--,2,1370,卖盘,2017-08-01,2017-08-01 10:42:55
10:43:07,10:43:07,6.85,--,2,1370,卖盘,2017-08-01,2017-08-01 10:43:07
10:43:10,10:43:10,6.85,--,14,9590,卖盘,2017-08-01,2017-08-01 10:43:10
10:43:16,10:43:16,6.85,--,10,6850,卖盘,2017-08-01,2017-08-01 10:43:16
10:43:19,10:43:19,6.85,--,20,13700,卖盘,2017-08-01,2017-08-01 10:43:19
10:43:25,10:43:25,6.85,--,4,2740,卖盘,2017-08-01,2017-08-01 10:43:25
10:43:32,10:43:32,6.85,--,6,4110,卖盘,2017-08-01,2017-08-01 10:43:32
10:43:35,10:43:35,6.85,--,10,6850,卖盘,2017-08-01,2017-08-01 10:43:35
10:43:41,10:43:41,6.85,--,20,13700,卖盘,2017-08-01,2017-08-01 10:43:41
10:43:44,10:43:44,6.85,--,50,34250,卖盘,2017-08-01,2017-08-01 10:43:44
10:43:53,10:43:53,6.85,--,20,13700,卖盘,2017-08-01,2017-08-01 10:43:53
10:43:56,10:43:56,6.85,--,5,3425,卖盘,2017-08-01,2017-08-01 10:43:56
10:44:32,10:44:32,6.85,--,6,4110,卖盘,2017-08-01,2017-08-01 10:44:32
10:44:35,10:44:35,6.85,--,20,13700,卖盘,2017-08-01,2017-08-01 10:44:35
10:44:44,10:44:44,6.85,--,5,3425,卖盘,2017-08-01,2017-08-01 10:44:44
10:44:53,10:44:53,6.85,--,2,1370,卖盘,2017-08-01,2017-08-01 10:44:53
10:44:56,10:44:56,6.85,--,20,13700,卖盘,2017-08-01,2017-08-01 10:44:56
10:44:59,10:44:59,6.85,--,4,2740,卖盘,2017-08-01,2017-08-01 10:44:59
10:45:05,10:45:05,6.85,--,80,54800,卖盘,2017-08-01,2017-08-01 10:45:05
10:45:08,10:45:08,6.85,--,22,15070,卖盘,2017-08-01,2017-08-01 10:45:08
10:45:11,10:45:11,6.85,--,5,3425,卖盘,2017-08-01,2017-08-01 10:45:11
10:45:17,10:45:17,6.85,--,19,13015,卖盘,2017-08-01,2017-08-01 10:45:17
10:45:44,10:45:44,6.85,--,2,1370,卖盘,2017-08-01,2017-08-01 10:45:44
10:45:50,10:45:50,6.85,--,3,2055,卖盘,2017-08-01,2017-08-01 10:45:50
10:46:14,10:46:14,6.85,--,5,3425,卖盘,2017-08-01,2017-08-01 10:46:14
10:46:23,10:46:23,6.85,--,6,4110,卖盘,2017-08-01,2017-08-01 10:46:23
10:46:29,10:46:29,6.85,--,14,9590,卖盘,2017-08-01,2017-08-01 10:46:29
10:46:35,10:46:35,6.85,--,4,2740,卖盘,2017-08-01,2017-08-01 10:46:35
10:46:44,10:46:44,6.85,--,5,3425,卖盘,2017-08-01,2017-08-01 10:46:44
10:46:59,10:46:59,6.85,--,33,22605,卖盘,2017-08-01,2017-08-01 10:46:59
10:47:30,10:47:30,6.85,--,18,12330,卖盘,2017-08-01,2017-08-01 10:47:30
10:47:33,10:47:33,6.85,--,33,22605,卖盘,2017-08-01,2017-08-01 10:47:33
10:47:36,10:47:36,6.85,--,1,685,卖盘,2017-08-01,2017-08-01 10:47:36
10:47:45,10:47:45,6.85,--,10,6850,卖盘,2017-08-01,2017-08-01 10:47:45
10:47:54,10:47:54,6.85,--,20,13700,卖盘,2017-08-01,2017-08-01 10:47:54
10:48:00,10:48:00,6.85,--,2,1370,卖盘,2017-08-01,2017-08-01 10:48:00
10:48:06,10:48:06,6.85,--,3,2055,卖盘,2017-08-01,2017-08-01 10:48:06
10:48:24,10:48:24,6.85,--,20,13700,卖盘,2017-08-01,2017-08-01 10:48:24
10:48:48,10:48:48,6.85,--,54,36990,卖盘,2017-08-01,2017-08-01 10:48:48
10:49:03,10:49:03,6.85,--,10,6850,卖盘,2017-08-01,2017-08-01 10:49:03
10:49:09,10:49:09,6.85,--,6,4110,卖盘,2017-08-01,2017-08-01 10:49:09
10:49:30,10:49:30,6.85,--,5,3425,卖盘,2017-08-01,2017-08-01 10:49:30
10:49:36,10:49:36,6.85,--,5,3425,卖盘,2017-08-01,2017-08-01 10:49:36
10:49:42,10:49:42,6.85,--,50,34250,卖盘,2017-08-01,2017-08-01 10:49:42
10:49:51,10:49:51,6.85,--,27,18495,卖盘,2017-08-01,2017-08-01 10:49:51
10:49:54,10:49:54,6.85,--,60,41100,卖盘,2017-08-01,2017-08-01 10:49:54
10:50:03,10:50:03,6.85,--,15,10275,卖盘,2017-08-01,2017-08-01 10:50:03
10:50:06,10:50:06,6.85,--,28,19180,卖盘,2017-08-01,2017-08-01 10:50:06
10:50:18,10:50:18,6.85,--,3,2055,卖盘,2017-08-01,2017-08-01 10:50:18
10:50:39,10:50:39,6.85,--,5,3425,卖盘,2017-08-01,2017-08-01 10:50:39
10:51:06,10:51:06,6.85,--,5,3425,卖盘,2017-08-01,2017-08-01 10:51:06
10:51:24,10:51:24,6.85,--,10,6850,卖盘,2017-08-01,2017-08-01 10:51:24
10:51:42,10:51:42,6.85,--,8,5480,卖盘,2017-08-01,2017-08-01 10:51:42
10:51:45,10:51:45,6.85,--,1,685,卖盘,2017-08-01,2017-08-01 10:51:45
10:51:51,10:51:51,6.85,--,37,25345,卖盘,2017-08-01,2017-08-01 10:51:51
10:52:03,10:52:03,6.85,--,5,3425,卖盘,2017-08-01,2017-08-01 10:52:03
10:52:27,10:52:27,6.85,--,9,6165,卖盘,2017-08-01,2017-08-01 10:52:27
10:52:36,10:52:36,6.85,--,117,80145,卖盘,2017-08-01,2017-08-01 10:52:36
10:52:39,10:52:39,6.85,--,1,685,卖盘,2017-08-01,2017-08-01 10:52:39
10:52:42,10:52:42,6.85,--,3,2055,卖盘,2017-08-01,2017-08-01 10:52:42
10:52:48,10:52:48,6.85,--,6,4110,卖盘,2017-08-01,2017-08-01 10:52:48
10:52:57,10:52:57,6.85,--,5,3425,卖盘,2017-08-01,2017-08-01 10:52:57
10:53:00,10:53:00,6.85,--,6,4110,卖盘,2017-08-01,2017-08-01 10:53:00
10:53:21,10:53:21,6.85,--,2,1370,卖盘,2017-08-01,2017-08-01 10:53:21
10:53:27,10:53:27,6.85,--,1,685,卖盘,2017-08-01,2017-08-01 10:53:27
10:54:19,10:54:19,6.85,--,2,1370,卖盘,2017-08-01,2017-08-01 10:54:19
10:54:37,10:54:37,6.85,--,50,34250,卖盘,2017-08-01,2017-08-01 10:54:37
10:54:40,10:54:40,6.85,--,10,6850,卖盘,2017-08-01,2017-08-01 10:54:40
10:54:49,10:54:49,6.85,--,46,31510,卖盘,2017-08-01,2017-08-01 10:54:49
10:55:16,10:55:16,6.85,--,20,13700,卖盘,2017-08-01,2017-08-01 10:55:16
10:55:25,10:55:25,6.85,--,40,27400,卖盘,2017-08-01,2017-08-01 10:55:25
10:55:58,10:55:58,6.85,--,18,12330,卖盘,2017-08-01,2017-08-01 10:55:58
10:56:01,10:56:01,6.85,--,5,3425,卖盘,2017-08-01,2017-08-01 10:56:01
10:56:19,10:56:19,6.85,--,13,8905,卖盘,2017-08-01,2017-08-01 10:56:19
10:56:31,10:56:31,6.85,--,9,6165,卖盘,2017-08-01,2017-08-01 10:56:31
10:56:34,10:56:34,6.85,--,5,3425,卖盘,2017-08-01,2017-08-01 10:56:34
10:56:49,10:56:49,6.85,--,10,6850,卖盘,2017-08-01,2017-08-01 10:56:49
10:56:58,10:56:58,6.85,--,64,43840,卖盘,2017-08-01,2017-08-01 10:56:58
10:57:16,10:57:16,6.85,--,100,68500,卖盘,2017-08-01,2017-08-01 10:57:16
10:57:28,10:57:28,6.85,--,40,27400,卖盘,2017-08-01,2017-08-01 10:57:28
10:57:40,10:57:40,6.85,--,2,1370,卖盘,2017-08-01,2017-08-01 10:57:40
10:57:46,10:57:46,6.85,--,52,35620,卖盘,2017-08-01,2017-08-01 10:57:46
10:58:04,10:58:04,6.85,--,40,27400,卖盘,2017-08-01,2017-08-01 10:58:04
10:58:07,10:58:07,6.85,--,100,68500,卖盘,2017-08-01,2017-08-01 10:58:07
10:58:10,10:58:10,6.85,--,20,13700,卖盘,2017-08-01,2017-08-01 10:58:10
10:58:31,10:58:31,6.85,--,11,7535,卖盘,2017-08-01,2017-08-01 10:58:31
10:59:01,10:59:01,6.85,--,10,6850,卖盘,2017-08-01,2017-08-01 10:59:01
10:59:16,10:59:16,6.85,--,1,685,卖盘,2017-08-01,2017-08-01 10:59:16
10:59:25,10:59:25,6.85,--,137,93845,卖盘,2017-08-01,2017-08-01 10:59:25
10:59:34,10:59:34,6.85,--,36,24660,卖盘,2017-08-01,2017-08-01 10:59:34
10:59:52,10:59:52,6.85,--,10,6850,卖盘,2017-08-01,2017-08-01 10:59:52
11:00:04,11:00:04,6.85,--,10,6850,卖盘,2017-08-01,2017-08-01 11:00:04
11:00:25,11:00:25,6.85,--,5,3425,卖盘,2017-08-01,2017-08-01 11:00:25
11:00:28,11:00:28,6.85,--,10,6850,卖盘,2017-08-01,2017-08-01 11:00:28
11:00:34,11:00:34,6.85,--,22,15070,卖盘,2017-08-01,2017-08-01 11:00:34
11:00:43,11:00:43,6.85,--,22,15070,卖盘,2017-08-01,2017-08-01 11:00:43
11:00:46,11:00:46,6.85,--,20,13700,卖盘,2017-08-01,2017-08-01 11:00:46
11:00:55,11:00:55,6.85,--,4,2740,卖盘,2017-08-01,2017-08-01 11:00:55
11:00:58,11:00:58,6.85,--,10,6850,卖盘,2017-08-01,2017-08-01 11:00:58
11:01:16,11:01:16,6.85,--,50,34250,卖盘,2017-08-01,2017-08-01 11:01:16
11:01:28,11:01:28,6.85,--,18,12330,卖盘,2017-08-01,2017-08-01 11:01:28
11:02:04,11:02:04,6.85,--,12,8220,卖盘,2017-08-01,2017-08-01 11:02:04
11:02:22,11:02:22,6.85,--,5,3425,卖盘,2017-08-01,2017-08-01 11:02:22
11:03:05,11:03:05,6.85,--,10,6850,卖盘,2017-08-01,2017-08-01 11:03:05
11:03:44,11:03:44,6.85,--,3,2055,卖盘,2017-08-01,2017-08-01 11:03:44
11:04:05,11:04:05,6.85,--,10,6850,卖盘,2017-08-01,2017-08-01 11:04:05
11:04:08,11:04:08,6.85,--,10,6850,卖盘,2017-08-01,2017-08-01 11:04:08
11:04:23,11:04:23,6.85,--,5,3425,卖盘,2017-08-01,2017-08-01 11:04:23
11:04:29,11:04:29,6.85,--,20,13700,卖盘,2017-08-01,2017-08-01 11:04:29
11:04:41,11:04:41,6.85,--,17,11645,卖盘,2017-08-01,2017-08-01 11:04:41
11:05:05,11:05:05,6.85,--,30,20550,卖盘,2017-08-01,2017-08-01 11:05:05
11:05:11,11:05:11,6.85,--,5,3425,卖盘,2017-08-01,2017-08-01 11:05:11
11:05:29,11:05:29,6.85,--,1,685,卖盘,2017-08-01,2017-08-01 11:05:29
11:05:32,11:05:32,6.85,--,1,685,卖盘,2017-08-01,2017-08-01 11:05:32
11:05:41,11:05:41,6.85,--,59,40415,卖盘,2017-08-01,2017-08-01 11:05:41
11:06:06,11:06:06,6.85,--,20,13700,卖盘,2017-08-01,2017-08-01 11:06:06
11:06:08,11:06:08,6.85,--,21,14385,卖盘,2017-08-01,2017-08-01 11:06:08
11:06:12,11:06:12,6.85,--,3,2055,卖盘,2017-08-01,2017-08-01 11:06:12
11:06:21,11:06:21,6.85,--,4,2740,卖盘,2017-08-01,2017-08-01 11:06:21
11:06:36,11:06:36,6.85,--,1,685,卖盘,2017-08-01,2017-08-01 11:06:36
11:07:06,11:07:06,6.85,--,33,22605,卖盘,2017-08-01,2017-08-01 11:07:06
11:07:09,11:07:09,6.85,--,12,8220,卖盘,2017-08-01,2017-08-01 11:07:09
11:07:21,11:07:21,6.85,--,25,17125,卖盘,2017-08-01,2017-08-01 11:07:21
11:07:24,11:07:24,6.85,--,9,6165,卖盘,2017-08-01,2017-08-01 11:07:24
11:07:27,11:07:27,6.85,--,10,6850,卖盘,2017-08-01,2017-08-01 11:07:27
11:07:30,11:07:30,6.85,--,20,13700,卖盘,2017-08-01,2017-08-01 11:07:30
11:07:45,11:07:45,6.85,--,7,4795,卖盘,2017-08-01,2017-08-01 11:07:45
11:07:54,11:07:54,6.85,--,8,5480,卖盘,2017-08-01,2017-08-01 11:07:54
11:08:27,11:08:27,6.85,--,10,6850,卖盘,2017-08-01,2017-08-01 11:08:27
11:08:57,11:08:57,6.85,--,10,6850,卖盘,2017-08-01,2017-08-01 11:08:57
11:10:03,11:10:03,6.85,--,16,10960,卖盘,2017-08-01,2017-08-01 11:10:03
11:10:33,11:10:33,6.85,--,10,6850,卖盘,2017-08-01,2017-08-01 11:10:33
11:10:51,11:10:51,6.85,--,5,3425,卖盘,2017-08-01,2017-08-01 11:10:51
11:11:00,11:11:00,6.85,--,19,13015,卖盘,2017-08-01,2017-08-01 11:11:00
11:11:15,11:11:15,6.85,--,30,20550,卖盘,2017-08-01,2017-08-01 11:11:15
11:11:39,11:11:39,6.85,--,1,685,卖盘,2017-08-01,2017-08-01 11:11:39
11:12:30,11:12:30,6.85,--,52,35620,卖盘,2017-08-01,2017-08-01 11:12:30
11:12:46,11:12:46,6.85,--,1,685,卖盘,2017-08-01,2017-08-01 11:12:46
11:13:16,11:13:16,6.85,--,1,685,卖盘,2017-08-01,2017-08-01 11:13:16
11:13:19,11:13:19,6.85,--,15,10275,卖盘,2017-08-01,2017-08-01 11:13:19
11:13:31,11:13:31,6.85,--,1,685,卖盘,2017-08-01,2017-08-01 11:13:31
11:14:13,11:14:13,6.85,--,10,6850,卖盘,2017-08-01,2017-08-01 11:14:13
11:14:34,11:14:34,6.85,--,50,34250,卖盘,2017-08-01,2017-08-01 11:14:34
11:14:52,11:14:52,6.85,--,11,7535,卖盘,2017-08-01,2017-08-01 11:14:52
11:15:04,11:15:04,6.85,--,9,6165,卖盘,2017-08-01,2017-08-01 11:15:04
11:15:25,11:15:25,6.85,--,8,5480,卖盘,2017-08-01,2017-08-01 11:15:25
11:15:37,11:15:37,6.85,--,10,6850,卖盘,2017-08-01,2017-08-01 11:15:37
11:16:04,11:16:04,6.85,--,30,20550,卖盘,2017-08-01,2017-08-01 11:16:04
11:16:07,11:16:07,6.85,--,10,6850,卖盘,2017-08-01,2017-08-01 11:16:07
11:16:28,11:16:28,6.85,--,20,13700,卖盘,2017-08-01,2017-08-01 11:16:28
11:16:40,11:16:40,6.85,--,2,1370,卖盘,2017-08-01,2017-08-01 11:16:40
11:17:07,11:17:07,6.85,--,14,9590,卖盘,2017-08-01,2017-08-01 11:17:07
11:17:14,11:17:14,6.85,--,1,685,卖盘,2017-08-01,2017-08-01 11:17:14
11:17:16,11:17:16,6.85,--,20,13700,卖盘,2017-08-01,2017-08-01 11:17:16
11:17:23,11:17:23,6.85,--,10,6850,卖盘,2017-08-01,2017-08-01 11:17:23
11:18:08,11:18:08,6.85,--,10,6850,卖盘,2017-08-01,2017-08-01 11:18:08
11:18:56,11:18:56,6.85,--,10,6850,卖盘,2017-08-01,2017-08-01 11:18:56
11:19:05,11:19:05,6.85,--,10,6850,卖盘,2017-08-01,2017-08-01 11:19:05
11:19:13,11:19:13,6.85,--,12,8220,卖盘,2017-08-01,2017-08-01 11:19:13
11:19:17,11:19:17,6.85,--,3,2055,卖盘,2017-08-01,2017-08-01 11:19:17
11:19:20,11:19:20,6.85,--,2,1370,卖盘,2017-08-01,2017-08-01 11:19:20
11:19:32,11:19:32,6.85,--,2,1370,卖盘,2017-08-01,2017-08-01 11:19:32
11:19:34,11:19:34,6.85,--,3,2055,卖盘,2017-08-01,2017-08-01 11:19:34
11:19:56,11:19:56,6.85,--,40,27400,卖盘,2017-08-01,2017-08-01 11:19:56
11:20:17,11:20:17,6.85,--,2,1370,卖盘,2017-08-01,2017-08-01 11:20:17
11:20:46,11:20:46,6.85,--,2,1370,卖盘,2017-08-01,2017-08-01 11:20:46
11:20:59,11:20:59,6.85,--,6,4110,卖盘,2017-08-01,2017-08-01 11:20:59
11:22:29,11:22:29,6.85,--,6,4110,卖盘,2017-08-01,2017-08-01 11:22:29
11:22:44,11:22:44,6.85,--,1,685,卖盘,2017-08-01,2017-08-01 11:22:44
11:23:18,11:23:18,6.85,--,8,5480,卖盘,2017-08-01,2017-08-01 11:23:18
11:23:20,11:23:20,6.85,--,25,17125,卖盘,2017-08-01,2017-08-01 11:23:20
11:24:14,11:24:14,6.85,--,10,6850,卖盘,2017-08-01,2017-08-01 11:24:14
11:24:50,11:24:50,6.85,--,5,3425,卖盘,2017-08-01,2017-08-01 11:24:50
11:25:02,11:25:02,6.85,--,10,6850,卖盘,2017-08-01,2017-08-01 11:25:02
11:25:27,11:25:27,6.85,--,29,19865,卖盘,2017-08-01,2017-08-01 11:25:27
11:25:30,11:25:30,6.85,--,19,13015,卖盘,2017-08-01,2017-08-01 11:25:30
11:25:36,11:25:36,6.85,--,5,3425,卖盘,2017-08-01,2017-08-01 11:25:36
11:25:57,11:25:57,6.85,--,8,5480,卖盘,2017-08-01,2017-08-01 11:25:57
11:26:33,11:26:33,6.85,--,10,6850,卖盘,2017-08-01,2017-08-01 11:26:33
11:26:36,11:26:36,6.85,--,10,6850,卖盘,2017-08-01,2017-08-01 11:26:36
11:26:54,11:26:54,6.85,--,18,12330,卖盘,2017-08-01,2017-08-01 11:26:54
11:27:03,11:27:03,6.85,--,10,6850,卖盘,2017-08-01,2017-08-01 11:27:03
11:27:06,11:27:06,6.85,--,4,2740,卖盘,2017-08-01,2017-08-01 11:27:06
11:27:18,11:27:18,6.85,--,5,3425,卖盘,2017-08-01,2017-08-01 11:27:18
11:27:45,11:27:45,6.85,--,5,3425,卖盘,2017-08-01,2017-08-01 11:27:45
11:28:06,11:28:06,6.85,--,1,685,卖盘,2017-08-01,2017-08-01 11:28:06
11:28:21,11:28:21,6.85,--,20,13700,卖盘,2017-08-01,2017-08-01 11:28:21
11:28:39,11:28:39,6.85,--,20,13700,卖盘,2017-08-01,2017-08-01 11:28:39
11:28:48,11:28:48,6.85,--,10,6850,卖盘,2017-08-01,2017-08-01 11:28:48
11:29:12,11:29:12,6.85,--,10,6850,卖盘,2017-08-01,2017-08-01 11:29:12
11:30:00,11:30:00,6.85,--,0,0,卖盘,2017-08-01,2017-08-01 11:30:00
11:30:00,11:30:00,6.85,--,0,0,卖盘,2017-08-01,2017-08-01 11:30:00
13:00:03,13:00:03,6.85,--,871,596635,卖盘,2017-08-01,2017-08-01 13:00:03
13:00:06,13:00:06,6.85,--,604,413740,卖盘,2017-08-01,2017-08-01 13:00:06
13:00:09,13:00:09,6.85,--,29,19865,卖盘,2017-08-01,2017-08-01 13:00:09
13:00:12,13:00:12,6.85,--,23,15755,卖盘,2017-08-01,2017-08-01 13:00:12
13:00:15,13:00:15,6.85,--,16,10960,卖盘,2017-08-01,2017-08-01 13:00:15
13:00:18,13:00:18,6.85,--,18,12330,卖盘,2017-08-01,2017-08-01 13:00:18
13:00:24,13:00:24,6.85,--,10,6850,卖盘,2017-08-01,2017-08-01 13:00:24
13:00:36,13:00:36,6.85,--,5,3425,卖盘,2017-08-01,2017-08-01 13:00:36
13:00:39,13:00:39,6.85,--,3,2055,卖盘,2017-08-01,2017-08-01 13:00:39
13:00:48,13:00:48,6.85,--,8,5480,卖盘,2017-08-01,2017-08-01 13:00:48
13:00:54,13:00:54,6.85,--,10,6850,卖盘,2017-08-01,2017-08-01 13:00:54
13:01:36,13:01:36,6.85,--,2,1370,卖盘,2017-08-01,2017-08-01 13:01:36
13:02:03,13:02:03,6.85,--,24,16440,卖盘,2017-08-01,2017-08-01 13:02:03
13:02:51,13:02:51,6.85,--,5,3425,卖盘,2017-08-01,2017-08-01 13:02:51
13:03:36,13:03:36,6.85,--,1,685,卖盘,2017-08-01,2017-08-01 13:03:36
13:04:24,13:04:24,6.85,--,10,6850,卖盘,2017-08-01,2017-08-01 13:04:24
13:04:33,13:04:33,6.85,--,2,1370,卖盘,2017-08-01,2017-08-01 13:04:33
13:05:12,13:05:12,6.85,--,107,73295,卖盘,2017-08-01,2017-08-01 13:05:12
13:06:12,13:06:12,6.85,--,50,34250,卖盘,2017-08-01,2017-08-01 13:06:12
13:06:42,13:06:42,6.85,--,35,23975,卖盘,2017-08-01,2017-08-01 13:06:42
13:06:45,13:06:45,6.85,--,1,685,卖盘,2017-08-01,2017-08-01 13:06:45
13:06:54,13:06:54,6.85,--,15,10275,卖盘,2017-08-01,2017-08-01 13:06:54
13:07:09,13:07:09,6.85,--,2,1370,卖盘,2017-08-01,2017-08-01 13:07:09
13:07:18,13:07:18,6.85,--,20,13700,卖盘,2017-08-01,2017-08-01 13:07:18
13:07:39,13:07:39,6.85,--,20,13700,卖盘,2017-08-01,2017-08-01 13:07:39
13:07:42,13:07:42,6.85,--,8,5480,卖盘,2017-08-01,2017-08-01 13:07:42
13:08:13,13:08:13,6.85,--,13,8905,卖盘,2017-08-01,2017-08-01 13:08:13
13:08:37,13:08:37,6.85,--,8,5480,卖盘,2017-08-01,2017-08-01 13:08:37
13:09:16,13:09:16,6.85,--,2,1370,卖盘,2017-08-01,2017-08-01 13:09:16
13:09:28,13:09:28,6.85,--,14,9590,卖盘,2017-08-01,2017-08-01 13:09:28
13:09:55,13:09:55,6.85,--,4,2740,卖盘,2017-08-01,2017-08-01 13:09:55
13:10:25,13:10:25,6.85,--,40,27400,卖盘,2017-08-01,2017-08-01 13:10:25
13:10:28,13:10:28,6.85,--,1,685,卖盘,2017-08-01,2017-08-01 13:10:28
13:10:37,13:10:37,6.85,--,10,6850,卖盘,2017-08-01,2017-08-01 13:10:37
13:10:40,13:10:40,6.85,--,20,13700,卖盘,2017-08-01,2017-08-01 13:10:40
13:12:04,13:12:04,6.85,--,3,2055,卖盘,2017-08-01,2017-08-01 13:12:04
13:12:55,13:12:55,6.85,--,5,3425,卖盘,2017-08-01,2017-08-01 13:12:55
13:13:32,13:13:32,6.85,--,30,20550,卖盘,2017-08-01,2017-08-01 13:13:32
13:14:38,13:14:38,6.85,--,5,3425,卖盘,2017-08-01,2017-08-01 13:14:38
13:14:41,13:14:41,6.85,--,25,17125,卖盘,2017-08-01,2017-08-01 13:14:41
13:14:44,13:14:44,6.85,--,3,2055,卖盘,2017-08-01,2017-08-01 13:14:44
13:14:47,13:14:47,6.85,--,2,1370,卖盘,2017-08-01,2017-08-01 13:14:47
13:14:56,13:14:56,6.85,--,1,685,卖盘,2017-08-01,2017-08-01 13:14:56
13:15:08,13:15:08,6.85,--,1,685,卖盘,2017-08-01,2017-08-01 13:15:08
13:15:20,13:15:20,6.85,--,10,6850,卖盘,2017-08-01,2017-08-01 13:15:20
13:15:44,13:15:44,6.85,--,15,10275,卖盘,2017-08-01,2017-08-01 13:15:44
13:15:50,13:15:50,6.85,--,2,1370,卖盘,2017-08-01,2017-08-01 13:15:50
13:16:14,13:16:14,6.85,--,10,6850,卖盘,2017-08-01,2017-08-01 13:16:14
13:16:56,13:16:56,6.85,--,5,3425,卖盘,2017-08-01,2017-08-01 13:16:56
13:17:14,13:17:14,6.85,--,13,8905,卖盘,2017-08-01,2017-08-01 13:17:14
13:17:29,13:17:29,6.85,--,2,1370,卖盘,2017-08-01,2017-08-01 13:17:29
13:17:41,13:17:41,6.85,--,11,7535,卖盘,2017-08-01,2017-08-01 13:17:41
13:18:14,13:18:14,6.85,--,2,1370,卖盘,2017-08-01,2017-08-01 13:18:14
13:18:26,13:18:26,6.85,--,6,4110,卖盘,2017-08-01,2017-08-01 13:18:26
13:19:02,13:19:02,6.85,--,4,2740,卖盘,2017-08-01,2017-08-01 13:19:02
13:19:11,13:19:11,6.85,--,20,13700,卖盘,2017-08-01,2017-08-01 13:19:11
13:19:17,13:19:17,6.85,--,52,35620,卖盘,2017-08-01,2017-08-01 13:19:17
13:20:00,13:20:00,6.85,--,21,14385,卖盘,2017-08-01,2017-08-01 13:20:00
13:20:06,13:20:06,6.85,--,124,84940,卖盘,2017-08-01,2017-08-01 13:20:06
13:20:15,13:20:15,6.85,--,20,13700,卖盘,2017-08-01,2017-08-01 13:20:15
13:20:21,13:20:21,6.85,--,200,137000,卖盘,2017-08-01,2017-08-01 13:20:21
13:20:27,13:20:27,6.85,--,2,1370,卖盘,2017-08-01,2017-08-01 13:20:27
13:20:33,13:20:33,6.85,--,8,5480,卖盘,2017-08-01,2017-08-01 13:20:33
13:21:30,13:21:30,6.85,--,5,3425,卖盘,2017-08-01,2017-08-01 13:21:30
13:21:48,13:21:48,6.85,--,5,3425,卖盘,2017-08-01,2017-08-01 13:21:48
13:21:51,13:21:51,6.85,--,10,6850,卖盘,2017-08-01,2017-08-01 13:21:51
13:21:54,13:21:54,6.85,--,120,82200,卖盘,2017-08-01,2017-08-01 13:21:54
13:22:03,13:22:03,6.85,--,5,3425,卖盘,2017-08-01,2017-08-01 13:22:03
13:22:09,13:22:09,6.85,--,10,6850,卖盘,2017-08-01,2017-08-01 13:22:09
13:22:21,13:22:21,6.85,--,1,685,卖盘,2017-08-01,2017-08-01 13:22:21
13:22:27,13:22:27,6.85,--,11,7535,卖盘,2017-08-01,2017-08-01 13:22:27
13:22:42,13:22:42,6.85,--,13,8905,卖盘,2017-08-01,2017-08-01 13:22:42
13:22:54,13:22:54,6.85,--,1,685,卖盘,2017-08-01,2017-08-01 13:22:54
13:23:15,13:23:15,6.85,--,5,3425,卖盘,2017-08-01,2017-08-01 13:23:15
13:23:33,13:23:33,6.85,--,20,13700,卖盘,2017-08-01,2017-08-01 13:23:33
13:23:39,13:23:39,6.85,--,20,13700,卖盘,2017-08-01,2017-08-01 13:23:39
13:24:00,13:24:00,6.85,--,2,1370,卖盘,2017-08-01,2017-08-01 13:24:00
13:24:06,13:24:06,6.85,--,2,1370,卖盘,2017-08-01,2017-08-01 13:24:06
13:24:12,13:24:12,6.85,--,7,4795,卖盘,2017-08-01,2017-08-01 13:24:12
13:24:36,13:24:36,6.85,--,5,3425,卖盘,2017-08-01,2017-08-01 13:24:36
13:25:00,13:25:00,6.85,--,8,5480,卖盘,2017-08-01,2017-08-01 13:25:00
13:25:12,13:25:12,6.85,--,1,685,卖盘,2017-08-01,2017-08-01 13:25:12
13:25:27,13:25:27,6.85,--,1,685,卖盘,2017-08-01,2017-08-01 13:25:27
13:25:30,13:25:30,6.85,--,25,17125,卖盘,2017-08-01,2017-08-01 13:25:30
13:26:15,13:26:15,6.85,--,2,1370,卖盘,2017-08-01,2017-08-01 13:26:15
13:26:21,13:26:21,6.85,--,10,6850,卖盘,2017-08-01,2017-08-01 13:26:21
13:27:15,13:27:15,6.85,--,5,3425,卖盘,2017-08-01,2017-08-01 13:27:15
13:27:34,13:27:34,6.85,--,20,13700,卖盘,2017-08-01,2017-08-01 13:27:34
13:27:40,13:27:40,6.85,--,20,13700,卖盘,2017-08-01,2017-08-01 13:27:40
13:27:43,13:27:43,6.85,--,76,52060,卖盘,2017-08-01,2017-08-01 13:27:43
13:27:49,13:27:49,6.85,--,6,4110,卖盘,2017-08-01,2017-08-01 13:27:49
13:28:22,13:28:22,6.85,--,10,6850,卖盘,2017-08-01,2017-08-01 13:28:22
13:28:28,13:28:28,6.85,--,53,36305,卖盘,2017-08-01,2017-08-01 13:28:28
13:28:31,13:28:31,6.85,--,10,6850,卖盘,2017-08-01,2017-08-01 13:28:31
13:29:25,13:29:25,6.85,--,26,17810,卖盘,2017-08-01,2017-08-01 13:29:25
13:29:43,13:29:43,6.85,--,1,685,卖盘,2017-08-01,2017-08-01 13:29:43
13:29:46,13:29:46,6.85,--,2,1370,卖盘,2017-08-01,2017-08-01 13:29:46
13:30:07,13:30:07,6.85,--,3,2055,卖盘,2017-08-01,2017-08-01 13:30:07
13:30:10,13:30:10,6.85,--,1,685,卖盘,2017-08-01,2017-08-01 13:30:10
13:30:28,13:30:28,6.85,--,4,2740,卖盘,2017-08-01,2017-08-01 13:30:28
13:30:43,13:30:43,6.85,--,1,685,卖盘,2017-08-01,2017-08-01 13:30:43
13:30:55,13:30:55,6.85,--,15,10275,卖盘,2017-08-01,2017-08-01 13:30:55
13:31:01,13:31:01,6.85,--,13,8905,卖盘,2017-08-01,2017-08-01 13:31:01
13:31:22,13:31:22,6.85,--,5,3425,卖盘,2017-08-01,2017-08-01 13:31:22
13:31:34,13:31:34,6.85,--,20,13700,卖盘,2017-08-01,2017-08-01 13:31:34
13:31:37,13:31:37,6.85,--,10,6850,卖盘,2017-08-01,2017-08-01 13:31:37
13:31:46,13:31:46,6.85,--,8,5480,卖盘,2017-08-01,2017-08-01 13:31:46
13:31:52,13:31:52,6.85,--,2,1370,卖盘,2017-08-01,2017-08-01 13:31:52
13:32:22,13:32:22,6.85,--,2,1370,卖盘,2017-08-01,2017-08-01 13:32:22
13:32:25,13:32:25,6.85,--,38,26030,卖盘,2017-08-01,2017-08-01 13:32:25
13:32:37,13:32:37,6.85,--,10,6850,卖盘,2017-08-01,2017-08-01 13:32:37
13:33:41,13:33:41,6.85,--,3,2055,卖盘,2017-08-01,2017-08-01 13:33:41
13:34:08,13:34:08,6.85,--,4,2740,卖盘,2017-08-01,2017-08-01 13:34:08
13:34:11,13:34:11,6.85,--,6,4110,卖盘,2017-08-01,2017-08-01 13:34:11
13:34:32,13:34:32,6.85,--,1,685,卖盘,2017-08-01,2017-08-01 13:34:32
13:34:35,13:34:35,6.85,--,4,2740,卖盘,2017-08-01,2017-08-01 13:34:35
13:35:11,13:35:11,6.85,--,2,1370,卖盘,2017-08-01,2017-08-01 13:35:11
13:35:29,13:35:29,6.85,--,1,685,卖盘,2017-08-01,2017-08-01 13:35:29
13:35:38,13:35:38,6.85,--,10,6850,卖盘,2017-08-01,2017-08-01 13:35:38
13:35:47,13:35:47,6.85,--,10,6850,卖盘,2017-08-01,2017-08-01 13:35:47
13:36:26,13:36:26,6.85,--,250,171250,卖盘,2017-08-01,2017-08-01 13:36:26
13:37:02,13:37:02,6.85,--,3,2055,卖盘,2017-08-01,2017-08-01 13:37:02
13:37:05,13:37:05,6.85,--,70,47950,卖盘,2017-08-01,2017-08-01 13:37:05
13:37:20,13:37:20,6.85,--,5,3425,卖盘,2017-08-01,2017-08-01 13:37:20
13:37:29,13:37:29,6.85,--,30,20550,卖盘,2017-08-01,2017-08-01 13:37:29
13:38:08,13:38:08,6.85,--,10,6850,卖盘,2017-08-01,2017-08-01 13:38:08
13:38:17,13:38:17,6.85,--,10,6850,卖盘,2017-08-01,2017-08-01 13:38:17
13:38:26,13:38:26,6.85,--,3,2055,卖盘,2017-08-01,2017-08-01 13:38:26
13:38:29,13:38:29,6.85,--,7,4795,卖盘,2017-08-01,2017-08-01 13:38:29
13:38:32,13:38:32,6.85,--,5,3425,卖盘,2017-08-01,2017-08-01 13:38:32
13:38:57,13:38:57,6.85,--,10,6850,卖盘,2017-08-01,2017-08-01 13:38:57
13:39:03,13:39:03,6.85,--,3,2055,卖盘,2017-08-01,2017-08-01 13:39:03
13:39:15,13:39:15,6.85,--,10,6850,卖盘,2017-08-01,2017-08-01 13:39:15
13:39:18,13:39:18,6.85,--,1,685,卖盘,2017-08-01,2017-08-01 13:39:18
13:39:27,13:39:27,6.85,--,5,3425,卖盘,2017-08-01,2017-08-01 13:39:27
13:39:45,13:39:45,6.85,--,10,6850,卖盘,2017-08-01,2017-08-01 13:39:45
13:39:48,13:39:48,6.85,--,52,35620,卖盘,2017-08-01,2017-08-01 13:39:48
13:40:06,13:40:06,6.85,--,5,3425,卖盘,2017-08-01,2017-08-01 13:40:06
13:40:12,13:40:12,6.85,--,10,6850,卖盘,2017-08-01,2017-08-01 13:40:12
13:40:27,13:40:27,6.85,--,3,2055,卖盘,2017-08-01,2017-08-01 13:40:27
13:40:33,13:40:33,6.85,--,15,10275,卖盘,2017-08-01,2017-08-01 13:40:33
13:40:57,13:40:57,6.85,--,3,2055,卖盘,2017-08-01,2017-08-01 13:40:57
13:41:00,13:41:00,6.85,--,10,6850,卖盘,2017-08-01,2017-08-01 13:41:00
13:41:12,13:41:12,6.85,--,14,9590,卖盘,2017-08-01,2017-08-01 13:41:12
13:41:31,13:41:31,6.85,--,10,6850,卖盘,2017-08-01,2017-08-01 13:41:31
13:41:33,13:41:33,6.85,--,10,6850,卖盘,2017-08-01,2017-08-01 13:41:33
13:41:40,13:41:40,6.85,--,10,6850,卖盘,2017-08-01,2017-08-01 13:41:40
13:41:51,13:41:51,6.85,--,10,6850,卖盘,2017-08-01,2017-08-01 13:41:51
13:42:13,13:42:13,6.85,--,100,68500,卖盘,2017-08-01,2017-08-01 13:42:13
13:42:52,13:42:52,6.85,--,27,18495,卖盘,2017-08-01,2017-08-01 13:42:52
13:43:24,13:43:24,6.85,--,10,6850,卖盘,2017-08-01,2017-08-01 13:43:24
13:43:52,13:43:52,6.85,--,40,27400,卖盘,2017-08-01,2017-08-01 13:43:52
13:44:10,13:44:10,6.85,--,140,95900,卖盘,2017-08-01,2017-08-01 13:44:10
13:44:21,13:44:21,6.85,--,4,2740,卖盘,2017-08-01,2017-08-01 13:44:21
13:44:27,13:44:27,6.85,--,2,1370,卖盘,2017-08-01,2017-08-01 13:44:27
13:44:31,13:44:31,6.85,--,90,61650,卖盘,2017-08-01,2017-08-01 13:44:31
13:44:43,13:44:43,6.85,--,64,43840,卖盘,2017-08-01,2017-08-01 13:44:43
13:44:45,13:44:45,6.85,--,20,13700,卖盘,2017-08-01,2017-08-01 13:44:45
13:44:48,13:44:48,6.85,--,3,2055,卖盘,2017-08-01,2017-08-01 13:44:48
13:44:52,13:44:52,6.85,--,80,54800,卖盘,2017-08-01,2017-08-01 13:44:52
13:44:58,13:44:58,6.85,--,55,37675,卖盘,2017-08-01,2017-08-01 13:44:58
13:45:09,13:45:09,6.85,--,20,13700,卖盘,2017-08-01,2017-08-01 13:45:09
13:45:13,13:45:13,6.85,--,10,6850,卖盘,2017-08-01,2017-08-01 13:45:13
13:45:16,13:45:16,6.85,--,185,126725,卖盘,2017-08-01,2017-08-01 13:45:16
13:45:21,13:45:21,6.85,--,26,17810,卖盘,2017-08-01,2017-08-01 13:45:21
13:45:24,13:45:24,6.85,--,3,2055,卖盘,2017-08-01,2017-08-01 13:45:24
13:45:28,13:45:28,6.85,--,5,3425,卖盘,2017-08-01,2017-08-01 13:45:28
13:45:30,13:45:30,6.85,--,222,152070,卖盘,2017-08-01,2017-08-01 13:45:30
13:45:37,13:45:37,6.85,--,37,25345,卖盘,2017-08-01,2017-08-01 13:45:37
13:45:39,13:45:39,6.85,--,82,56170,卖盘,2017-08-01,2017-08-01 13:45:39
13:45:46,13:45:46,6.85,--,9,6165,卖盘,2017-08-01,2017-08-01 13:45:46
13:45:55,13:45:55,6.85,--,6,4110,卖盘,2017-08-01,2017-08-01 13:45:55
13:45:58,13:45:58,6.85,--,20,13700,卖盘,2017-08-01,2017-08-01 13:45:58
13:46:04,13:46:04,6.85,--,7,4795,卖盘,2017-08-01,2017-08-01 13:46:04
13:46:07,13:46:07,6.85,--,21,14385,卖盘,2017-08-01,2017-08-01 13:46:07
13:46:10,13:46:10,6.85,--,23,15755,卖盘,2017-08-01,2017-08-01 13:46:10
13:46:13,13:46:13,6.85,--,5,3425,卖盘,2017-08-01,2017-08-01 13:46:13
13:46:22,13:46:22,6.85,--,30,20550,卖盘,2017-08-01,2017-08-01 13:46:22
13:46:31,13:46:31,6.85,--,4,2740,卖盘,2017-08-01,2017-08-01 13:46:31
13:46:34,13:46:34,6.85,--,28,19180,卖盘,2017-08-01,2017-08-01 13:46:34
13:46:37,13:46:37,6.85,--,59,40415,卖盘,2017-08-01,2017-08-01 13:46:37
13:46:49,13:46:49,6.85,--,100,68500,卖盘,2017-08-01,2017-08-01 13:46:49
13:46:52,13:46:52,6.85,--,18,12330,卖盘,2017-08-01,2017-08-01 13:46:52
13:46:55,13:46:55,6.85,--,142,97270,卖盘,2017-08-01,2017-08-01 13:46:55
13:46:58,13:46:58,6.85,--,20,13700,卖盘,2017-08-01,2017-08-01 13:46:58
13:47:07,13:47:07,6.85,--,10,6850,卖盘,2017-08-01,2017-08-01 13:47:07
13:47:11,13:47:11,6.85,--,19,13015,卖盘,2017-08-01,2017-08-01 13:47:11
13:47:13,13:47:13,6.85,--,22,15070,卖盘,2017-08-01,2017-08-01 13:47:13
13:47:22,13:47:22,6.85,--,1,685,卖盘,2017-08-01,2017-08-01 13:47:22
13:47:28,13:47:28,6.85,--,16,10960,卖盘,2017-08-01,2017-08-01 13:47:28
13:47:49,13:47:49,6.85,--,2,1370,卖盘,2017-08-01,2017-08-01 13:47:49
13:47:59,13:47:59,6.85,--,6,4110,卖盘,2017-08-01,2017-08-01 13:47:59
13:48:05,13:48:05,6.85,--,5,3425,卖盘,2017-08-01,2017-08-01 13:48:05
13:48:10,13:48:10,6.85,--,120,82200,卖盘,2017-08-01,2017-08-01 13:48:10
13:48:14,13:48:14,6.85,--,10,6850,卖盘,2017-08-01,2017-08-01 13:48:14
13:48:19,13:48:19,6.85,--,5,3425,卖盘,2017-08-01,2017-08-01 13:48:19
13:48:23,13:48:23,6.85,--,2,1370,卖盘,2017-08-01,2017-08-01 13:48:23
13:48:26,13:48:26,6.85,--,15,10275,卖盘,2017-08-01,2017-08-01 13:48:26
13:48:29,13:48:29,6.85,--,15,10275,卖盘,2017-08-01,2017-08-01 13:48:29
13:48:32,13:48:32,6.85,--,6,4110,卖盘,2017-08-01,2017-08-01 13:48:32
13:48:34,13:48:34,6.85,--,5,3425,卖盘,2017-08-01,2017-08-01 13:48:34
13:48:38,13:48:38,6.85,--,20,13700,卖盘,2017-08-01,2017-08-01 13:48:38
13:48:43,13:48:43,6.85,--,25,17125,卖盘,2017-08-01,2017-08-01 13:48:43
13:48:47,13:48:47,6.85,--,20,13700,卖盘,2017-08-01,2017-08-01 13:48:47
13:49:11,13:49:11,6.85,--,25,17125,卖盘,2017-08-01,2017-08-01 13:49:11
13:49:14,13:49:14,6.85,--,10,6850,卖盘,2017-08-01,2017-08-01 13:49:14
13:49:22,13:49:22,6.85,--,70,47950,卖盘,2017-08-01,2017-08-01 13:49:22
13:49:28,13:49:28,6.85,--,383,262355,卖盘,2017-08-01,2017-08-01 13:49:28
13:49:32,13:49:32,6.85,--,107,73295,卖盘,2017-08-01,2017-08-01 13:49:32
13:49:34,13:49:34,6.85,--,20,13700,卖盘,2017-08-01,2017-08-01 13:49:34
13:49:49,13:49:49,6.85,--,10,6850,卖盘,2017-08-01,2017-08-01 13:49:49
13:49:52,13:49:52,6.85,--,20,13700,卖盘,2017-08-01,2017-08-01 13:49:52
13:50:05,13:50:05,6.85,--,10,6850,卖盘,2017-08-01,2017-08-01 13:50:05
13:50:08,13:50:08,6.85,--,5,3425,卖盘,2017-08-01,2017-08-01 13:50:08
13:50:11,13:50:11,6.85,--,5,3425,卖盘,2017-08-01,2017-08-01 13:50:11
13:50:14,13:50:14,6.85,--,24,16440,卖盘,2017-08-01,2017-08-01 13:50:14
13:50:20,13:50:20,6.85,--,32,21920,卖盘,2017-08-01,2017-08-01 13:50:20
13:50:37,13:50:37,6.85,--,51,34935,卖盘,2017-08-01,2017-08-01 13:50:37
13:50:50,13:50:50,6.85,--,35,23975,卖盘,2017-08-01,2017-08-01 13:50:50
13:51:04,13:51:04,6.85,--,47,32195,卖盘,2017-08-01,2017-08-01 13:51:04
13:51:07,13:51:07,6.85,--,10,6850,卖盘,2017-08-01,2017-08-01 13:51:07
13:51:13,13:51:13,6.85,--,35,23975,卖盘,2017-08-01,2017-08-01 13:51:13
13:51:19,13:51:19,6.85,--,12,8220,卖盘,2017-08-01,2017-08-01 13:51:19
13:51:23,13:51:23,6.85,--,20,13700,卖盘,2017-08-01,2017-08-01 13:51:23
13:51:26,13:51:26,6.85,--,31,21235,卖盘,2017-08-01,2017-08-01 13:51:26
13:51:34,13:51:34,6.85,--,20,13700,卖盘,2017-08-01,2017-08-01 13:51:34
13:51:38,13:51:38,6.85,--,10,6850,卖盘,2017-08-01,2017-08-01 13:51:38
13:51:46,13:51:46,6.85,--,5,3425,卖盘,2017-08-01,2017-08-01 13:51:46
13:51:49,13:51:49,6.85,--,4,2740,卖盘,2017-08-01,2017-08-01 13:51:49
13:51:53,13:51:53,6.85,--,113,77405,卖盘,2017-08-01,2017-08-01 13:51:53
13:51:55,13:51:55,6.85,--,8,5480,卖盘,2017-08-01,2017-08-01 13:51:55
13:52:11,13:52:11,6.85,--,108,73980,卖盘,2017-08-01,2017-08-01 13:52:11
13:52:14,13:52:14,6.85,--,10,6850,卖盘,2017-08-01,2017-08-01 13:52:14
13:52:17,13:52:17,6.85,--,10,6850,卖盘,2017-08-01,2017-08-01 13:52:17
13:52:20,13:52:20,6.85,--,15,10275,卖盘,2017-08-01,2017-08-01 13:52:20
13:52:23,13:52:23,6.85,--,125,85625,卖盘,2017-08-01,2017-08-01 13:52:23
13:52:29,13:52:29,6.85,--,12,8220,卖盘,2017-08-01,2017-08-01 13:52:29
13:52:32,13:52:32,6.85,--,5,3425,卖盘,2017-08-01,2017-08-01 13:52:32
13:52:38,13:52:38,6.85,--,14,9590,卖盘,2017-08-01,2017-08-01 13:52:38
13:52:44,13:52:44,6.85,--,54,36990,卖盘,2017-08-01,2017-08-01 13:52:44
13:52:50,13:52:50,6.85,--,10,6850,卖盘,2017-08-01,2017-08-01 13:52:50
13:53:08,13:53:08,6.85,--,26,17810,卖盘,2017-08-01,2017-08-01 13:53:08
13:53:35,13:53:35,6.85,--,50,34250,卖盘,2017-08-01,2017-08-01 13:53:35
13:53:47,13:53:47,6.85,--,20,13700,卖盘,2017-08-01,2017-08-01 13:53:47
13:53:50,13:53:50,6.85,--,29,19865,卖盘,2017-08-01,2017-08-01 13:53:50
13:54:02,13:54:02,6.85,--,200,137000,卖盘,2017-08-01,2017-08-01 13:54:02
13:54:08,13:54:08,6.85,--,50,34250,卖盘,2017-08-01,2017-08-01 13:54:08
13:54:14,13:54:14,6.85,--,10,6850,卖盘,2017-08-01,2017-08-01 13:54:14
13:54:17,13:54:17,6.85,--,20,13700,卖盘,2017-08-01,2017-08-01 13:54:17
13:54:23,13:54:23,6.85,--,15,10275,卖盘,2017-08-01,2017-08-01 13:54:23
13:54:35,13:54:35,6.85,--,120,82200,卖盘,2017-08-01,2017-08-01 13:54:35
13:54:41,13:54:41,6.85,--,10,6850,卖盘,2017-08-01,2017-08-01 13:54:41
13:54:59,13:54:59,6.85,--,4,2740,卖盘,2017-08-01,2017-08-01 13:54:59
13:55:08,13:55:08,6.85,--,34,23290,卖盘,2017-08-01,2017-08-01 13:55:08
13:55:11,13:55:11,6.85,--,122,83570,卖盘,2017-08-01,2017-08-01 13:55:11
13:55:17,13:55:17,6.85,--,8,5480,卖盘,2017-08-01,2017-08-01 13:55:17
13:55:20,13:55:20,6.85,--,10,6850,卖盘,2017-08-01,2017-08-01 13:55:20
13:55:26,13:55:26,6.85,--,20,13700,卖盘,2017-08-01,2017-08-01 13:55:26
13:55:38,13:55:38,6.85,--,10,6850,卖盘,2017-08-01,2017-08-01 13:55:38
13:55:44,13:55:44,6.85,--,4,2740,卖盘,2017-08-01,2017-08-01 13:55:44
13:56:08,13:56:08,6.85,--,6,4110,卖盘,2017-08-01,2017-08-01 13:56:08
13:56:20,13:56:20,6.85,--,20,13700,卖盘,2017-08-01,2017-08-01 13:56:20
13:57:02,13:57:02,6.85,--,2,1370,卖盘,2017-08-01,2017-08-01 13:57:02
13:57:11,13:57:11,6.85,--,10,6850,卖盘,2017-08-01,2017-08-01 13:57:11
13:57:14,13:57:14,6.85,--,10,6850,卖盘,2017-08-01,2017-08-01 13:57:14
13:57:23,13:57:23,6.85,--,10,6850,卖盘,2017-08-01,2017-08-01 13:57:23
13:58:05,13:58:05,6.85,--,15,10275,卖盘,2017-08-01,2017-08-01 13:58:05
13:58:08,13:58:08,6.85,--,5,3425,卖盘,2017-08-01,2017-08-01 13:58:08
13:58:11,13:58:11,6.85,--,6,4110,卖盘,2017-08-01,2017-08-01 13:58:11
13:58:14,13:58:14,6.85,--,6,4110,卖盘,2017-08-01,2017-08-01 13:58:14
13:58:23,13:58:23,6.85,--,10,6850,卖盘,2017-08-01,2017-08-01 13:58:23
13:58:26,13:58:26,6.85,--,2,1370,卖盘,2017-08-01,2017-08-01 13:58:26
13:58:54,13:58:54,6.85,--,10,6850,卖盘,2017-08-01,2017-08-01 13:58:54
13:59:03,13:59:03,6.85,--,50,34250,卖盘,2017-08-01,2017-08-01 13:59:03
13:59:18,13:59:18,6.85,--,5,3425,卖盘,2017-08-01,2017-08-01 13:59:18
13:59:54,13:59:54,6.85,--,11,7535,卖盘,2017-08-01,2017-08-01 13:59:54
14:00:24,14:00:24,6.85,--,10,6850,卖盘,2017-08-01,2017-08-01 14:00:24
14:00:27,14:00:27,6.85,--,10,6850,卖盘,2017-08-01,2017-08-01 14:00:27
14:00:30,14:00:30,6.85,--,4,2740,卖盘,2017-08-01,2017-08-01 14:00:30
14:01:01,14:01:01,6.85,--,10,6850,卖盘,2017-08-01,2017-08-01 14:01:01
14:01:13,14:01:13,6.85,--,11,7535,卖盘,2017-08-01,2017-08-01 14:01:13
14:01:34,14:01:34,6.85,--,26,17810,卖盘,2017-08-01,2017-08-01 14:01:34
14:01:37,14:01:37,6.85,--,201,137685,卖盘,2017-08-01,2017-08-01 14:01:37
14:01:46,14:01:46,6.85,--,5,3425,卖盘,2017-08-01,2017-08-01 14:01:46
14:01:52,14:01:52,6.85,--,22,15070,卖盘,2017-08-01,2017-08-01 14:01:52
14:01:58,14:01:58,6.85,--,1,685,卖盘,2017-08-01,2017-08-01 14:01:58
14:02:10,14:02:10,6.85,--,10,6850,卖盘,2017-08-01,2017-08-01 14:02:10
14:02:13,14:02:13,6.85,--,10,6850,卖盘,2017-08-01,2017-08-01 14:02:13
14:02:16,14:02:16,6.85,--,10,6850,卖盘,2017-08-01,2017-08-01 14:02:16
14:02:19,14:02:19,6.85,--,16,10960,卖盘,2017-08-01,2017-08-01 14:02:19
14:02:43,14:02:43,6.85,--,5,3425,卖盘,2017-08-01,2017-08-01 14:02:43
14:02:46,14:02:46,6.85,--,4,2740,卖盘,2017-08-01,2017-08-01 14:02:46
14:02:52,14:02:52,6.85,--,1,685,卖盘,2017-08-01,2017-08-01 14:02:52
14:03:01,14:03:01,6.85,--,5,3425,卖盘,2017-08-01,2017-08-01 14:03:01
14:03:07,14:03:07,6.85,--,10,6850,卖盘,2017-08-01,2017-08-01 14:03:07
14:03:16,14:03:16,6.85,--,5,3425,卖盘,2017-08-01,2017-08-01 14:03:16
14:03:46,14:03:46,6.85,--,10,6850,卖盘,2017-08-01,2017-08-01 14:03:46
14:04:04,14:04:04,6.85,--,5,3425,卖盘,2017-08-01,2017-08-01 14:04:04
14:04:10,14:04:10,6.85,--,30,20550,卖盘,2017-08-01,2017-08-01 14:04:10
14:04:25,14:04:25,6.85,--,12,8220,卖盘,2017-08-01,2017-08-01 14:04:25
14:04:40,14:04:40,6.85,--,6,4110,卖盘,2017-08-01,2017-08-01 14:04:40
14:04:55,14:04:55,6.85,--,10,6850,卖盘,2017-08-01,2017-08-01 14:04:55
14:05:04,14:05:04,6.85,--,5,3425,卖盘,2017-08-01,2017-08-01 14:05:04
14:05:31,14:05:31,6.85,--,35,23975,卖盘,2017-08-01,2017-08-01 14:05:31
14:05:37,14:05:37,6.85,--,6,4110,卖盘,2017-08-01,2017-08-01 14:05:37
14:05:43,14:05:43,6.85,--,34,23290,卖盘,2017-08-01,2017-08-01 14:05:43
14:06:01,14:06:01,6.85,--,10,6850,卖盘,2017-08-01,2017-08-01 14:06:01
14:06:19,14:06:19,6.85,--,10,6850,卖盘,2017-08-01,2017-08-01 14:06:19
14:06:34,14:06:34,6.85,--,114,78090,卖盘,2017-08-01,2017-08-01 14:06:34
14:06:49,14:06:49,6.85,--,10,6850,卖盘,2017-08-01,2017-08-01 14:06:49
14:06:58,14:06:58,6.85,--,4,2740,卖盘,2017-08-01,2017-08-01 14:06:58
14:07:08,14:07:08,6.85,--,1,685,卖盘,2017-08-01,2017-08-01 14:07:08
14:07:17,14:07:17,6.85,--,10,6850,卖盘,2017-08-01,2017-08-01 14:07:17
14:07:53,14:07:53,6.85,--,5,3425,卖盘,2017-08-01,2017-08-01 14:07:53
14:08:11,14:08:11,6.85,--,6,4110,卖盘,2017-08-01,2017-08-01 14:08:11
14:08:14,14:08:14,6.85,--,1,685,卖盘,2017-08-01,2017-08-01 14:08:14
14:08:35,14:08:35,6.85,--,20,13700,卖盘,2017-08-01,2017-08-01 14:08:35
14:09:14,14:09:14,6.85,--,3,2055,卖盘,2017-08-01,2017-08-01 14:09:14
14:09:32,14:09:32,6.85,--,5,3425,卖盘,2017-08-01,2017-08-01 14:09:32
14:09:37,14:09:37,6.85,--,1,685,卖盘,2017-08-01,2017-08-01 14:09:37
14:09:44,14:09:44,6.85,--,10,6850,卖盘,2017-08-01,2017-08-01 14:09:44
14:09:47,14:09:47,6.85,--,3,2055,卖盘,2017-08-01,2017-08-01 14:09:47
14:10:02,14:10:02,6.85,--,5,3425,卖盘,2017-08-01,2017-08-01 14:10:02
14:10:14,14:10:14,6.85,--,20,13700,卖盘,2017-08-01,2017-08-01 14:10:14
14:10:17,14:10:17,6.85,--,103,70555,卖盘,2017-08-01,2017-08-01 14:10:17
14:10:20,14:10:20,6.85,--,1,685,卖盘,2017-08-01,2017-08-01 14:10:20
14:10:23,14:10:23,6.85,--,3,2055,卖盘,2017-08-01,2017-08-01 14:10:23
14:10:37,14:10:37,6.85,--,7,4795,卖盘,2017-08-01,2017-08-01 14:10:37
14:10:53,14:10:53,6.85,--,16,10960,卖盘,2017-08-01,2017-08-01 14:10:53
14:10:56,14:10:56,6.85,--,3,2055,卖盘,2017-08-01,2017-08-01 14:10:56
14:11:38,14:11:38,6.85,--,5,3425,卖盘,2017-08-01,2017-08-01 14:11:38
14:11:44,14:11:44,6.85,--,10,6850,卖盘,2017-08-01,2017-08-01 14:11:44
14:12:11,14:12:11,6.85,--,34,23290,卖盘,2017-08-01,2017-08-01 14:12:11
14:12:14,14:12:14,6.85,--,33,22605,卖盘,2017-08-01,2017-08-01 14:12:14
14:12:29,14:12:29,6.85,--,1,685,卖盘,2017-08-01,2017-08-01 14:12:29
14:12:50,14:12:50,6.85,--,2,1370,卖盘,2017-08-01,2017-08-01 14:12:50
14:13:08,14:13:08,6.85,--,5,3425,卖盘,2017-08-01,2017-08-01 14:13:08
14:13:35,14:13:35,6.85,--,9,6165,卖盘,2017-08-01,2017-08-01 14:13:35
14:13:41,14:13:41,6.85,--,150,102750,卖盘,2017-08-01,2017-08-01 14:13:41
14:13:47,14:13:47,6.85,--,14,9590,卖盘,2017-08-01,2017-08-01 14:13:47
14:14:05,14:14:05,6.85,--,10,6850,卖盘,2017-08-01,2017-08-01 14:14:05
14:14:26,14:14:26,6.85,--,10,6850,卖盘,2017-08-01,2017-08-01 14:14:26
14:14:32,14:14:32,6.85,--,45,30825,卖盘,2017-08-01,2017-08-01 14:14:32
14:14:41,14:14:41,6.85,--,20,13700,卖盘,2017-08-01,2017-08-01 14:14:41
14:14:47,14:14:47,6.85,--,20,13700,卖盘,2017-08-01,2017-08-01 14:14:47
14:14:53,14:14:53,6.85,--,3,2055,卖盘,2017-08-01,2017-08-01 14:14:53
14:15:05,14:15:05,6.85,--,21,14385,卖盘,2017-08-01,2017-08-01 14:15:05
14:15:14,14:15:14,6.85,--,15,10275,卖盘,2017-08-01,2017-08-01 14:15:14
14:15:23,14:15:23,6.85,--,35,23975,卖盘,2017-08-01,2017-08-01 14:15:23
14:15:53,14:15:53,6.85,--,3,2055,卖盘,2017-08-01,2017-08-01 14:15:53
14:16:02,14:16:02,6.85,--,13,8905,卖盘,2017-08-01,2017-08-01 14:16:02
14:16:32,14:16:32,6.85,--,100,68500,卖盘,2017-08-01,2017-08-01 14:16:32
14:16:35,14:16:35,6.85,--,5,3425,卖盘,2017-08-01,2017-08-01 14:16:35
14:16:44,14:16:44,6.85,--,10,6850,卖盘,2017-08-01,2017-08-01 14:16:44
