idx_time,time,price,change,volume,amount,type,date,date_time
09:25:02,09:25:02,8.06,8.06,114,91884,买盘,2017-07-17,2017-07-17 09:25:02
09:29:00,09:29:00,8.06,--,0,0,卖盘,2017-07-17,2017-07-17 09:29:00
09:30:03,09:30:03,8.06,--,104,83824,卖盘,2017-07-17,2017-07-17 09:30:03
09:30:06,09:30:06,8.05,-0.01,189,152145,卖盘,2017-07-17,2017-07-17 09:30:06
09:30:30,09:30:30,8.05,--,10,8050,买盘,2017-07-17,2017-07-17 09:30:30
09:30:33,09:30:33,8.05,--,4,3220,买盘,2017-07-17,2017-07-17 09:30:33
09:30:45,09:30:45,8.04,-0.01,82,65928,卖盘,2017-07-17,2017-07-17 09:30:45
09:30:51,09:30:51,8.05,0.01,57,45885,买盘,2017-07-17,2017-07-17 09:30:51
09:31:00,09:31:00,8.04,-0.01,8,6431,卖盘,2017-07-17,2017-07-17 09:31:00
09:31:03,09:31:03,8.04,--,47,37787,卖盘,2017-07-17,2017-07-17 09:31:03
09:31:09,09:31:09,8.05,0.01,10,8050,买盘,2017-07-17,2017-07-17 09:31:09
09:31:12,09:31:12,8.05,--,12,9660,买盘,2017-07-17,2017-07-17 09:31:12
09:31:15,09:31:15,8.04,-0.01,90,72359,卖盘,2017-07-17,2017-07-17 09:31:15
09:31:18,09:31:18,8.03,-0.01,4,3211,卖盘,2017-07-17,2017-07-17 09:31:18
09:31:24,09:31:24,8.04,0.01,20,16079,买盘,2017-07-17,2017-07-17 09:31:24
09:31:27,09:31:27,8.03,-0.01,12,9636,卖盘,2017-07-17,2017-07-17 09:31:27
09:31:33,09:31:33,8.03,--,55,44165,卖盘,2017-07-17,2017-07-17 09:31:33
09:31:36,09:31:36,8.04,0.01,20,16079,买盘,2017-07-17,2017-07-17 09:31:36
09:31:39,09:31:39,8.03,-0.01,56,44968,卖盘,2017-07-17,2017-07-17 09:31:39
09:31:45,09:31:45,8.04,0.01,19,15275,买盘,2017-07-17,2017-07-17 09:31:45
09:31:48,09:31:48,8.04,--,2,1607,卖盘,2017-07-17,2017-07-17 09:31:48
09:31:54,09:31:54,8.04,--,10,8039,卖盘,2017-07-17,2017-07-17 09:31:54
09:31:57,09:31:57,8.04,--,64,51455,卖盘,2017-07-17,2017-07-17 09:31:57
09:32:06,09:32:06,8.04,--,23,18491,卖盘,2017-07-17,2017-07-17 09:32:06
09:32:09,09:32:09,8.05,0.01,4,3220,买盘,2017-07-17,2017-07-17 09:32:09
09:32:12,09:32:12,8.05,--,14,11270,买盘,2017-07-17,2017-07-17 09:32:12
09:32:21,09:32:21,8.05,--,4,3220,买盘,2017-07-17,2017-07-17 09:32:21
09:32:24,09:32:24,8.05,--,4,3220,买盘,2017-07-17,2017-07-17 09:32:24
09:32:27,09:32:27,8.05,--,1,805,卖盘,2017-07-17,2017-07-17 09:32:27
09:32:30,09:32:30,8.05,--,5,4025,卖盘,2017-07-17,2017-07-17 09:32:30
09:32:36,09:32:36,8.05,--,4,3220,卖盘,2017-07-17,2017-07-17 09:32:36
09:32:45,09:32:45,8.05,--,0,0,卖盘,2017-07-17,2017-07-17 09:32:45
09:32:48,09:32:48,8.06,0.01,1,806,卖盘,2017-07-17,2017-07-17 09:32:48
09:32:51,09:32:51,8.05,-0.01,49,39445,卖盘,2017-07-17,2017-07-17 09:32:51
09:33:04,09:33:04,8.05,--,0,0,卖盘,2017-07-17,2017-07-17 09:33:04
09:33:19,09:33:19,8.06,0.01,14,11284,买盘,2017-07-17,2017-07-17 09:33:19
09:33:25,09:33:25,8.06,--,45,36270,卖盘,2017-07-17,2017-07-17 09:33:25
09:33:37,09:33:37,8.06,--,5,4030,卖盘,2017-07-17,2017-07-17 09:33:37
09:33:43,09:33:43,8.06,--,2,1612,卖盘,2017-07-17,2017-07-17 09:33:43
09:33:49,09:33:49,8.07,0.01,38,30666,买盘,2017-07-17,2017-07-17 09:33:49
09:33:52,09:33:52,8.06,-0.01,23,18538,卖盘,2017-07-17,2017-07-17 09:33:52
09:33:55,09:33:55,8.06,--,1,806,卖盘,2017-07-17,2017-07-17 09:33:55
09:33:58,09:33:58,8.06,--,6,4836,卖盘,2017-07-17,2017-07-17 09:33:58
09:34:13,09:34:13,8.06,--,7,5642,卖盘,2017-07-17,2017-07-17 09:34:13
09:34:16,09:34:16,8.06,--,50,40300,卖盘,2017-07-17,2017-07-17 09:34:16
09:34:22,09:34:22,8.06,--,8,6448,卖盘,2017-07-17,2017-07-17 09:34:22
09:34:25,09:34:25,8.06,--,4,3224,卖盘,2017-07-17,2017-07-17 09:34:25
09:34:28,09:34:28,8.06,--,8,6448,卖盘,2017-07-17,2017-07-17 09:34:28
09:34:40,09:34:40,8.06,--,1,806,卖盘,2017-07-17,2017-07-17 09:34:40
09:34:43,09:34:43,8.07,0.01,5,4035,买盘,2017-07-17,2017-07-17 09:34:43
09:34:46,09:34:46,8.07,--,7,5649,买盘,2017-07-17,2017-07-17 09:34:46
09:34:55,09:34:55,8.07,--,4,3228,买盘,2017-07-17,2017-07-17 09:34:55
09:34:58,09:34:58,8.06,-0.01,2,1612,卖盘,2017-07-17,2017-07-17 09:34:58
09:35:04,09:35:04,8.06,--,5,4030,卖盘,2017-07-17,2017-07-17 09:35:04
09:35:13,09:35:13,8.06,--,10,8060,卖盘,2017-07-17,2017-07-17 09:35:13
09:35:16,09:35:16,8.06,--,11,8866,卖盘,2017-07-17,2017-07-17 09:35:16
09:35:34,09:35:34,8.07,0.01,14,11298,买盘,2017-07-17,2017-07-17 09:35:34
09:35:40,09:35:40,8.07,--,30,24210,买盘,2017-07-17,2017-07-17 09:35:40
09:35:43,09:35:43,8.06,-0.01,100,80600,卖盘,2017-07-17,2017-07-17 09:35:43
09:35:46,09:35:46,8.06,--,2,1612,卖盘,2017-07-17,2017-07-17 09:35:46
09:35:55,09:35:55,8.07,0.01,5,4035,买盘,2017-07-17,2017-07-17 09:35:55
09:36:07,09:36:07,8.07,--,2,1614,卖盘,2017-07-17,2017-07-17 09:36:07
09:36:10,09:36:10,8.07,--,1,807,卖盘,2017-07-17,2017-07-17 09:36:10
09:36:13,09:36:13,8.07,--,300,242100,卖盘,2017-07-17,2017-07-17 09:36:13
09:36:16,09:36:16,8.07,--,10,8070,卖盘,2017-07-17,2017-07-17 09:36:16
09:36:22,09:36:22,8.06,-0.01,7,5642,卖盘,2017-07-17,2017-07-17 09:36:22
09:36:31,09:36:31,8.06,--,5,4030,卖盘,2017-07-17,2017-07-17 09:36:31
09:36:43,09:36:43,8.06,--,243,195858,卖盘,2017-07-17,2017-07-17 09:36:43
09:36:46,09:36:46,8.05,-0.01,1128,908040,卖盘,2017-07-17,2017-07-17 09:36:46
09:37:07,09:37:07,8.05,--,120,96600,卖盘,2017-07-17,2017-07-17 09:37:07
09:37:10,09:37:10,8.06,0.01,4,3224,买盘,2017-07-17,2017-07-17 09:37:10
09:37:19,09:37:19,8.05,-0.01,193,155365,卖盘,2017-07-17,2017-07-17 09:37:19
09:37:25,09:37:25,8.06,0.01,10,8060,买盘,2017-07-17,2017-07-17 09:37:25
09:37:28,09:37:28,8.05,-0.01,108,86940,卖盘,2017-07-17,2017-07-17 09:37:28
09:37:31,09:37:31,8.06,0.01,20,16120,买盘,2017-07-17,2017-07-17 09:37:31
09:37:34,09:37:34,8.06,--,23,18538,买盘,2017-07-17,2017-07-17 09:37:34
09:37:49,09:37:49,8.06,--,64,51584,卖盘,2017-07-17,2017-07-17 09:37:49
09:38:01,09:38:01,8.05,-0.01,55,44275,卖盘,2017-07-17,2017-07-17 09:38:01
09:38:07,09:38:07,8.05,--,9,7245,卖盘,2017-07-17,2017-07-17 09:38:07
09:38:13,09:38:13,8.05,--,55,44275,卖盘,2017-07-17,2017-07-17 09:38:13
09:38:16,09:38:16,8.05,--,20,16100,卖盘,2017-07-17,2017-07-17 09:38:16
09:38:19,09:38:19,8.05,--,60,48300,卖盘,2017-07-17,2017-07-17 09:38:19
09:38:22,09:38:22,8.05,--,10,8050,卖盘,2017-07-17,2017-07-17 09:38:22
09:38:25,09:38:25,8.05,--,19,15295,卖盘,2017-07-17,2017-07-17 09:38:25
09:38:28,09:38:28,8.05,--,126,101430,卖盘,2017-07-17,2017-07-17 09:38:28
09:38:31,09:38:31,8.05,--,359,288995,卖盘,2017-07-17,2017-07-17 09:38:31
09:38:49,09:38:49,8.04,-0.01,10,8039,卖盘,2017-07-17,2017-07-17 09:38:49
09:38:56,09:38:56,8.03,-0.01,143,114828,卖盘,2017-07-17,2017-07-17 09:38:56
09:38:59,09:38:59,8.03,--,0,0,卖盘,2017-07-17,2017-07-17 09:38:59
09:39:02,09:39:02,8.03,--,20,16059,卖盘,2017-07-17,2017-07-17 09:39:02
09:39:05,09:39:05,8.03,--,10,8029,卖盘,2017-07-17,2017-07-17 09:39:05
09:39:08,09:39:08,8.03,--,18,14453,卖盘,2017-07-17,2017-07-17 09:39:08
09:39:11,09:39:11,8.03,--,234,187901,卖盘,2017-07-17,2017-07-17 09:39:11
09:39:14,09:39:14,8.03,--,20,16059,中性盘,2017-07-17,2017-07-17 09:39:14
09:39:17,09:39:17,8.04,0.01,7,5627,买盘,2017-07-17,2017-07-17 09:39:17
09:39:20,09:39:20,8.04,--,0,0,买盘,2017-07-17,2017-07-17 09:39:20
09:39:23,09:39:23,8.02,-0.02,34,27268,卖盘,2017-07-17,2017-07-17 09:39:23
09:39:29,09:39:29,8.01,-0.01,256,205056,卖盘,2017-07-17,2017-07-17 09:39:29
09:39:32,09:39:32,8.02,0.01,48,38496,卖盘,2017-07-17,2017-07-17 09:39:32
09:39:35,09:39:35,8.01,-0.01,70,56070,卖盘,2017-07-17,2017-07-17 09:39:35
09:39:38,09:39:38,8.02,0.01,5,4010,中性盘,2017-07-17,2017-07-17 09:39:38
09:39:44,09:39:44,8.02,--,34,27268,买盘,2017-07-17,2017-07-17 09:39:44
09:39:47,09:39:47,8.0,-0.02,440,352000,卖盘,2017-07-17,2017-07-17 09:39:47
09:39:50,09:39:50,8.0,--,1,800,卖盘,2017-07-17,2017-07-17 09:39:50
09:39:53,09:39:53,8.01,0.01,95,76095,买盘,2017-07-17,2017-07-17 09:39:53
09:39:56,09:39:56,8.01,--,82,65682,买盘,2017-07-17,2017-07-17 09:39:56
09:39:59,09:39:59,8.0,-0.01,121,96800,卖盘,2017-07-17,2017-07-17 09:39:59
09:40:02,09:40:02,8.0,--,14,11200,卖盘,2017-07-17,2017-07-17 09:40:02
09:40:05,09:40:05,8.0,--,49,39200,卖盘,2017-07-17,2017-07-17 09:40:05
09:40:08,09:40:08,8.0,--,879,703200,卖盘,2017-07-17,2017-07-17 09:40:08
09:40:11,09:40:11,8.0,--,100,80000,买盘,2017-07-17,2017-07-17 09:40:11
09:40:17,09:40:17,7.98,-0.02,617,492366,卖盘,2017-07-17,2017-07-17 09:40:17
09:40:26,09:40:26,7.97,-0.01,16,12752,卖盘,2017-07-17,2017-07-17 09:40:26
09:40:29,09:40:29,7.97,--,12,9564,卖盘,2017-07-17,2017-07-17 09:40:29
09:40:35,09:40:35,7.96,-0.01,69,54924,卖盘,2017-07-17,2017-07-17 09:40:35
09:40:38,09:40:38,7.97,0.01,6,4782,买盘,2017-07-17,2017-07-17 09:40:38
09:40:41,09:40:41,7.97,--,674,537178,买盘,2017-07-17,2017-07-17 09:40:41
09:40:44,09:40:44,7.98,0.01,118,94164,买盘,2017-07-17,2017-07-17 09:40:44
09:40:47,09:40:47,7.98,--,101,80598,卖盘,2017-07-17,2017-07-17 09:40:47
09:40:50,09:40:50,7.98,--,8,7054,卖盘,2017-07-17,2017-07-17 09:40:50
09:40:53,09:40:53,7.98,--,40,31920,卖盘,2017-07-17,2017-07-17 09:40:53
09:40:56,09:40:56,7.97,-0.01,220,175340,卖盘,2017-07-17,2017-07-17 09:40:56
09:40:59,09:40:59,7.98,0.01,130,103740,买盘,2017-07-17,2017-07-17 09:40:59
09:41:02,09:41:02,7.97,-0.01,235,187295,卖盘,2017-07-17,2017-07-17 09:41:02
09:41:05,09:41:05,7.98,0.01,31,24738,中性盘,2017-07-17,2017-07-17 09:41:05
09:41:08,09:41:08,7.98,--,52,41496,卖盘,2017-07-17,2017-07-17 09:41:08
09:41:11,09:41:11,7.97,-0.01,78,62293,卖盘,2017-07-17,2017-07-17 09:41:11
09:41:17,09:41:17,7.97,--,9,7173,买盘,2017-07-17,2017-07-17 09:41:17
09:41:23,09:41:23,7.96,-0.01,167,132932,卖盘,2017-07-17,2017-07-17 09:41:23
09:41:26,09:41:26,7.96,--,10,7960,买盘,2017-07-17,2017-07-17 09:41:26
09:41:29,09:41:29,7.96,--,4,3184,买盘,2017-07-17,2017-07-17 09:41:29
09:41:32,09:41:32,7.95,-0.01,1,795,卖盘,2017-07-17,2017-07-17 09:41:32
09:41:35,09:41:35,7.95,--,122,96990,卖盘,2017-07-17,2017-07-17 09:41:35
09:41:38,09:41:38,7.95,--,10,7950,买盘,2017-07-17,2017-07-17 09:41:38
09:41:41,09:41:41,7.95,--,8,6360,买盘,2017-07-17,2017-07-17 09:41:41
09:41:44,09:41:44,7.95,--,16,12720,买盘,2017-07-17,2017-07-17 09:41:44
09:41:47,09:41:47,7.94,-0.01,620,492280,卖盘,2017-07-17,2017-07-17 09:41:47
09:41:50,09:41:50,7.94,--,6,4764,买盘,2017-07-17,2017-07-17 09:41:50
09:41:53,09:41:53,7.94,--,20,15880,买盘,2017-07-17,2017-07-17 09:41:53
09:41:56,09:41:56,7.94,--,20,15880,买盘,2017-07-17,2017-07-17 09:41:56
09:41:59,09:41:59,7.93,-0.01,80,63440,卖盘,2017-07-17,2017-07-17 09:41:59
09:42:02,09:42:02,7.92,-0.01,127,100584,卖盘,2017-07-17,2017-07-17 09:42:02
09:42:05,09:42:05,7.91,-0.01,105,83055,卖盘,2017-07-17,2017-07-17 09:42:05
09:42:08,09:42:08,7.91,--,86,68026,卖盘,2017-07-17,2017-07-17 09:42:08
09:42:11,09:42:11,7.91,--,45,35595,卖盘,2017-07-17,2017-07-17 09:42:11
09:42:14,09:42:14,7.91,--,6,4746,买盘,2017-07-17,2017-07-17 09:42:14
09:42:17,09:42:17,7.92,0.01,123,97416,买盘,2017-07-17,2017-07-17 09:42:17
09:42:20,09:42:20,7.91,-0.01,122,96502,中性盘,2017-07-17,2017-07-17 09:42:20
09:42:23,09:42:23,7.91,--,62,49042,卖盘,2017-07-17,2017-07-17 09:42:23
09:42:26,09:42:26,7.9,-0.01,188,148520,卖盘,2017-07-17,2017-07-17 09:42:26
09:42:29,09:42:29,7.91,0.01,23,18193,买盘,2017-07-17,2017-07-17 09:42:29
09:42:32,09:42:32,7.9,-0.01,68,53720,卖盘,2017-07-17,2017-07-17 09:42:32
09:42:35,09:42:35,7.88,-0.02,6,4728,卖盘,2017-07-17,2017-07-17 09:42:35
09:42:38,09:42:38,7.9,0.02,14,11060,买盘,2017-07-17,2017-07-17 09:42:38
09:42:44,09:42:44,7.9,--,20,15800,买盘,2017-07-17,2017-07-17 09:42:44
09:42:47,09:42:47,7.88,-0.02,50,39400,卖盘,2017-07-17,2017-07-17 09:42:47
09:42:50,09:42:50,7.9,0.02,11,8690,买盘,2017-07-17,2017-07-17 09:42:50
09:42:53,09:42:53,7.88,-0.02,13,10244,卖盘,2017-07-17,2017-07-17 09:42:53
09:42:56,09:42:56,7.89,0.01,70,55230,中性盘,2017-07-17,2017-07-17 09:42:56
09:42:59,09:42:59,7.9,0.01,23,18833,买盘,2017-07-17,2017-07-17 09:42:59
09:43:02,09:43:02,7.89,-0.01,132,104274,卖盘,2017-07-17,2017-07-17 09:43:02
09:43:05,09:43:05,7.89,--,53,41817,买盘,2017-07-17,2017-07-17 09:43:05
09:43:08,09:43:08,7.88,-0.01,469,369572,卖盘,2017-07-17,2017-07-17 09:43:08
09:43:11,09:43:11,7.89,0.01,147,115983,买盘,2017-07-17,2017-07-17 09:43:11
09:43:14,09:43:14,7.9,0.01,51,40953,买盘,2017-07-17,2017-07-17 09:43:14
09:43:17,09:43:17,7.89,-0.01,313,247083,卖盘,2017-07-17,2017-07-17 09:43:17
09:43:23,09:43:23,7.89,--,54,43268,买盘,2017-07-17,2017-07-17 09:43:23
09:43:26,09:43:26,7.89,--,114,89946,卖盘,2017-07-17,2017-07-17 09:43:26
09:43:29,09:43:29,7.89,--,45,35505,卖盘,2017-07-17,2017-07-17 09:43:29
09:43:32,09:43:32,7.89,--,7,5523,卖盘,2017-07-17,2017-07-17 09:43:32
09:43:38,09:43:38,7.89,--,44,34716,卖盘,2017-07-17,2017-07-17 09:43:38
09:43:41,09:43:41,7.89,--,139,109671,卖盘,2017-07-17,2017-07-17 09:43:41
09:43:44,09:43:44,7.89,--,4,3156,买盘,2017-07-17,2017-07-17 09:43:44
09:43:47,09:43:47,7.89,--,38,29982,买盘,2017-07-17,2017-07-17 09:43:47
09:43:50,09:43:50,7.89,--,259,204351,买盘,2017-07-17,2017-07-17 09:43:50
09:43:53,09:43:53,7.88,-0.01,40,31520,卖盘,2017-07-17,2017-07-17 09:43:53
09:43:56,09:43:56,7.89,0.01,82,64698,买盘,2017-07-17,2017-07-17 09:43:56
09:43:59,09:43:59,7.89,--,204,160956,买盘,2017-07-17,2017-07-17 09:43:59
09:44:02,09:44:02,7.89,--,28,22092,卖盘,2017-07-17,2017-07-17 09:44:02
09:44:05,09:44:05,7.88,-0.01,294,231672,卖盘,2017-07-17,2017-07-17 09:44:05
09:44:08,09:44:08,7.88,--,0,0,卖盘,2017-07-17,2017-07-17 09:44:08
09:44:11,09:44:11,7.89,0.01,105,82845,买盘,2017-07-17,2017-07-17 09:44:11
09:44:14,09:44:14,7.88,-0.01,202,159176,卖盘,2017-07-17,2017-07-17 09:44:14
09:44:17,09:44:17,7.89,0.01,25,19725,中性盘,2017-07-17,2017-07-17 09:44:17
09:44:20,09:44:20,7.88,-0.01,162,127656,卖盘,2017-07-17,2017-07-17 09:44:20
09:44:23,09:44:23,7.88,--,102,80376,卖盘,2017-07-17,2017-07-17 09:44:23
09:44:26,09:44:26,7.88,--,20,15760,卖盘,2017-07-17,2017-07-17 09:44:26
09:44:29,09:44:29,7.87,-0.01,82,64659,卖盘,2017-07-17,2017-07-17 09:44:29
09:44:32,09:44:32,7.88,0.01,5,3940,买盘,2017-07-17,2017-07-17 09:44:32
09:44:35,09:44:35,7.8,-0.08,1500,1170000,卖盘,2017-07-17,2017-07-17 09:44:35
09:44:38,09:44:38,7.86,0.06,62,48732,买盘,2017-07-17,2017-07-17 09:44:38
09:44:41,09:44:41,7.83,-0.03,5,3915,中性盘,2017-07-17,2017-07-17 09:44:41
09:44:45,09:44:45,7.86,0.03,15,11790,买盘,2017-07-17,2017-07-17 09:44:45
09:44:54,09:44:54,7.81,-0.05,90,70290,卖盘,2017-07-17,2017-07-17 09:44:54
09:44:57,09:44:57,7.81,--,0,0,卖盘,2017-07-17,2017-07-17 09:44:57
09:45:00,09:45:00,7.83,0.02,16,12528,中性盘,2017-07-17,2017-07-17 09:45:00
09:45:03,09:45:03,7.81,-0.02,30,23430,卖盘,2017-07-17,2017-07-17 09:45:03
09:45:06,09:45:06,7.81,--,138,107778,卖盘,2017-07-17,2017-07-17 09:45:06
09:45:09,09:45:09,7.8,-0.01,78,60840,卖盘,2017-07-17,2017-07-17 09:45:09
09:45:15,09:45:15,7.82,0.02,110,86020,买盘,2017-07-17,2017-07-17 09:45:15
09:45:18,09:45:18,7.82,--,0,0,中性盘,2017-07-17,2017-07-17 09:45:18
09:45:21,09:45:21,7.78,-0.04,62,48236,卖盘,2017-07-17,2017-07-17 09:45:21
09:45:24,09:45:24,7.78,--,314,244292,卖盘,2017-07-17,2017-07-17 09:45:24
09:45:27,09:45:27,7.8,0.02,109,85020,中性盘,2017-07-17,2017-07-17 09:45:27
09:45:30,09:45:30,7.77,-0.03,60,46620,卖盘,2017-07-17,2017-07-17 09:45:30
09:45:33,09:45:33,7.8,0.03,121,94380,买盘,2017-07-17,2017-07-17 09:45:33
09:45:36,09:45:36,7.78,-0.02,79,61462,卖盘,2017-07-17,2017-07-17 09:45:36
09:45:39,09:45:39,7.78,--,121,94138,买盘,2017-07-17,2017-07-17 09:45:39
09:45:42,09:45:42,7.78,--,16,12448,卖盘,2017-07-17,2017-07-17 09:45:42
09:45:45,09:45:45,7.78,--,13,10114,卖盘,2017-07-17,2017-07-17 09:45:45
09:45:48,09:45:48,7.79,0.01,44,34276,买盘,2017-07-17,2017-07-17 09:45:48
09:45:51,09:45:51,7.78,-0.01,18,14004,卖盘,2017-07-17,2017-07-17 09:45:51
09:45:54,09:45:54,7.78,--,175,136150,卖盘,2017-07-17,2017-07-17 09:45:54
09:45:57,09:45:57,7.78,--,50,38900,卖盘,2017-07-17,2017-07-17 09:45:57
09:46:00,09:46:00,7.78,--,448,348544,卖盘,2017-07-17,2017-07-17 09:46:00
09:46:03,09:46:03,7.78,--,98,76244,买盘,2017-07-17,2017-07-17 09:46:03
09:46:09,09:46:09,7.78,--,39,30342,买盘,2017-07-17,2017-07-17 09:46:09
09:46:12,09:46:12,7.77,-0.01,50,38850,卖盘,2017-07-17,2017-07-17 09:46:12
09:46:15,09:46:15,7.78,0.01,66,51348,买盘,2017-07-17,2017-07-17 09:46:15
09:46:18,09:46:18,7.77,-0.01,320,248640,卖盘,2017-07-17,2017-07-17 09:46:18
09:46:21,09:46:21,7.77,--,33,25641,买盘,2017-07-17,2017-07-17 09:46:21
09:46:24,09:46:24,7.77,--,23,17871,买盘,2017-07-17,2017-07-17 09:46:24
09:46:27,09:46:27,7.77,--,76,59052,买盘,2017-07-17,2017-07-17 09:46:27
09:46:30,09:46:30,7.77,--,50,38850,买盘,2017-07-17,2017-07-17 09:46:30
09:46:33,09:46:33,7.76,-0.01,136,105536,卖盘,2017-07-17,2017-07-17 09:46:33
09:46:36,09:46:36,7.76,--,8,6208,买盘,2017-07-17,2017-07-17 09:46:36
09:46:39,09:46:39,7.75,-0.01,6,4650,卖盘,2017-07-17,2017-07-17 09:46:39
09:46:42,09:46:42,7.74,-0.01,166,128484,卖盘,2017-07-17,2017-07-17 09:46:42
09:46:45,09:46:45,7.74,--,0,0,卖盘,2017-07-17,2017-07-17 09:46:45
09:46:48,09:46:48,7.74,--,52,40248,卖盘,2017-07-17,2017-07-17 09:46:48
09:46:51,09:46:51,7.74,--,105,81270,买盘,2017-07-17,2017-07-17 09:46:51
09:46:54,09:46:54,7.74,--,11,8514,买盘,2017-07-17,2017-07-17 09:46:54
09:47:00,09:47:00,7.73,-0.01,75,57975,卖盘,2017-07-17,2017-07-17 09:47:00
09:47:03,09:47:03,7.72,-0.01,100,77200,卖盘,2017-07-17,2017-07-17 09:47:03
09:47:09,09:47:09,7.73,0.01,15,11595,买盘,2017-07-17,2017-07-17 09:47:09
09:47:12,09:47:12,7.71,-0.02,427,329217,卖盘,2017-07-17,2017-07-17 09:47:12
09:47:15,09:47:15,7.72,0.01,2,1544,买盘,2017-07-17,2017-07-17 09:47:15
09:47:18,09:47:18,7.72,--,15,11580,买盘,2017-07-17,2017-07-17 09:47:18
09:47:21,09:47:21,7.72,--,786,606792,买盘,2017-07-17,2017-07-17 09:47:21
09:47:24,09:47:24,7.71,-0.01,43,33153,卖盘,2017-07-17,2017-07-17 09:47:24
09:47:27,09:47:27,7.71,--,472,363912,买盘,2017-07-17,2017-07-17 09:47:27
09:47:30,09:47:30,7.69,-0.02,311,239159,卖盘,2017-07-17,2017-07-17 09:47:30
09:47:33,09:47:33,7.69,--,10,7690,买盘,2017-07-17,2017-07-17 09:47:33
09:47:36,09:47:36,7.69,--,128,98432,买盘,2017-07-17,2017-07-17 09:47:36
09:47:39,09:47:39,7.68,-0.01,150,115200,卖盘,2017-07-17,2017-07-17 09:47:39
09:47:42,09:47:42,7.7,0.02,82,63140,买盘,2017-07-17,2017-07-17 09:47:42
09:47:45,09:47:45,7.7,--,71,54670,买盘,2017-07-17,2017-07-17 09:47:45
09:47:48,09:47:48,7.64,-0.06,96,73344,卖盘,2017-07-17,2017-07-17 09:47:48
09:47:51,09:47:51,7.68,0.04,50,38400,买盘,2017-07-17,2017-07-17 09:47:51
09:47:54,09:47:54,7.66,-0.02,130,99580,卖盘,2017-07-17,2017-07-17 09:47:54
09:47:57,09:47:57,7.66,--,30,22980,卖盘,2017-07-17,2017-07-17 09:47:57
09:48:00,09:48:00,7.66,--,84,64344,买盘,2017-07-17,2017-07-17 09:48:00
09:48:03,09:48:03,7.68,0.02,76,58368,买盘,2017-07-17,2017-07-17 09:48:03
09:48:06,09:48:06,7.68,--,164,125952,卖盘,2017-07-17,2017-07-17 09:48:06
09:48:09,09:48:09,7.68,--,9,6912,卖盘,2017-07-17,2017-07-17 09:48:09
09:48:12,09:48:12,7.7,0.02,10,7700,买盘,2017-07-17,2017-07-17 09:48:12
09:48:15,09:48:15,7.7,--,107,82390,买盘,2017-07-17,2017-07-17 09:48:15
09:48:18,09:48:18,7.7,--,140,107800,买盘,2017-07-17,2017-07-17 09:48:18
09:48:21,09:48:21,7.7,--,109,83930,买盘,2017-07-17,2017-07-17 09:48:21
09:48:24,09:48:24,7.68,-0.02,80,61440,卖盘,2017-07-17,2017-07-17 09:48:24
09:48:27,09:48:27,7.7,0.02,515,396550,买盘,2017-07-17,2017-07-17 09:48:27
09:48:30,09:48:30,7.67,-0.03,198,151866,中性盘,2017-07-17,2017-07-17 09:48:30
09:48:33,09:48:33,7.7,0.03,104,80080,买盘,2017-07-17,2017-07-17 09:48:33
09:48:36,09:48:36,7.68,-0.02,22,16896,卖盘,2017-07-17,2017-07-17 09:48:36
09:48:39,09:48:39,7.68,--,0,0,卖盘,2017-07-17,2017-07-17 09:48:39
09:48:42,09:48:42,7.68,--,50,38400,卖盘,2017-07-17,2017-07-17 09:48:42
09:48:45,09:48:45,7.7,0.02,10,7700,买盘,2017-07-17,2017-07-17 09:48:45
09:48:48,09:48:48,7.69,-0.01,38,29222,卖盘,2017-07-17,2017-07-17 09:48:48
09:48:51,09:48:51,7.7,0.01,107,82390,买盘,2017-07-17,2017-07-17 09:48:51
09:48:54,09:48:54,7.7,--,86,66220,买盘,2017-07-17,2017-07-17 09:48:54
09:48:57,09:48:57,7.66,-0.04,998,764468,卖盘,2017-07-17,2017-07-17 09:48:57
09:49:00,09:49:00,7.7,0.04,84,64680,中性盘,2017-07-17,2017-07-17 09:49:00
09:49:03,09:49:03,7.7,--,14,10780,卖盘,2017-07-17,2017-07-17 09:49:03
09:49:06,09:49:06,7.71,0.01,20,15420,买盘,2017-07-17,2017-07-17 09:49:06
09:49:12,09:49:12,7.71,--,39,30069,买盘,2017-07-17,2017-07-17 09:49:12
09:49:15,09:49:15,7.7,-0.01,4,3080,卖盘,2017-07-17,2017-07-17 09:49:15
09:49:18,09:49:18,7.71,0.01,64,49344,买盘,2017-07-17,2017-07-17 09:49:18
09:49:21,09:49:21,7.71,--,130,100230,卖盘,2017-07-17,2017-07-17 09:49:21
09:49:27,09:49:27,7.75,0.04,924,716100,买盘,2017-07-17,2017-07-17 09:49:27
09:49:36,09:49:36,7.75,--,10,7750,卖盘,2017-07-17,2017-07-17 09:49:36
09:49:39,09:49:39,7.77,0.02,190,147630,买盘,2017-07-17,2017-07-17 09:49:39
09:49:42,09:49:42,7.75,-0.02,100,77500,卖盘,2017-07-17,2017-07-17 09:49:42
09:49:45,09:49:45,7.76,0.01,31,24056,买盘,2017-07-17,2017-07-17 09:49:45
09:49:48,09:49:48,7.77,0.01,50,38850,买盘,2017-07-17,2017-07-17 09:49:48
09:49:51,09:49:51,7.77,--,30,23310,买盘,2017-07-17,2017-07-17 09:49:51
09:49:54,09:49:54,7.77,--,216,167832,买盘,2017-07-17,2017-07-17 09:49:54
09:49:57,09:49:57,7.78,0.01,55,42790,买盘,2017-07-17,2017-07-17 09:49:57
09:50:00,09:50:00,7.78,--,16,12448,卖盘,2017-07-17,2017-07-17 09:50:00
09:50:06,09:50:06,7.79,0.01,24,18696,买盘,2017-07-17,2017-07-17 09:50:06
09:50:09,09:50:09,7.79,--,38,29602,买盘,2017-07-17,2017-07-17 09:50:09
09:50:12,09:50:12,7.78,-0.01,13,10114,卖盘,2017-07-17,2017-07-17 09:50:12
09:50:15,09:50:15,7.79,0.01,68,52972,买盘,2017-07-17,2017-07-17 09:50:15
09:50:21,09:50:21,7.78,-0.01,31,24118,卖盘,2017-07-17,2017-07-17 09:50:21
09:50:24,09:50:24,7.78,--,125,97250,卖盘,2017-07-17,2017-07-17 09:50:24
09:50:27,09:50:27,7.78,--,25,19450,买盘,2017-07-17,2017-07-17 09:50:27
09:50:30,09:50:30,7.78,--,124,96472,买盘,2017-07-17,2017-07-17 09:50:30
09:50:33,09:50:33,7.78,--,38,29564,买盘,2017-07-17,2017-07-17 09:50:33
09:50:36,09:50:36,7.78,--,147,114366,买盘,2017-07-17,2017-07-17 09:50:36
09:50:39,09:50:39,7.78,--,33,25674,卖盘,2017-07-17,2017-07-17 09:50:39
09:50:45,09:50:45,7.78,--,0,0,卖盘,2017-07-17,2017-07-17 09:50:45
09:50:48,09:50:48,7.79,0.01,7,5453,买盘,2017-07-17,2017-07-17 09:50:48
09:50:51,09:50:51,7.78,-0.01,61,47458,卖盘,2017-07-17,2017-07-17 09:50:51
09:50:54,09:50:54,7.78,--,16,12448,卖盘,2017-07-17,2017-07-17 09:50:54
09:50:57,09:50:57,7.78,--,10,7780,卖盘,2017-07-17,2017-07-17 09:50:57
09:51:00,09:51:00,7.78,--,205,159490,卖盘,2017-07-17,2017-07-17 09:51:00
09:51:03,09:51:03,7.78,--,24,18672,卖盘,2017-07-17,2017-07-17 09:51:03
09:51:06,09:51:06,7.78,--,48,37344,卖盘,2017-07-17,2017-07-17 09:51:06
09:51:09,09:51:09,7.78,--,15,11670,买盘,2017-07-17,2017-07-17 09:51:09
09:51:12,09:51:12,7.78,--,39,30342,买盘,2017-07-17,2017-07-17 09:51:12
09:51:15,09:51:15,7.78,--,7,5446,买盘,2017-07-17,2017-07-17 09:51:15
09:51:18,09:51:18,7.78,--,5,3890,买盘,2017-07-17,2017-07-17 09:51:18
09:51:21,09:51:21,7.76,-0.02,80,62080,卖盘,2017-07-17,2017-07-17 09:51:21
09:51:24,09:51:24,7.77,0.01,30,23310,中性盘,2017-07-17,2017-07-17 09:51:24
09:51:27,09:51:27,7.77,--,12,9324,买盘,2017-07-17,2017-07-17 09:51:27
09:51:30,09:51:30,7.77,--,20,15540,买盘,2017-07-17,2017-07-17 09:51:30
09:51:33,09:51:33,7.77,--,9,6993,买盘,2017-07-17,2017-07-17 09:51:33
09:51:39,09:51:39,7.77,--,20,15540,买盘,2017-07-17,2017-07-17 09:51:39
09:51:42,09:51:42,7.76,-0.01,21,16296,卖盘,2017-07-17,2017-07-17 09:51:42
09:51:45,09:51:45,7.76,--,78,60528,卖盘,2017-07-17,2017-07-17 09:51:45
09:51:48,09:51:48,7.75,-0.01,156,120900,卖盘,2017-07-17,2017-07-17 09:51:48
09:51:51,09:51:51,7.75,--,10,7750,买盘,2017-07-17,2017-07-17 09:51:51
09:51:54,09:51:54,7.75,--,30,23250,买盘,2017-07-17,2017-07-17 09:51:54
09:51:57,09:51:57,7.75,--,0,0,买盘,2017-07-17,2017-07-17 09:51:57
09:52:00,09:52:00,7.75,--,20,15500,买盘,2017-07-17,2017-07-17 09:52:00
09:52:03,09:52:03,7.75,--,19,14725,买盘,2017-07-17,2017-07-17 09:52:03
09:52:06,09:52:06,7.73,-0.02,101,78073,卖盘,2017-07-17,2017-07-17 09:52:06
09:52:09,09:52:09,7.72,-0.01,50,38600,卖盘,2017-07-17,2017-07-17 09:52:09
09:52:12,09:52:12,7.74,0.02,30,23220,买盘,2017-07-17,2017-07-17 09:52:12
09:52:15,09:52:15,7.74,--,132,102168,买盘,2017-07-17,2017-07-17 09:52:15
09:52:18,09:52:18,7.74,--,55,42570,买盘,2017-07-17,2017-07-17 09:52:18
09:52:27,09:52:27,7.73,-0.01,20,15460,卖盘,2017-07-17,2017-07-17 09:52:27
09:52:31,09:52:31,7.73,--,224,173152,卖盘,2017-07-17,2017-07-17 09:52:31
09:52:34,09:52:34,7.73,--,11,8503,买盘,2017-07-17,2017-07-17 09:52:34
09:52:37,09:52:37,7.74,0.01,24,18576,买盘,2017-07-17,2017-07-17 09:52:37
09:52:40,09:52:40,7.74,--,2,1548,买盘,2017-07-17,2017-07-17 09:52:40
09:52:43,09:52:43,7.74,--,11,8514,买盘,2017-07-17,2017-07-17 09:52:43
09:52:46,09:52:46,7.74,--,43,33282,买盘,2017-07-17,2017-07-17 09:52:46
09:52:55,09:52:55,7.74,--,6,4644,卖盘,2017-07-17,2017-07-17 09:52:55
09:53:01,09:53:01,7.75,0.01,11,8525,买盘,2017-07-17,2017-07-17 09:53:01
09:53:04,09:53:04,7.75,--,5,3875,买盘,2017-07-17,2017-07-17 09:53:04
09:53:07,09:53:07,7.75,--,61,47275,买盘,2017-07-17,2017-07-17 09:53:07
09:53:10,09:53:10,7.75,--,12,9300,卖盘,2017-07-17,2017-07-17 09:53:10
09:53:19,09:53:19,7.75,--,61,47275,卖盘,2017-07-17,2017-07-17 09:53:19
09:53:22,09:53:22,7.76,0.01,80,62080,买盘,2017-07-17,2017-07-17 09:53:22
09:53:28,09:53:28,7.76,--,61,47336,买盘,2017-07-17,2017-07-17 09:53:28
09:53:31,09:53:31,7.76,--,3,2328,买盘,2017-07-17,2017-07-17 09:53:31
09:53:34,09:53:34,7.76,--,85,65960,买盘,2017-07-17,2017-07-17 09:53:34
09:53:37,09:53:37,7.76,--,86,66736,买盘,2017-07-17,2017-07-17 09:53:37
09:53:40,09:53:40,7.77,0.01,4,3108,买盘,2017-07-17,2017-07-17 09:53:40
09:53:49,09:53:49,7.77,--,5,3885,买盘,2017-07-17,2017-07-17 09:53:49
09:53:52,09:53:52,7.77,--,45,34965,买盘,2017-07-17,2017-07-17 09:53:52
09:53:55,09:53:55,7.77,--,30,23310,买盘,2017-07-17,2017-07-17 09:53:55
09:53:58,09:53:58,7.77,--,5,3885,买盘,2017-07-17,2017-07-17 09:53:58
09:54:04,09:54:04,7.77,--,20,15540,买盘,2017-07-17,2017-07-17 09:54:04
09:54:07,09:54:07,7.77,--,2,1554,买盘,2017-07-17,2017-07-17 09:54:07
09:54:10,09:54:10,7.77,--,90,69930,买盘,2017-07-17,2017-07-17 09:54:10
09:54:13,09:54:13,7.77,--,55,42735,买盘,2017-07-17,2017-07-17 09:54:13
09:54:16,09:54:16,7.77,--,20,15540,买盘,2017-07-17,2017-07-17 09:54:16
09:54:22,09:54:22,7.77,--,4,3108,买盘,2017-07-17,2017-07-17 09:54:22
09:54:25,09:54:25,7.77,--,156,121212,买盘,2017-07-17,2017-07-17 09:54:25
09:54:28,09:54:28,7.77,--,36,27972,买盘,2017-07-17,2017-07-17 09:54:28
09:54:31,09:54:31,7.77,--,114,88578,买盘,2017-07-17,2017-07-17 09:54:31
09:54:37,09:54:37,7.77,--,72,55944,买盘,2017-07-17,2017-07-17 09:54:37
09:54:40,09:54:40,7.77,--,21,16317,中性盘,2017-07-17,2017-07-17 09:54:40
09:54:43,09:54:43,7.77,--,27,20979,卖盘,2017-07-17,2017-07-17 09:54:43
09:54:49,09:54:49,7.78,0.01,30,23340,买盘,2017-07-17,2017-07-17 09:54:49
09:54:52,09:54:52,7.77,-0.01,25,19425,卖盘,2017-07-17,2017-07-17 09:54:52
09:54:55,09:54:55,7.78,0.01,35,27230,买盘,2017-07-17,2017-07-17 09:54:55
09:54:58,09:54:58,7.78,--,20,15560,买盘,2017-07-17,2017-07-17 09:54:58
09:55:04,09:55:04,7.78,--,36,28008,买盘,2017-07-17,2017-07-17 09:55:04
09:55:10,09:55:10,7.78,--,41,31898,买盘,2017-07-17,2017-07-17 09:55:10
09:55:13,09:55:13,7.78,--,11,8558,买盘,2017-07-17,2017-07-17 09:55:13
09:55:22,09:55:22,7.79,0.01,3,2337,买盘,2017-07-17,2017-07-17 09:55:22
09:55:25,09:55:25,7.79,--,5,3895,买盘,2017-07-17,2017-07-17 09:55:25
09:55:28,09:55:28,7.79,--,29,22591,买盘,2017-07-17,2017-07-17 09:55:28
09:55:34,09:55:34,7.79,--,20,15580,卖盘,2017-07-17,2017-07-17 09:55:34
09:55:37,09:55:37,7.8,0.01,5,3900,买盘,2017-07-17,2017-07-17 09:55:37
09:55:40,09:55:40,7.79,-0.01,3,2337,卖盘,2017-07-17,2017-07-17 09:55:40
09:55:43,09:55:43,7.8,0.01,30,23400,买盘,2017-07-17,2017-07-17 09:55:43
09:55:46,09:55:46,7.79,-0.01,145,112955,卖盘,2017-07-17,2017-07-17 09:55:46
09:55:49,09:55:49,7.79,--,50,38950,买盘,2017-07-17,2017-07-17 09:55:49
09:55:52,09:55:52,7.79,--,11,8569,买盘,2017-07-17,2017-07-17 09:55:52
09:55:58,09:55:58,7.79,--,63,49077,买盘,2017-07-17,2017-07-17 09:55:58
09:56:01,09:56:01,7.79,--,13,10127,买盘,2017-07-17,2017-07-17 09:56:01
09:56:04,09:56:04,7.79,--,5,3895,卖盘,2017-07-17,2017-07-17 09:56:04
09:56:10,09:56:10,7.79,--,92,71668,卖盘,2017-07-17,2017-07-17 09:56:10
09:56:13,09:56:13,7.79,--,506,394174,卖盘,2017-07-17,2017-07-17 09:56:13
09:56:16,09:56:16,7.79,--,10,7790,买盘,2017-07-17,2017-07-17 09:56:16
09:56:19,09:56:19,7.79,--,8,6232,买盘,2017-07-17,2017-07-17 09:56:19
09:56:22,09:56:22,7.79,--,3,2337,买盘,2017-07-17,2017-07-17 09:56:22
09:56:25,09:56:25,7.79,--,10,7790,买盘,2017-07-17,2017-07-17 09:56:25
09:56:31,09:56:31,7.79,--,30,23370,买盘,2017-07-17,2017-07-17 09:56:31
09:56:34,09:56:34,7.78,-0.01,36,28008,卖盘,2017-07-17,2017-07-17 09:56:34
09:56:37,09:56:37,7.78,--,27,21006,中性盘,2017-07-17,2017-07-17 09:56:37
09:56:40,09:56:40,7.78,--,4,3112,买盘,2017-07-17,2017-07-17 09:56:40
09:56:43,09:56:43,7.78,--,65,50570,买盘,2017-07-17,2017-07-17 09:56:43
09:56:46,09:56:46,7.77,-0.01,328,254856,卖盘,2017-07-17,2017-07-17 09:56:46
09:56:49,09:56:49,7.77,--,14,10878,买盘,2017-07-17,2017-07-17 09:56:49
09:56:58,09:56:58,7.77,--,50,38850,买盘,2017-07-17,2017-07-17 09:56:58
09:57:01,09:57:01,7.77,--,9,6993,买盘,2017-07-17,2017-07-17 09:57:01
09:57:04,09:57:04,7.76,-0.01,735,570360,卖盘,2017-07-17,2017-07-17 09:57:04
09:57:07,09:57:07,7.77,0.01,81,62937,买盘,2017-07-17,2017-07-17 09:57:07
09:57:10,09:57:10,7.77,--,6,4662,买盘,2017-07-17,2017-07-17 09:57:10
09:57:13,09:57:13,7.77,--,100,77700,买盘,2017-07-17,2017-07-17 09:57:13
09:57:22,09:57:22,7.77,--,20,15540,买盘,2017-07-17,2017-07-17 09:57:22
09:57:28,09:57:28,7.77,--,5,3885,买盘,2017-07-17,2017-07-17 09:57:28
09:57:31,09:57:31,7.76,-0.01,11,8536,卖盘,2017-07-17,2017-07-17 09:57:31
09:57:34,09:57:34,7.77,0.01,4,3108,买盘,2017-07-17,2017-07-17 09:57:34
09:57:37,09:57:37,7.76,-0.01,85,65960,卖盘,2017-07-17,2017-07-17 09:57:37
09:57:40,09:57:40,7.76,--,1,776,卖盘,2017-07-17,2017-07-17 09:57:40
09:57:43,09:57:43,7.76,--,95,73720,卖盘,2017-07-17,2017-07-17 09:57:43
09:57:46,09:57:46,7.77,0.01,3,2331,买盘,2017-07-17,2017-07-17 09:57:46
09:57:49,09:57:49,7.77,--,39,30303,买盘,2017-07-17,2017-07-17 09:57:49
09:57:52,09:57:52,7.77,--,45,34965,买盘,2017-07-17,2017-07-17 09:57:52
09:57:56,09:57:56,7.77,--,125,97125,买盘,2017-07-17,2017-07-17 09:57:56
09:58:05,09:58:05,7.77,--,2,1554,卖盘,2017-07-17,2017-07-17 09:58:05
09:58:13,09:58:13,7.77,--,98,76146,卖盘,2017-07-17,2017-07-17 09:58:13
09:58:23,09:58:23,7.78,0.01,8,6224,买盘,2017-07-17,2017-07-17 09:58:23
09:58:29,09:58:29,7.78,--,4,3112,买盘,2017-07-17,2017-07-17 09:58:29
09:58:35,09:58:35,7.78,--,5,3890,买盘,2017-07-17,2017-07-17 09:58:35
09:58:38,09:58:38,7.77,-0.01,154,119658,卖盘,2017-07-17,2017-07-17 09:58:38
09:58:41,09:58:41,7.78,0.01,35,27230,买盘,2017-07-17,2017-07-17 09:58:41
09:58:44,09:58:44,7.78,--,35,27230,买盘,2017-07-17,2017-07-17 09:58:44
09:58:47,09:58:47,7.78,--,108,84024,买盘,2017-07-17,2017-07-17 09:58:47
09:58:50,09:58:50,7.78,--,14,10892,买盘,2017-07-17,2017-07-17 09:58:50
09:58:53,09:58:53,7.78,--,12,9336,买盘,2017-07-17,2017-07-17 09:58:53
09:58:59,09:58:59,7.78,--,33,25674,买盘,2017-07-17,2017-07-17 09:58:59
09:59:02,09:59:02,7.78,--,122,94916,买盘,2017-07-17,2017-07-17 09:59:02
09:59:14,09:59:14,7.79,0.01,9,7011,买盘,2017-07-17,2017-07-17 09:59:14
09:59:17,09:59:17,7.79,--,31,24149,买盘,2017-07-17,2017-07-17 09:59:17
09:59:23,09:59:23,7.78,-0.01,164,127592,卖盘,2017-07-17,2017-07-17 09:59:23
09:59:26,09:59:26,7.78,--,15,11670,买盘,2017-07-17,2017-07-17 09:59:26
09:59:29,09:59:29,7.78,--,121,94138,买盘,2017-07-17,2017-07-17 09:59:29
09:59:32,09:59:32,7.78,--,22,17116,买盘,2017-07-17,2017-07-17 09:59:32
09:59:35,09:59:35,7.78,--,14,10892,买盘,2017-07-17,2017-07-17 09:59:35
09:59:38,09:59:38,7.78,--,19,14782,买盘,2017-07-17,2017-07-17 09:59:38
09:59:41,09:59:41,7.78,--,6,4668,卖盘,2017-07-17,2017-07-17 09:59:41
09:59:44,09:59:44,7.78,--,13,10114,买盘,2017-07-17,2017-07-17 09:59:44
09:59:47,09:59:47,7.78,--,6,4668,买盘,2017-07-17,2017-07-17 09:59:47
09:59:50,09:59:50,7.78,--,6,4668,买盘,2017-07-17,2017-07-17 09:59:50
09:59:53,09:59:53,7.78,--,9,7002,卖盘,2017-07-17,2017-07-17 09:59:53
09:59:56,09:59:56,7.78,--,5,3890,买盘,2017-07-17,2017-07-17 09:59:56
09:59:59,09:59:59,7.78,--,6,4668,买盘,2017-07-17,2017-07-17 09:59:59
10:00:05,10:00:05,7.78,--,12,9336,买盘,2017-07-17,2017-07-17 10:00:05
10:00:08,10:00:08,7.78,--,15,11670,买盘,2017-07-17,2017-07-17 10:00:08
10:00:11,10:00:11,7.77,-0.01,221,171717,卖盘,2017-07-17,2017-07-17 10:00:11
10:00:14,10:00:14,7.77,--,12,9324,卖盘,2017-07-17,2017-07-17 10:00:14
10:00:17,10:00:17,7.77,--,303,235431,卖盘,2017-07-17,2017-07-17 10:00:17
10:00:23,10:00:23,7.78,0.01,4,3112,买盘,2017-07-17,2017-07-17 10:00:23
10:00:29,10:00:29,7.77,-0.01,100,77700,卖盘,2017-07-17,2017-07-17 10:00:29
10:00:32,10:00:32,7.78,0.01,2,1556,买盘,2017-07-17,2017-07-17 10:00:32
10:00:35,10:00:35,7.77,-0.01,40,31080,卖盘,2017-07-17,2017-07-17 10:00:35
10:00:38,10:00:38,7.78,0.01,52,40456,买盘,2017-07-17,2017-07-17 10:00:38
10:00:41,10:00:41,7.77,-0.01,90,69930,卖盘,2017-07-17,2017-07-17 10:00:41
10:00:50,10:00:50,7.77,--,16,12432,买盘,2017-07-17,2017-07-17 10:00:50
10:00:53,10:00:53,7.77,--,5,3885,买盘,2017-07-17,2017-07-17 10:00:53
10:00:59,10:00:59,7.77,--,4,3108,买盘,2017-07-17,2017-07-17 10:00:59
10:01:05,10:01:05,7.76,-0.01,10,7760,卖盘,2017-07-17,2017-07-17 10:01:05
10:01:08,10:01:08,7.76,--,3,2328,卖盘,2017-07-17,2017-07-17 10:01:08
10:01:11,10:01:11,7.77,0.01,5,3885,买盘,2017-07-17,2017-07-17 10:01:11
10:01:14,10:01:14,7.76,-0.01,242,187792,卖盘,2017-07-17,2017-07-17 10:01:14
10:01:23,10:01:23,7.76,--,16,12416,买盘,2017-07-17,2017-07-17 10:01:23
10:01:32,10:01:32,7.75,-0.01,36,27900,卖盘,2017-07-17,2017-07-17 10:01:32
10:01:38,10:01:38,7.76,0.01,27,20952,买盘,2017-07-17,2017-07-17 10:01:38
10:01:41,10:01:41,7.75,-0.01,10,7750,卖盘,2017-07-17,2017-07-17 10:01:41
10:01:47,10:01:47,7.75,--,102,79050,卖盘,2017-07-17,2017-07-17 10:01:47
10:01:50,10:01:50,7.75,--,289,223975,卖盘,2017-07-17,2017-07-17 10:01:50
10:01:56,10:01:56,7.74,-0.01,5,3870,卖盘,2017-07-17,2017-07-17 10:01:56
10:01:59,10:01:59,7.74,--,50,38700,卖盘,2017-07-17,2017-07-17 10:01:59
10:02:02,10:02:02,7.72,-0.02,513,396036,卖盘,2017-07-17,2017-07-17 10:02:02
10:02:05,10:02:05,7.72,--,0,0,卖盘,2017-07-17,2017-07-17 10:02:05
10:02:08,10:02:08,7.74,0.02,1,774,买盘,2017-07-17,2017-07-17 10:02:08
10:02:11,10:02:11,7.75,0.01,102,79050,买盘,2017-07-17,2017-07-17 10:02:11
10:02:14,10:02:14,7.71,-0.04,500,385500,卖盘,2017-07-17,2017-07-17 10:02:14
10:02:17,10:02:17,7.75,0.04,100,77500,买盘,2017-07-17,2017-07-17 10:02:17
10:02:20,10:02:20,7.75,--,0,0,买盘,2017-07-17,2017-07-17 10:02:20
10:02:29,10:02:29,7.75,--,59,45725,买盘,2017-07-17,2017-07-17 10:02:29
10:02:32,10:02:32,7.75,--,10,7750,买盘,2017-07-17,2017-07-17 10:02:32
10:02:41,10:02:41,7.73,-0.02,25,19325,卖盘,2017-07-17,2017-07-17 10:02:41
10:02:44,10:02:44,7.75,0.02,3,2325,买盘,2017-07-17,2017-07-17 10:02:44
10:02:47,10:02:47,7.75,--,32,24800,买盘,2017-07-17,2017-07-17 10:02:47
10:02:50,10:02:50,7.74,-0.01,22,17028,卖盘,2017-07-17,2017-07-17 10:02:50
10:02:53,10:02:53,7.73,-0.01,8,6184,卖盘,2017-07-17,2017-07-17 10:02:53
10:02:59,10:02:59,7.75,0.02,30,23250,买盘,2017-07-17,2017-07-17 10:02:59
10:03:08,10:03:08,7.75,--,5,3875,买盘,2017-07-17,2017-07-17 10:03:08
10:03:11,10:03:11,7.75,--,4,3100,买盘,2017-07-17,2017-07-17 10:03:11
10:03:20,10:03:20,7.75,--,39,30225,买盘,2017-07-17,2017-07-17 10:03:20
10:03:29,10:03:29,7.75,--,10,7750,买盘,2017-07-17,2017-07-17 10:03:29
10:03:32,10:03:32,7.75,--,23,17825,买盘,2017-07-17,2017-07-17 10:03:32
10:03:35,10:03:35,7.75,--,36,27900,买盘,2017-07-17,2017-07-17 10:03:35
10:03:44,10:03:44,7.75,--,40,31000,买盘,2017-07-17,2017-07-17 10:03:44
10:03:47,10:03:47,7.74,-0.01,120,93003,卖盘,2017-07-17,2017-07-17 10:03:47
10:03:50,10:03:50,7.75,0.01,3,2325,买盘,2017-07-17,2017-07-17 10:03:50
10:03:57,10:03:57,7.75,--,5,3875,买盘,2017-07-17,2017-07-17 10:03:57
10:04:00,10:04:00,7.75,--,5,3875,买盘,2017-07-17,2017-07-17 10:04:00
10:04:03,10:04:03,7.75,--,499,386725,买盘,2017-07-17,2017-07-17 10:04:03
10:04:06,10:04:06,7.76,0.01,24,18624,买盘,2017-07-17,2017-07-17 10:04:06
10:04:18,10:04:18,7.76,--,3,2328,买盘,2017-07-17,2017-07-17 10:04:18
10:04:21,10:04:21,7.76,--,187,145112,买盘,2017-07-17,2017-07-17 10:04:21
10:04:24,10:04:24,7.76,--,3,2328,买盘,2017-07-17,2017-07-17 10:04:24
10:04:27,10:04:27,7.76,--,36,27936,买盘,2017-07-17,2017-07-17 10:04:27
10:04:30,10:04:30,7.76,--,100,77600,买盘,2017-07-17,2017-07-17 10:04:30
10:04:33,10:04:33,7.76,--,56,43456,买盘,2017-07-17,2017-07-17 10:04:33
10:04:39,10:04:39,7.76,--,29,22504,买盘,2017-07-17,2017-07-17 10:04:39
10:04:42,10:04:42,7.76,--,50,38800,买盘,2017-07-17,2017-07-17 10:04:42
10:04:45,10:04:45,7.76,--,26,20176,买盘,2017-07-17,2017-07-17 10:04:45
10:04:48,10:04:48,7.75,-0.01,43,33325,卖盘,2017-07-17,2017-07-17 10:04:48
10:04:51,10:04:51,7.76,0.01,33,25608,买盘,2017-07-17,2017-07-17 10:04:51
10:05:06,10:05:06,7.77,0.01,60,46620,买盘,2017-07-17,2017-07-17 10:05:06
10:05:15,10:05:15,7.77,--,30,23310,买盘,2017-07-17,2017-07-17 10:05:15
10:05:21,10:05:21,7.77,--,2,1554,买盘,2017-07-17,2017-07-17 10:05:21
10:05:39,10:05:39,7.78,0.01,89,69242,买盘,2017-07-17,2017-07-17 10:05:39
10:05:45,10:05:45,7.79,0.01,22,17138,买盘,2017-07-17,2017-07-17 10:05:45
10:05:54,10:05:54,7.79,--,12,9348,买盘,2017-07-17,2017-07-17 10:05:54
10:05:57,10:05:57,7.79,--,10,7790,买盘,2017-07-17,2017-07-17 10:05:57
10:06:06,10:06:06,7.79,--,7,5453,买盘,2017-07-17,2017-07-17 10:06:06
10:06:15,10:06:15,7.79,--,12,9348,卖盘,2017-07-17,2017-07-17 10:06:15
10:06:18,10:06:18,7.8,0.01,11,8580,买盘,2017-07-17,2017-07-17 10:06:18
10:06:24,10:06:24,7.8,--,5,3900,买盘,2017-07-17,2017-07-17 10:06:24
10:06:27,10:06:27,7.79,-0.01,87,67773,卖盘,2017-07-17,2017-07-17 10:06:27
10:06:30,10:06:30,7.79,--,18,14022,买盘,2017-07-17,2017-07-17 10:06:30
10:06:36,10:06:36,7.8,0.01,3,2340,买盘,2017-07-17,2017-07-17 10:06:36
10:06:39,10:06:39,7.8,--,58,45240,买盘,2017-07-17,2017-07-17 10:06:39
10:06:48,10:06:48,7.79,-0.01,64,49856,卖盘,2017-07-17,2017-07-17 10:06:48
10:06:51,10:06:51,7.79,--,35,27265,买盘,2017-07-17,2017-07-17 10:06:51
10:06:54,10:06:54,7.79,--,5,3895,卖盘,2017-07-17,2017-07-17 10:06:54
10:06:57,10:06:57,7.8,0.01,14,10920,买盘,2017-07-17,2017-07-17 10:06:57
10:07:12,10:07:12,7.8,--,33,25740,卖盘,2017-07-17,2017-07-17 10:07:12
10:07:15,10:07:15,7.8,--,30,23400,买盘,2017-07-17,2017-07-17 10:07:15
10:07:18,10:07:18,7.8,--,10,7800,买盘,2017-07-17,2017-07-17 10:07:18
10:07:21,10:07:21,7.8,--,4,3120,买盘,2017-07-17,2017-07-17 10:07:21
10:07:24,10:07:24,7.8,--,20,15600,买盘,2017-07-17,2017-07-17 10:07:24
10:07:27,10:07:27,7.8,--,31,24180,买盘,2017-07-17,2017-07-17 10:07:27
10:07:30,10:07:30,7.8,--,10,7800,买盘,2017-07-17,2017-07-17 10:07:30
10:07:33,10:07:33,7.8,--,49,38220,买盘,2017-07-17,2017-07-17 10:07:33
10:07:39,10:07:39,7.8,--,25,19500,买盘,2017-07-17,2017-07-17 10:07:39
10:07:42,10:07:42,7.8,--,75,58500,买盘,2017-07-17,2017-07-17 10:07:42
10:07:45,10:07:45,7.8,--,50,39000,买盘,2017-07-17,2017-07-17 10:07:45
10:07:48,10:07:48,7.8,--,4,3120,买盘,2017-07-17,2017-07-17 10:07:48
10:07:51,10:07:51,7.8,--,2,1560,买盘,2017-07-17,2017-07-17 10:07:51
10:07:54,10:07:54,7.8,--,28,21840,买盘,2017-07-17,2017-07-17 10:07:54
10:07:57,10:07:57,7.8,--,3,2340,买盘,2017-07-17,2017-07-17 10:07:57
10:08:03,10:08:03,7.8,--,20,15600,买盘,2017-07-17,2017-07-17 10:08:03
10:08:06,10:08:06,7.8,--,26,20280,买盘,2017-07-17,2017-07-17 10:08:06
10:08:12,10:08:12,7.8,--,117,91260,买盘,2017-07-17,2017-07-17 10:08:12
10:08:15,10:08:15,7.8,--,35,27300,买盘,2017-07-17,2017-07-17 10:08:15
10:08:18,10:08:18,7.79,-0.01,85,66215,卖盘,2017-07-17,2017-07-17 10:08:18
10:08:21,10:08:21,7.8,0.01,99,77220,买盘,2017-07-17,2017-07-17 10:08:21
10:08:30,10:08:30,7.8,--,13,10140,买盘,2017-07-17,2017-07-17 10:08:30
10:08:33,10:08:33,7.8,--,3,2340,买盘,2017-07-17,2017-07-17 10:08:33
10:08:39,10:08:39,7.8,--,74,57720,买盘,2017-07-17,2017-07-17 10:08:39
10:08:42,10:08:42,7.8,--,82,63960,买盘,2017-07-17,2017-07-17 10:08:42
10:08:48,10:08:48,7.8,--,6,4680,卖盘,2017-07-17,2017-07-17 10:08:48
10:08:51,10:08:51,7.8,--,6,4680,卖盘,2017-07-17,2017-07-17 10:08:51
10:08:54,10:08:54,7.8,--,9,7020,卖盘,2017-07-17,2017-07-17 10:08:54
10:09:00,10:09:00,7.8,--,4,3120,买盘,2017-07-17,2017-07-17 10:09:00
10:09:06,10:09:06,7.79,-0.01,180,140220,卖盘,2017-07-17,2017-07-17 10:09:06
10:09:12,10:09:12,7.8,0.01,30,23400,买盘,2017-07-17,2017-07-17 10:09:12
10:09:15,10:09:15,7.8,--,2,1560,买盘,2017-07-17,2017-07-17 10:09:15
10:09:18,10:09:18,7.8,--,10,7800,买盘,2017-07-17,2017-07-17 10:09:18
10:09:21,10:09:21,7.79,-0.01,213,165927,卖盘,2017-07-17,2017-07-17 10:09:21
10:09:27,10:09:27,7.79,--,70,54530,买盘,2017-07-17,2017-07-17 10:09:27
10:09:30,10:09:30,7.79,--,4,3116,买盘,2017-07-17,2017-07-17 10:09:30
10:09:36,10:09:36,7.79,--,21,16359,买盘,2017-07-17,2017-07-17 10:09:36
10:09:39,10:09:39,7.79,--,29,22591,卖盘,2017-07-17,2017-07-17 10:09:39
10:09:42,10:09:42,7.79,--,20,15580,买盘,2017-07-17,2017-07-17 10:09:42
10:09:45,10:09:45,7.79,--,1,779,买盘,2017-07-17,2017-07-17 10:09:45
10:09:48,10:09:48,7.79,--,3,2337,买盘,2017-07-17,2017-07-17 10:09:48
10:09:51,10:09:51,7.78,-0.01,40,31120,卖盘,2017-07-17,2017-07-17 10:09:51
10:10:00,10:10:00,7.79,0.01,5,3895,买盘,2017-07-17,2017-07-17 10:10:00
10:10:06,10:10:06,7.78,-0.01,10,7780,卖盘,2017-07-17,2017-07-17 10:10:06
10:10:12,10:10:12,7.79,0.01,10,7790,买盘,2017-07-17,2017-07-17 10:10:12
10:10:15,10:10:15,7.79,--,5,3895,买盘,2017-07-17,2017-07-17 10:10:15
10:10:21,10:10:21,7.79,--,72,56088,买盘,2017-07-17,2017-07-17 10:10:21
10:10:27,10:10:27,7.78,-0.01,4,3112,卖盘,2017-07-17,2017-07-17 10:10:27
10:10:33,10:10:33,7.78,--,38,29564,卖盘,2017-07-17,2017-07-17 10:10:33
10:10:36,10:10:36,7.78,--,98,76244,卖盘,2017-07-17,2017-07-17 10:10:36
10:10:39,10:10:39,7.79,0.01,23,17917,买盘,2017-07-17,2017-07-17 10:10:39
10:10:51,10:10:51,7.78,-0.01,39,30342,卖盘,2017-07-17,2017-07-17 10:10:51
10:10:55,10:10:55,7.78,--,5,3890,卖盘,2017-07-17,2017-07-17 10:10:55
10:10:58,10:10:58,7.79,0.01,3,2337,买盘,2017-07-17,2017-07-17 10:10:58
10:11:04,10:11:04,7.78,-0.01,6,4668,卖盘,2017-07-17,2017-07-17 10:11:04
10:11:06,10:11:06,7.78,--,10,7780,卖盘,2017-07-17,2017-07-17 10:11:06
10:11:10,10:11:10,7.79,0.01,32,24928,买盘,2017-07-17,2017-07-17 10:11:10
10:11:25,10:11:25,7.78,-0.01,139,108142,卖盘,2017-07-17,2017-07-17 10:11:25
10:11:28,10:11:28,7.78,--,27,21006,卖盘,2017-07-17,2017-07-17 10:11:28
10:11:34,10:11:34,7.79,0.01,30,23370,买盘,2017-07-17,2017-07-17 10:11:34
10:11:37,10:11:37,7.79,--,9,7011,买盘,2017-07-17,2017-07-17 10:11:37
10:11:40,10:11:40,7.79,--,1,779,买盘,2017-07-17,2017-07-17 10:11:40
10:11:46,10:11:46,7.79,--,14,10906,买盘,2017-07-17,2017-07-17 10:11:46
10:11:52,10:11:52,7.79,--,20,15580,买盘,2017-07-17,2017-07-17 10:11:52
10:11:55,10:11:55,7.78,-0.01,110,85580,卖盘,2017-07-17,2017-07-17 10:11:55
10:11:58,10:11:58,7.78,--,0,0,卖盘,2017-07-17,2017-07-17 10:11:58
10:12:19,10:12:19,7.8,0.02,2,1560,买盘,2017-07-17,2017-07-17 10:12:19
10:12:22,10:12:22,7.8,--,60,46800,买盘,2017-07-17,2017-07-17 10:12:22
10:12:28,10:12:28,7.8,--,10,7800,买盘,2017-07-17,2017-07-17 10:12:28
10:12:34,10:12:34,7.8,--,49,38220,买盘,2017-07-17,2017-07-17 10:12:34
10:12:37,10:12:37,7.79,-0.01,16,12464,卖盘,2017-07-17,2017-07-17 10:12:37
10:12:40,10:12:40,7.79,--,5,3895,卖盘,2017-07-17,2017-07-17 10:12:40
10:12:43,10:12:43,7.8,0.01,5,3900,买盘,2017-07-17,2017-07-17 10:12:43
10:12:46,10:12:46,7.8,--,71,55380,买盘,2017-07-17,2017-07-17 10:12:46
10:12:49,10:12:49,7.79,-0.01,7,5453,卖盘,2017-07-17,2017-07-17 10:12:49
10:12:52,10:12:52,7.79,--,13,10127,卖盘,2017-07-17,2017-07-17 10:12:52
10:13:01,10:13:01,7.78,-0.01,100,77800,卖盘,2017-07-17,2017-07-17 10:13:01
10:13:04,10:13:04,7.79,0.01,10,7790,买盘,2017-07-17,2017-07-17 10:13:04
10:13:07,10:13:07,7.79,--,82,63878,买盘,2017-07-17,2017-07-17 10:13:07
10:13:31,10:13:31,7.79,--,18,14022,卖盘,2017-07-17,2017-07-17 10:13:31
10:13:49,10:13:49,7.8,0.01,5,3900,买盘,2017-07-17,2017-07-17 10:13:49
10:13:55,10:13:55,7.79,-0.01,48,37392,卖盘,2017-07-17,2017-07-17 10:13:55
10:14:04,10:14:04,7.79,--,4,3116,买盘,2017-07-17,2017-07-17 10:14:04
10:14:19,10:14:19,7.78,-0.01,188,146264,卖盘,2017-07-17,2017-07-17 10:14:19
10:14:25,10:14:25,7.78,--,10,7780,买盘,2017-07-17,2017-07-17 10:14:25
10:14:31,10:14:31,7.78,--,16,12448,买盘,2017-07-17,2017-07-17 10:14:31
10:14:40,10:14:40,7.78,--,8,6224,买盘,2017-07-17,2017-07-17 10:14:40
10:14:43,10:14:43,7.78,--,10,7780,买盘,2017-07-17,2017-07-17 10:14:43
10:14:46,10:14:46,7.78,--,39,30342,买盘,2017-07-17,2017-07-17 10:14:46
10:14:49,10:14:49,7.77,-0.01,7,5439,卖盘,2017-07-17,2017-07-17 10:14:49
10:14:58,10:14:58,7.78,0.01,10,7780,买盘,2017-07-17,2017-07-17 10:14:58
10:15:02,10:15:02,7.78,--,3,2334,买盘,2017-07-17,2017-07-17 10:15:02
10:15:14,10:15:14,7.78,--,71,55238,买盘,2017-07-17,2017-07-17 10:15:14
10:15:20,10:15:20,7.78,--,198,154044,买盘,2017-07-17,2017-07-17 10:15:20
10:15:35,10:15:35,7.79,0.01,17,13243,买盘,2017-07-17,2017-07-17 10:15:35
10:15:38,10:15:38,7.79,--,1,779,卖盘,2017-07-17,2017-07-17 10:15:38
10:15:56,10:15:56,7.79,--,33,25707,卖盘,2017-07-17,2017-07-17 10:15:56
10:16:05,10:16:05,7.79,--,70,54530,卖盘,2017-07-17,2017-07-17 10:16:05
10:16:11,10:16:11,7.8,0.01,64,49920,买盘,2017-07-17,2017-07-17 10:16:11
10:16:20,10:16:20,7.79,-0.01,20,15580,卖盘,2017-07-17,2017-07-17 10:16:20
10:16:26,10:16:26,7.78,-0.01,10,7780,卖盘,2017-07-17,2017-07-17 10:16:26
10:16:35,10:16:35,7.79,0.01,10,7790,买盘,2017-07-17,2017-07-17 10:16:35
10:16:41,10:16:41,7.79,--,15,11685,买盘,2017-07-17,2017-07-17 10:16:41
10:16:50,10:16:50,7.78,-0.01,8,6224,卖盘,2017-07-17,2017-07-17 10:16:50
10:16:56,10:16:56,7.79,0.01,34,26486,买盘,2017-07-17,2017-07-17 10:16:56
10:16:59,10:16:59,7.79,--,9,7011,卖盘,2017-07-17,2017-07-17 10:16:59
10:17:02,10:17:02,7.79,--,40,31160,卖盘,2017-07-17,2017-07-17 10:17:02
10:17:08,10:17:08,7.79,--,30,23370,卖盘,2017-07-17,2017-07-17 10:17:08
10:17:14,10:17:14,7.8,0.01,3,2340,买盘,2017-07-17,2017-07-17 10:17:14
10:17:17,10:17:17,7.79,-0.01,45,35055,卖盘,2017-07-17,2017-07-17 10:17:17
10:17:20,10:17:20,7.78,-0.01,25,19450,卖盘,2017-07-17,2017-07-17 10:17:20
10:17:23,10:17:23,7.79,0.01,10,7790,买盘,2017-07-17,2017-07-17 10:17:23
10:17:29,10:17:29,7.78,-0.01,100,77800,卖盘,2017-07-17,2017-07-17 10:17:29
10:17:35,10:17:35,7.79,0.01,2,1558,买盘,2017-07-17,2017-07-17 10:17:35
10:17:38,10:17:38,7.78,-0.01,162,126036,卖盘,2017-07-17,2017-07-17 10:17:38
10:17:50,10:17:50,7.78,--,4,3112,买盘,2017-07-17,2017-07-17 10:17:50
10:17:56,10:17:56,7.78,--,5,3890,买盘,2017-07-17,2017-07-17 10:17:56
10:17:59,10:17:59,7.79,0.01,94,73226,买盘,2017-07-17,2017-07-17 10:17:59
10:18:05,10:18:05,7.79,--,6,4674,卖盘,2017-07-17,2017-07-17 10:18:05
10:18:14,10:18:14,7.79,--,0,0,中性盘,2017-07-17,2017-07-17 10:18:14
10:18:17,10:18:17,7.79,--,4,3116,买盘,2017-07-17,2017-07-17 10:18:17
10:18:26,10:18:26,7.77,-0.02,5,3885,卖盘,2017-07-17,2017-07-17 10:18:26
10:18:53,10:18:53,7.77,--,7,5439,卖盘,2017-07-17,2017-07-17 10:18:53
10:18:59,10:18:59,7.77,--,25,19425,卖盘,2017-07-17,2017-07-17 10:18:59
10:19:20,10:19:20,7.79,0.02,3,2337,买盘,2017-07-17,2017-07-17 10:19:20
10:19:23,10:19:23,7.79,--,20,15580,买盘,2017-07-17,2017-07-17 10:19:23
10:19:26,10:19:26,7.79,--,225,175275,买盘,2017-07-17,2017-07-17 10:19:26
10:19:32,10:19:32,7.79,--,179,139441,卖盘,2017-07-17,2017-07-17 10:19:32
10:19:41,10:19:41,7.79,--,9,7011,卖盘,2017-07-17,2017-07-17 10:19:41
10:19:47,10:19:47,7.79,--,1,779,卖盘,2017-07-17,2017-07-17 10:19:47
10:19:56,10:19:56,7.79,--,91,70889,卖盘,2017-07-17,2017-07-17 10:19:56
10:20:05,10:20:05,7.8,0.01,16,12480,买盘,2017-07-17,2017-07-17 10:20:05
10:20:11,10:20:11,7.79,-0.01,32,24928,卖盘,2017-07-17,2017-07-17 10:20:11
10:20:32,10:20:32,7.79,--,17,13243,买盘,2017-07-17,2017-07-17 10:20:32
10:20:38,10:20:38,7.79,--,16,12464,买盘,2017-07-17,2017-07-17 10:20:38
10:20:44,10:20:44,7.79,--,119,92701,买盘,2017-07-17,2017-07-17 10:20:44
10:20:47,10:20:47,7.79,--,34,26486,买盘,2017-07-17,2017-07-17 10:20:47
10:20:56,10:20:56,7.8,0.01,10,7800,买盘,2017-07-17,2017-07-17 10:20:56
10:20:59,10:20:59,7.79,-0.01,6,4674,卖盘,2017-07-17,2017-07-17 10:20:59
10:21:05,10:21:05,7.79,--,6,4674,卖盘,2017-07-17,2017-07-17 10:21:05
10:21:08,10:21:08,7.8,0.01,18,14040,买盘,2017-07-17,2017-07-17 10:21:08
10:21:20,10:21:20,7.8,--,31,24180,买盘,2017-07-17,2017-07-17 10:21:20
10:21:23,10:21:23,7.8,--,107,83460,买盘,2017-07-17,2017-07-17 10:21:23
10:21:26,10:21:26,7.79,-0.01,10,7790,卖盘,2017-07-17,2017-07-17 10:21:26
10:21:35,10:21:35,7.8,0.01,10,7800,买盘,2017-07-17,2017-07-17 10:21:35
10:21:53,10:21:53,7.8,--,5,3900,买盘,2017-07-17,2017-07-17 10:21:53
10:21:59,10:21:59,7.8,--,80,62400,买盘,2017-07-17,2017-07-17 10:21:59
10:22:08,10:22:08,7.8,--,57,44460,买盘,2017-07-17,2017-07-17 10:22:08
10:22:11,10:22:11,7.8,--,1,780,卖盘,2017-07-17,2017-07-17 10:22:11
10:22:20,10:22:20,7.8,--,10,7800,卖盘,2017-07-17,2017-07-17 10:22:20
10:22:29,10:22:29,7.81,0.01,10,7810,买盘,2017-07-17,2017-07-17 10:22:29
10:22:35,10:22:35,7.81,--,4,3124,买盘,2017-07-17,2017-07-17 10:22:35
10:22:38,10:22:38,7.8,-0.01,5,3900,卖盘,2017-07-17,2017-07-17 10:22:38
10:22:47,10:22:47,7.8,--,15,11700,卖盘,2017-07-17,2017-07-17 10:22:47
10:22:50,10:22:50,7.81,0.01,1,781,买盘,2017-07-17,2017-07-17 10:22:50
10:22:53,10:22:53,7.81,--,10,7810,买盘,2017-07-17,2017-07-17 10:22:53
10:22:56,10:22:56,7.8,-0.01,6,4680,卖盘,2017-07-17,2017-07-17 10:22:56
10:23:08,10:23:08,7.8,--,6,4680,卖盘,2017-07-17,2017-07-17 10:23:08
10:23:11,10:23:11,7.81,0.01,1,781,买盘,2017-07-17,2017-07-17 10:23:11
10:23:14,10:23:14,7.81,--,5,3905,买盘,2017-07-17,2017-07-17 10:23:14
10:23:17,10:23:17,7.81,--,49,38269,买盘,2017-07-17,2017-07-17 10:23:17
10:23:24,10:23:24,7.81,--,4,3124,买盘,2017-07-17,2017-07-17 10:23:24
10:23:30,10:23:30,7.81,--,106,82786,买盘,2017-07-17,2017-07-17 10:23:30
10:23:39,10:23:39,7.81,--,3,2343,买盘,2017-07-17,2017-07-17 10:23:39
10:23:45,10:23:45,7.81,--,9,7029,买盘,2017-07-17,2017-07-17 10:23:45
10:23:48,10:23:48,7.81,--,10,7810,卖盘,2017-07-17,2017-07-17 10:23:48
10:24:00,10:24:00,7.81,--,1,781,卖盘,2017-07-17,2017-07-17 10:24:00
10:24:03,10:24:03,7.81,--,10,7810,买盘,2017-07-17,2017-07-17 10:24:03
10:24:06,10:24:06,7.81,--,9,7029,买盘,2017-07-17,2017-07-17 10:24:06
10:24:09,10:24:09,7.8,-0.01,20,15600,卖盘,2017-07-17,2017-07-17 10:24:09
10:24:30,10:24:30,7.82,0.02,10,7820,买盘,2017-07-17,2017-07-17 10:24:30
10:24:45,10:24:45,7.82,--,3,2346,买盘,2017-07-17,2017-07-17 10:24:45
10:24:48,10:24:48,7.82,--,4,3128,买盘,2017-07-17,2017-07-17 10:24:48
10:24:51,10:24:51,7.82,--,0,0,买盘,2017-07-17,2017-07-17 10:24:51
10:24:57,10:24:57,7.82,--,144,112608,买盘,2017-07-17,2017-07-17 10:24:57
10:25:00,10:25:00,7.8,-0.02,83,64740,卖盘,2017-07-17,2017-07-17 10:25:00
10:25:03,10:25:03,7.81,0.01,10,7810,买盘,2017-07-17,2017-07-17 10:25:03
10:25:06,10:25:06,7.8,-0.01,10,7800,卖盘,2017-07-17,2017-07-17 10:25:06
10:25:09,10:25:09,7.81,0.01,31,24211,买盘,2017-07-17,2017-07-17 10:25:09
10:25:12,10:25:12,7.81,--,69,53889,买盘,2017-07-17,2017-07-17 10:25:12
10:25:18,10:25:18,7.81,--,20,15620,买盘,2017-07-17,2017-07-17 10:25:18
10:25:30,10:25:30,7.81,--,42,32802,买盘,2017-07-17,2017-07-17 10:25:30
10:25:33,10:25:33,7.81,--,7,5467,买盘,2017-07-17,2017-07-17 10:25:33
10:25:42,10:25:42,7.81,--,20,15620,买盘,2017-07-17,2017-07-17 10:25:42
10:25:48,10:25:48,7.81,--,14,10934,买盘,2017-07-17,2017-07-17 10:25:48
10:25:57,10:25:57,7.81,--,40,31240,买盘,2017-07-17,2017-07-17 10:25:57
10:26:06,10:26:06,7.81,--,15,11715,买盘,2017-07-17,2017-07-17 10:26:06
10:26:36,10:26:36,7.81,--,10,7810,买盘,2017-07-17,2017-07-17 10:26:36
10:26:45,10:26:45,7.81,--,10,7810,买盘,2017-07-17,2017-07-17 10:26:45
10:26:51,10:26:51,7.8,-0.01,48,37440,卖盘,2017-07-17,2017-07-17 10:26:51
10:27:00,10:27:00,7.81,0.01,14,11558,买盘,2017-07-17,2017-07-17 10:27:00
10:27:03,10:27:03,7.8,-0.01,14,10920,卖盘,2017-07-17,2017-07-17 10:27:03
10:27:06,10:27:06,7.8,--,11,8580,卖盘,2017-07-17,2017-07-17 10:27:06
10:27:12,10:27:12,7.8,--,5,3900,卖盘,2017-07-17,2017-07-17 10:27:12
10:27:18,10:27:18,7.81,0.01,25,19525,买盘,2017-07-17,2017-07-17 10:27:18
10:27:21,10:27:21,7.81,--,4,3124,买盘,2017-07-17,2017-07-17 10:27:21
10:27:30,10:27:30,7.81,--,5,3905,卖盘,2017-07-17,2017-07-17 10:27:30
10:27:48,10:27:48,7.81,--,20,15620,买盘,2017-07-17,2017-07-17 10:27:48
10:27:54,10:27:54,7.81,--,10,7810,买盘,2017-07-17,2017-07-17 10:27:54
10:28:00,10:28:00,7.81,--,4,3124,买盘,2017-07-17,2017-07-17 10:28:00
10:28:03,10:28:03,7.81,--,3,2343,买盘,2017-07-17,2017-07-17 10:28:03
10:28:06,10:28:06,7.81,--,3,2343,买盘,2017-07-17,2017-07-17 10:28:06
10:28:21,10:28:21,7.81,--,10,7810,买盘,2017-07-17,2017-07-17 10:28:21
10:28:48,10:28:48,7.81,--,22,17182,买盘,2017-07-17,2017-07-17 10:28:48
10:28:51,10:28:51,7.81,--,3,2343,买盘,2017-07-17,2017-07-17 10:28:51
10:28:54,10:28:54,7.81,--,10,7810,买盘,2017-07-17,2017-07-17 10:28:54
10:29:00,10:29:00,7.8,-0.01,56,43680,卖盘,2017-07-17,2017-07-17 10:29:00
10:29:06,10:29:06,7.81,0.01,4,3124,买盘,2017-07-17,2017-07-17 10:29:06
10:29:12,10:29:12,7.81,--,30,23430,买盘,2017-07-17,2017-07-17 10:29:12
10:29:15,10:29:15,7.81,--,19,14839,买盘,2017-07-17,2017-07-17 10:29:15
10:29:21,10:29:21,7.81,--,8,6248,买盘,2017-07-17,2017-07-17 10:29:21
10:29:27,10:29:27,7.81,--,5,3905,买盘,2017-07-17,2017-07-17 10:29:27
10:29:39,10:29:39,7.81,--,60,46860,买盘,2017-07-17,2017-07-17 10:29:39
10:29:51,10:29:51,7.81,--,2,1562,买盘,2017-07-17,2017-07-17 10:29:51
10:30:03,10:30:03,7.8,-0.01,100,78000,卖盘,2017-07-17,2017-07-17 10:30:03
10:30:06,10:30:06,7.81,0.01,3,2343,买盘,2017-07-17,2017-07-17 10:30:06
10:30:16,10:30:16,7.8,-0.01,50,39000,卖盘,2017-07-17,2017-07-17 10:30:16
10:30:19,10:30:19,7.8,--,1,780,卖盘,2017-07-17,2017-07-17 10:30:19
10:30:37,10:30:37,7.8,--,80,62400,卖盘,2017-07-17,2017-07-17 10:30:37
10:30:42,10:30:42,7.8,--,25,19500,卖盘,2017-07-17,2017-07-17 10:30:42
10:30:46,10:30:46,7.8,--,134,104676,卖盘,2017-07-17,2017-07-17 10:30:46
10:30:49,10:30:49,7.8,--,10,7800,买盘,2017-07-17,2017-07-17 10:30:49
10:30:55,10:30:55,7.79,-0.01,88,68552,卖盘,2017-07-17,2017-07-17 10:30:55
10:31:01,10:31:01,7.8,0.01,5,3900,买盘,2017-07-17,2017-07-17 10:31:01
10:31:04,10:31:04,7.79,-0.01,8,6232,卖盘,2017-07-17,2017-07-17 10:31:04
10:31:07,10:31:07,7.79,--,93,72447,卖盘,2017-07-17,2017-07-17 10:31:07
10:31:19,10:31:19,7.8,0.01,4,3120,买盘,2017-07-17,2017-07-17 10:31:19
10:31:31,10:31:31,7.79,-0.01,60,46740,卖盘,2017-07-17,2017-07-17 10:31:31
10:31:40,10:31:40,7.79,--,86,66994,卖盘,2017-07-17,2017-07-17 10:31:40
10:31:43,10:31:43,7.79,--,2,1558,买盘,2017-07-17,2017-07-17 10:31:43
10:31:46,10:31:46,7.79,--,9,7011,买盘,2017-07-17,2017-07-17 10:31:46
10:31:49,10:31:49,7.79,--,9,7011,买盘,2017-07-17,2017-07-17 10:31:49
10:31:52,10:31:52,7.79,--,3,2337,卖盘,2017-07-17,2017-07-17 10:31:52
10:32:10,10:32:10,7.79,--,30,23370,买盘,2017-07-17,2017-07-17 10:32:10
10:32:13,10:32:13,7.79,--,6,4674,买盘,2017-07-17,2017-07-17 10:32:13
10:32:19,10:32:19,7.79,--,22,17138,买盘,2017-07-17,2017-07-17 10:32:19
10:32:28,10:32:28,7.79,--,1,779,卖盘,2017-07-17,2017-07-17 10:32:28
10:32:43,10:32:43,7.79,--,11,8569,卖盘,2017-07-17,2017-07-17 10:32:43
10:32:52,10:32:52,7.79,--,20,15580,卖盘,2017-07-17,2017-07-17 10:32:52
10:32:58,10:32:58,7.79,--,235,183065,卖盘,2017-07-17,2017-07-17 10:32:58
10:33:04,10:33:04,7.79,--,19,14801,买盘,2017-07-17,2017-07-17 10:33:04
10:33:07,10:33:07,7.78,-0.01,1,778,卖盘,2017-07-17,2017-07-17 10:33:07
10:33:13,10:33:13,7.79,0.01,30,23370,买盘,2017-07-17,2017-07-17 10:33:13
10:33:16,10:33:16,7.79,--,4,3116,买盘,2017-07-17,2017-07-17 10:33:16
10:33:19,10:33:19,7.79,--,16,12464,买盘,2017-07-17,2017-07-17 10:33:19
10:33:22,10:33:22,7.8,0.01,110,85800,买盘,2017-07-17,2017-07-17 10:33:22
10:33:25,10:33:25,7.8,--,0,0,买盘,2017-07-17,2017-07-17 10:33:25
10:33:35,10:33:35,7.79,-0.01,1,779,卖盘,2017-07-17,2017-07-17 10:33:35
10:33:55,10:33:55,7.79,--,1,779,卖盘,2017-07-17,2017-07-17 10:33:55
10:34:14,10:34:14,7.79,--,10,7790,卖盘,2017-07-17,2017-07-17 10:34:14
10:34:23,10:34:23,7.79,--,1,779,卖盘,2017-07-17,2017-07-17 10:34:23
10:34:32,10:34:32,7.8,0.01,58,45240,买盘,2017-07-17,2017-07-17 10:34:32
10:34:38,10:34:38,7.79,-0.01,76,59204,卖盘,2017-07-17,2017-07-17 10:34:38
10:34:41,10:34:41,7.78,-0.01,11,8558,卖盘,2017-07-17,2017-07-17 10:34:41
10:34:53,10:34:53,7.79,0.01,14,10906,买盘,2017-07-17,2017-07-17 10:34:53
10:35:02,10:35:02,7.79,--,1,779,卖盘,2017-07-17,2017-07-17 10:35:02
10:35:17,10:35:17,7.79,--,49,38171,卖盘,2017-07-17,2017-07-17 10:35:17
10:35:32,10:35:32,7.79,--,120,93480,卖盘,2017-07-17,2017-07-17 10:35:32
10:35:35,10:35:35,7.79,--,20,15580,买盘,2017-07-17,2017-07-17 10:35:35
10:35:38,10:35:38,7.79,--,6,4674,买盘,2017-07-17,2017-07-17 10:35:38
10:35:41,10:35:41,7.79,--,4,3116,买盘,2017-07-17,2017-07-17 10:35:41
10:35:44,10:35:44,7.79,--,10,7790,买盘,2017-07-17,2017-07-17 10:35:44
10:35:50,10:35:50,7.78,-0.01,1,778,卖盘,2017-07-17,2017-07-17 10:35:50
10:35:53,10:35:53,7.79,0.01,60,46740,买盘,2017-07-17,2017-07-17 10:35:53
10:35:59,10:35:59,7.79,--,29,22591,买盘,2017-07-17,2017-07-17 10:35:59
10:36:02,10:36:02,7.79,--,3,2337,买盘,2017-07-17,2017-07-17 10:36:02
10:36:05,10:36:05,7.78,-0.01,1,778,卖盘,2017-07-17,2017-07-17 10:36:05
10:36:08,10:36:08,7.79,0.01,102,79458,买盘,2017-07-17,2017-07-17 10:36:08
10:36:11,10:36:11,7.79,--,14,10906,买盘,2017-07-17,2017-07-17 10:36:11
10:36:14,10:36:14,7.78,-0.01,60,46680,卖盘,2017-07-17,2017-07-17 10:36:14
10:36:17,10:36:17,7.79,0.01,83,64657,买盘,2017-07-17,2017-07-17 10:36:17
10:36:29,10:36:29,7.79,--,2,1558,卖盘,2017-07-17,2017-07-17 10:36:29
10:36:38,10:36:38,7.79,--,104,81016,卖盘,2017-07-17,2017-07-17 10:36:38
10:36:41,10:36:41,7.79,--,5,3895,卖盘,2017-07-17,2017-07-17 10:36:41
10:36:44,10:36:44,7.8,0.01,12,9360,买盘,2017-07-17,2017-07-17 10:36:44
10:36:53,10:36:53,7.8,--,19,14820,买盘,2017-07-17,2017-07-17 10:36:53
10:37:11,10:37:11,7.8,--,0,624,卖盘,2017-07-17,2017-07-17 10:37:11
10:37:20,10:37:20,7.8,--,170,132600,卖盘,2017-07-17,2017-07-17 10:37:20
10:37:29,10:37:29,7.8,--,30,23400,卖盘,2017-07-17,2017-07-17 10:37:29
10:37:38,10:37:38,7.81,0.01,1,781,买盘,2017-07-17,2017-07-17 10:37:38
10:37:41,10:37:41,7.81,--,20,15620,买盘,2017-07-17,2017-07-17 10:37:41
10:37:50,10:37:50,7.81,--,4,3124,买盘,2017-07-17,2017-07-17 10:37:50
10:37:56,10:37:56,7.81,--,30,23430,买盘,2017-07-17,2017-07-17 10:37:56
10:37:59,10:37:59,7.81,--,0,0,中性盘,2017-07-17,2017-07-17 10:37:59
10:38:02,10:38:02,7.82,0.01,20,15640,买盘,2017-07-17,2017-07-17 10:38:02
10:38:11,10:38:11,7.82,--,5,3910,买盘,2017-07-17,2017-07-17 10:38:11
10:38:41,10:38:41,7.81,-0.01,60,46860,卖盘,2017-07-17,2017-07-17 10:38:41
10:38:44,10:38:44,7.82,0.01,1,782,买盘,2017-07-17,2017-07-17 10:38:44
10:38:50,10:38:50,7.82,--,34,26588,买盘,2017-07-17,2017-07-17 10:38:50
10:38:53,10:38:53,7.82,--,3,2346,买盘,2017-07-17,2017-07-17 10:38:53
10:38:59,10:38:59,7.81,-0.01,169,131989,卖盘,2017-07-17,2017-07-17 10:38:59
10:39:11,10:39:11,7.81,--,7,5467,买盘,2017-07-17,2017-07-17 10:39:11
10:39:14,10:39:14,7.8,-0.01,5,3900,卖盘,2017-07-17,2017-07-17 10:39:14
10:39:17,10:39:17,7.8,--,6,4680,卖盘,2017-07-17,2017-07-17 10:39:17
10:39:20,10:39:20,7.81,0.01,20,15620,买盘,2017-07-17,2017-07-17 10:39:20
10:39:23,10:39:23,7.81,--,2,1562,买盘,2017-07-17,2017-07-17 10:39:23
10:39:32,10:39:32,7.81,--,1,781,买盘,2017-07-17,2017-07-17 10:39:32
10:39:44,10:39:44,7.8,-0.01,30,23400,卖盘,2017-07-17,2017-07-17 10:39:44
10:39:50,10:39:50,7.8,--,25,19500,卖盘,2017-07-17,2017-07-17 10:39:50
10:39:56,10:39:56,7.81,0.01,4,3124,买盘,2017-07-17,2017-07-17 10:39:56
10:39:59,10:39:59,7.8,-0.01,13,10140,卖盘,2017-07-17,2017-07-17 10:39:59
10:40:08,10:40:08,7.81,0.01,10,7810,买盘,2017-07-17,2017-07-17 10:40:08
10:40:11,10:40:11,7.8,-0.01,85,66300,卖盘,2017-07-17,2017-07-17 10:40:11
10:40:14,10:40:14,7.8,--,157,122460,卖盘,2017-07-17,2017-07-17 10:40:14
10:40:17,10:40:17,7.8,--,93,72540,买盘,2017-07-17,2017-07-17 10:40:17
10:40:23,10:40:23,7.81,0.01,31,24211,买盘,2017-07-17,2017-07-17 10:40:23
10:40:32,10:40:32,7.81,--,6,4686,买盘,2017-07-17,2017-07-17 10:40:32
10:40:35,10:40:35,7.81,--,24,18744,买盘,2017-07-17,2017-07-17 10:40:35
10:40:38,10:40:38,7.8,-0.01,10,7800,卖盘,2017-07-17,2017-07-17 10:40:38
10:40:50,10:40:50,7.8,--,10,7800,卖盘,2017-07-17,2017-07-17 10:40:50
10:40:59,10:40:59,7.81,0.01,3,2343,买盘,2017-07-17,2017-07-17 10:40:59
10:41:26,10:41:26,7.8,-0.01,39,30420,卖盘,2017-07-17,2017-07-17 10:41:26
10:41:35,10:41:35,7.81,0.01,12,9372,买盘,2017-07-17,2017-07-17 10:41:35
10:41:47,10:41:47,7.81,--,130,101530,买盘,2017-07-17,2017-07-17 10:41:47
10:41:50,10:41:50,7.81,--,3,2343,买盘,2017-07-17,2017-07-17 10:41:50
10:41:59,10:41:59,7.8,-0.01,18,14040,卖盘,2017-07-17,2017-07-17 10:41:59
10:42:02,10:42:02,7.8,--,141,109980,卖盘,2017-07-17,2017-07-17 10:42:02
10:42:11,10:42:11,7.81,0.01,10,7810,买盘,2017-07-17,2017-07-17 10:42:11
10:42:17,10:42:17,7.81,--,4,3124,买盘,2017-07-17,2017-07-17 10:42:17
10:42:23,10:42:23,7.8,-0.01,10,7800,卖盘,2017-07-17,2017-07-17 10:42:23
10:42:26,10:42:26,7.81,0.01,20,15620,买盘,2017-07-17,2017-07-17 10:42:26
10:42:32,10:42:32,7.81,--,3,2343,买盘,2017-07-17,2017-07-17 10:42:32
10:42:35,10:42:35,7.8,-0.01,50,39000,卖盘,2017-07-17,2017-07-17 10:42:35
10:42:41,10:42:41,7.81,0.01,2,1562,买盘,2017-07-17,2017-07-17 10:42:41
10:42:44,10:42:44,7.8,-0.01,24,18720,卖盘,2017-07-17,2017-07-17 10:42:44
10:42:59,10:42:59,7.8,--,3,2340,买盘,2017-07-17,2017-07-17 10:42:59
10:43:08,10:43:08,7.8,--,13,10140,买盘,2017-07-17,2017-07-17 10:43:08
10:43:14,10:43:14,7.8,--,18,14040,买盘,2017-07-17,2017-07-17 10:43:14
10:43:24,10:43:24,7.8,--,1,780,买盘,2017-07-17,2017-07-17 10:43:24
10:43:27,10:43:27,7.8,--,12,9360,买盘,2017-07-17,2017-07-17 10:43:27
10:43:33,10:43:33,7.8,--,20,15600,卖盘,2017-07-17,2017-07-17 10:43:33
10:43:39,10:43:39,7.8,--,40,31200,卖盘,2017-07-17,2017-07-17 10:43:39
10:43:42,10:43:42,7.8,--,7,5460,卖盘,2017-07-17,2017-07-17 10:43:42
10:43:45,10:43:45,7.81,0.01,5,3905,买盘,2017-07-17,2017-07-17 10:43:45
10:43:51,10:43:51,7.8,-0.01,6,4680,卖盘,2017-07-17,2017-07-17 10:43:51
10:44:03,10:44:03,7.8,--,67,52260,卖盘,2017-07-17,2017-07-17 10:44:03
10:44:06,10:44:06,7.8,--,14,10920,买盘,2017-07-17,2017-07-17 10:44:06
10:44:15,10:44:15,7.8,--,4,3120,买盘,2017-07-17,2017-07-17 10:44:15
10:44:21,10:44:21,7.8,--,20,15600,买盘,2017-07-17,2017-07-17 10:44:21
10:44:36,10:44:36,7.8,--,2,1560,买盘,2017-07-17,2017-07-17 10:44:36
10:44:39,10:44:39,7.79,-0.01,52,40508,卖盘,2017-07-17,2017-07-17 10:44:39
10:45:24,10:45:24,7.8,0.01,3,2340,买盘,2017-07-17,2017-07-17 10:45:24
10:45:27,10:45:27,7.79,-0.01,20,15580,卖盘,2017-07-17,2017-07-17 10:45:27
10:45:30,10:45:30,7.8,0.01,13,10140,买盘,2017-07-17,2017-07-17 10:45:30
10:45:42,10:45:42,7.79,-0.01,50,38950,卖盘,2017-07-17,2017-07-17 10:45:42
10:45:45,10:45:45,7.8,0.01,21,16380,买盘,2017-07-17,2017-07-17 10:45:45
10:45:54,10:45:54,7.79,-0.01,331,257849,卖盘,2017-07-17,2017-07-17 10:45:54
10:45:57,10:45:57,7.79,--,13,10127,买盘,2017-07-17,2017-07-17 10:45:57
10:46:12,10:46:12,7.79,--,10,7790,买盘,2017-07-17,2017-07-17 10:46:12
10:46:21,10:46:21,7.78,-0.01,1,778,卖盘,2017-07-17,2017-07-17 10:46:21
10:46:24,10:46:24,7.78,--,82,63796,卖盘,2017-07-17,2017-07-17 10:46:24
10:46:30,10:46:30,7.79,0.01,4,3116,买盘,2017-07-17,2017-07-17 10:46:30
10:46:48,10:46:48,7.79,--,10,7790,买盘,2017-07-17,2017-07-17 10:46:48
10:46:54,10:46:54,7.78,-0.01,20,15560,卖盘,2017-07-17,2017-07-17 10:46:54
10:47:27,10:47:27,7.78,--,70,54460,卖盘,2017-07-17,2017-07-17 10:47:27
10:47:33,10:47:33,7.79,0.01,13,10127,买盘,2017-07-17,2017-07-17 10:47:33
10:47:36,10:47:36,7.78,-0.01,464,360992,卖盘,2017-07-17,2017-07-17 10:47:36
10:47:39,10:47:39,7.79,0.01,100,77900,买盘,2017-07-17,2017-07-17 10:47:39
10:47:51,10:47:51,7.78,-0.01,50,38900,卖盘,2017-07-17,2017-07-17 10:47:51
10:47:54,10:47:54,7.79,0.01,8,6232,买盘,2017-07-17,2017-07-17 10:47:54
10:48:00,10:48:00,7.79,--,100,77900,买盘,2017-07-17,2017-07-17 10:48:00
10:48:12,10:48:12,7.79,--,11,8569,买盘,2017-07-17,2017-07-17 10:48:12
10:48:42,10:48:42,7.8,0.01,4,3120,买盘,2017-07-17,2017-07-17 10:48:42
10:48:45,10:48:45,7.79,-0.01,30,23370,卖盘,2017-07-17,2017-07-17 10:48:45
10:48:48,10:48:48,7.79,--,50,38950,卖盘,2017-07-17,2017-07-17 10:48:48
10:48:51,10:48:51,7.79,--,10,7790,卖盘,2017-07-17,2017-07-17 10:48:51
10:48:54,10:48:54,7.79,--,1,779,买盘,2017-07-17,2017-07-17 10:48:54
10:49:15,10:49:15,7.79,--,3,2337,买盘,2017-07-17,2017-07-17 10:49:15
10:49:36,10:49:36,7.78,-0.01,81,63018,卖盘,2017-07-17,2017-07-17 10:49:36
10:49:42,10:49:42,7.79,0.01,3,2337,买盘,2017-07-17,2017-07-17 10:49:42
10:49:48,10:49:48,7.78,-0.01,68,52904,卖盘,2017-07-17,2017-07-17 10:49:48
10:49:54,10:49:54,7.78,--,46,35788,卖盘,2017-07-17,2017-07-17 10:49:54
10:49:57,10:49:57,7.79,0.01,20,15580,买盘,2017-07-17,2017-07-17 10:49:57
10:50:13,10:50:13,7.79,--,70,54530,买盘,2017-07-17,2017-07-17 10:50:13
10:50:22,10:50:22,7.79,--,7,5453,买盘,2017-07-17,2017-07-17 10:50:22
10:50:49,10:50:49,7.79,--,4,3116,买盘,2017-07-17,2017-07-17 10:50:49
10:50:58,10:50:58,7.79,--,50,38950,买盘,2017-07-17,2017-07-17 10:50:58
10:51:01,10:51:01,7.79,--,5,3895,买盘,2017-07-17,2017-07-17 10:51:01
10:51:13,10:51:13,7.79,--,5,3895,买盘,2017-07-17,2017-07-17 10:51:13
10:51:22,10:51:22,7.79,--,15,11685,买盘,2017-07-17,2017-07-17 10:51:22
10:51:34,10:51:34,7.79,--,10,7790,买盘,2017-07-17,2017-07-17 10:51:34
10:51:49,10:51:49,7.79,--,3,2337,买盘,2017-07-17,2017-07-17 10:51:49
10:52:10,10:52:10,7.79,--,100,77900,买盘,2017-07-17,2017-07-17 10:52:10
10:52:13,10:52:13,7.79,--,6,4674,买盘,2017-07-17,2017-07-17 10:52:13
10:52:19,10:52:19,7.79,--,15,11685,买盘,2017-07-17,2017-07-17 10:52:19
10:52:25,10:52:25,7.78,-0.01,3,2334,卖盘,2017-07-17,2017-07-17 10:52:25
10:52:43,10:52:43,7.79,0.01,6,4674,买盘,2017-07-17,2017-07-17 10:52:43
10:52:52,10:52:52,7.79,--,3,2337,买盘,2017-07-17,2017-07-17 10:52:52
10:52:58,10:52:58,7.79,--,5,3895,买盘,2017-07-17,2017-07-17 10:52:58
10:53:01,10:53:01,7.79,--,55,42845,买盘,2017-07-17,2017-07-17 10:53:01
10:53:55,10:53:55,7.8,0.01,3,2340,买盘,2017-07-17,2017-07-17 10:53:55
10:54:07,10:54:07,7.8,--,2,1560,买盘,2017-07-17,2017-07-17 10:54:07
10:54:26,10:54:26,7.8,--,10,7800,买盘,2017-07-17,2017-07-17 10:54:26
10:54:41,10:54:41,7.8,--,20,15600,买盘,2017-07-17,2017-07-17 10:54:41
10:54:59,10:54:59,7.79,-0.01,30,23370,卖盘,2017-07-17,2017-07-17 10:54:59
10:55:05,10:55:05,7.79,--,35,27265,买盘,2017-07-17,2017-07-17 10:55:05
10:55:11,10:55:11,7.79,--,65,50635,买盘,2017-07-17,2017-07-17 10:55:11
10:55:14,10:55:14,7.79,--,39,30381,卖盘,2017-07-17,2017-07-17 10:55:14
10:55:17,10:55:17,7.79,--,4,3116,买盘,2017-07-17,2017-07-17 10:55:17
10:55:29,10:55:29,7.79,--,2,1558,买盘,2017-07-17,2017-07-17 10:55:29
10:55:32,10:55:32,7.79,--,15,11685,买盘,2017-07-17,2017-07-17 10:55:32
10:55:53,10:55:53,7.79,--,52,40508,买盘,2017-07-17,2017-07-17 10:55:53
10:56:02,10:56:02,7.79,--,10,7790,买盘,2017-07-17,2017-07-17 10:56:02
10:56:08,10:56:08,7.79,--,3,2337,买盘,2017-07-17,2017-07-17 10:56:08
10:56:11,10:56:11,7.78,-0.01,375,291750,卖盘,2017-07-17,2017-07-17 10:56:11
10:56:14,10:56:14,7.79,0.01,3,2337,买盘,2017-07-17,2017-07-17 10:56:14
10:56:20,10:56:20,7.79,--,3,2337,买盘,2017-07-17,2017-07-17 10:56:20
10:56:29,10:56:29,7.78,-0.01,67,52312,卖盘,2017-07-17,2017-07-17 10:56:29
10:56:44,10:56:44,7.78,--,110,85580,卖盘,2017-07-17,2017-07-17 10:56:44
10:56:53,10:56:53,7.78,--,80,62240,卖盘,2017-07-17,2017-07-17 10:56:53
10:57:05,10:57:05,7.78,--,299,233213,卖盘,2017-07-17,2017-07-17 10:57:05
10:57:23,10:57:23,7.78,--,10,7780,买盘,2017-07-17,2017-07-17 10:57:23
10:57:29,10:57:29,7.78,--,4,3112,买盘,2017-07-17,2017-07-17 10:57:29
10:57:38,10:57:38,7.78,--,10,7780,买盘,2017-07-17,2017-07-17 10:57:38
10:57:50,10:57:50,7.77,-0.01,2,1554,卖盘,2017-07-17,2017-07-17 10:57:50
10:57:56,10:57:56,7.77,--,150,116550,卖盘,2017-07-17,2017-07-17 10:57:56
10:58:14,10:58:14,7.78,0.01,50,38900,买盘,2017-07-17,2017-07-17 10:58:14
10:58:17,10:58:17,7.78,--,6,4668,买盘,2017-07-17,2017-07-17 10:58:17
10:58:20,10:58:20,7.78,--,3,2334,买盘,2017-07-17,2017-07-17 10:58:20
10:58:26,10:58:26,7.78,--,50,38900,买盘,2017-07-17,2017-07-17 10:58:26
10:58:32,10:58:32,7.77,-0.01,125,97125,卖盘,2017-07-17,2017-07-17 10:58:32
10:59:02,10:59:02,7.77,--,323,250971,卖盘,2017-07-17,2017-07-17 10:59:02
10:59:05,10:59:05,7.78,0.01,19,14782,买盘,2017-07-17,2017-07-17 10:59:05
10:59:08,10:59:08,7.78,--,15,11670,买盘,2017-07-17,2017-07-17 10:59:08
10:59:17,10:59:17,7.77,-0.01,1,777,卖盘,2017-07-17,2017-07-17 10:59:17
10:59:20,10:59:20,7.77,--,776,602952,卖盘,2017-07-17,2017-07-17 10:59:20
10:59:35,10:59:35,7.77,--,14,10878,买盘,2017-07-17,2017-07-17 10:59:35
10:59:38,10:59:38,7.77,--,25,19425,买盘,2017-07-17,2017-07-17 10:59:38
10:59:47,10:59:47,7.76,-0.01,429,332904,卖盘,2017-07-17,2017-07-17 10:59:47
10:59:59,10:59:59,7.76,--,38,29488,买盘,2017-07-17,2017-07-17 10:59:59
11:00:02,11:00:02,7.76,--,20,15520,买盘,2017-07-17,2017-07-17 11:00:02
11:00:05,11:00:05,7.76,--,12,9312,买盘,2017-07-17,2017-07-17 11:00:05
11:00:08,11:00:08,7.76,--,6,4656,买盘,2017-07-17,2017-07-17 11:00:08
11:00:17,11:00:17,7.75,-0.01,1,775,卖盘,2017-07-17,2017-07-17 11:00:17
11:00:23,11:00:23,7.76,0.01,5,3880,买盘,2017-07-17,2017-07-17 11:00:23
11:00:26,11:00:26,7.75,-0.01,3,2325,卖盘,2017-07-17,2017-07-17 11:00:26
11:00:35,11:00:35,7.76,0.01,69,53544,买盘,2017-07-17,2017-07-17 11:00:35
11:00:38,11:00:38,7.76,--,3,2328,买盘,2017-07-17,2017-07-17 11:00:38
11:00:41,11:00:41,7.76,--,200,155200,买盘,2017-07-17,2017-07-17 11:00:41
11:00:47,11:00:47,7.75,-0.01,63,48825,卖盘,2017-07-17,2017-07-17 11:00:47
11:00:50,11:00:50,7.76,0.01,23,17848,买盘,2017-07-17,2017-07-17 11:00:50
11:00:53,11:00:53,7.75,-0.01,423,327825,卖盘,2017-07-17,2017-07-17 11:00:53
11:00:56,11:00:56,7.76,0.01,32,24832,买盘,2017-07-17,2017-07-17 11:00:56
11:00:59,11:00:59,7.75,-0.01,202,156550,卖盘,2017-07-17,2017-07-17 11:00:59
11:01:05,11:01:05,7.75,--,0,0,卖盘,2017-07-17,2017-07-17 11:01:05
11:01:17,11:01:17,7.76,0.01,1,776,卖盘,2017-07-17,2017-07-17 11:01:17
11:01:38,11:01:38,7.76,--,5,3880,卖盘,2017-07-17,2017-07-17 11:01:38
11:01:41,11:01:41,7.77,0.01,4,3108,买盘,2017-07-17,2017-07-17 11:01:41
11:01:47,11:01:47,7.76,-0.01,51,39576,卖盘,2017-07-17,2017-07-17 11:01:47
11:01:56,11:01:56,7.77,0.01,50,38850,买盘,2017-07-17,2017-07-17 11:01:56
11:01:59,11:01:59,7.77,--,1,777,买盘,2017-07-17,2017-07-17 11:01:59
11:02:05,11:02:05,7.77,--,2,1554,买盘,2017-07-17,2017-07-17 11:02:05
11:02:08,11:02:08,7.77,--,46,36332,买盘,2017-07-17,2017-07-17 11:02:08
11:02:17,11:02:17,7.77,--,1,777,卖盘,2017-07-17,2017-07-17 11:02:17
11:02:20,11:02:20,7.77,--,82,63900,卖盘,2017-07-17,2017-07-17 11:02:20
11:02:23,11:02:23,7.77,--,10,7770,买盘,2017-07-17,2017-07-17 11:02:23
11:02:26,11:02:26,7.77,--,30,23310,买盘,2017-07-17,2017-07-17 11:02:26
11:02:32,11:02:32,7.77,--,35,27195,买盘,2017-07-17,2017-07-17 11:02:32
11:02:35,11:02:35,7.77,--,9,6993,买盘,2017-07-17,2017-07-17 11:02:35
11:02:38,11:02:38,7.77,--,94,73628,买盘,2017-07-17,2017-07-17 11:02:38
11:02:47,11:02:47,7.77,--,1,777,卖盘,2017-07-17,2017-07-17 11:02:47
11:03:05,11:03:05,7.77,--,3,2331,卖盘,2017-07-17,2017-07-17 11:03:05
11:03:08,11:03:08,7.78,0.01,30,23340,买盘,2017-07-17,2017-07-17 11:03:08
11:03:17,11:03:17,7.77,-0.01,1,777,卖盘,2017-07-17,2017-07-17 11:03:17
11:03:26,11:03:26,7.78,0.01,40,31120,买盘,2017-07-17,2017-07-17 11:03:26
11:03:29,11:03:29,7.78,--,10,7780,买盘,2017-07-17,2017-07-17 11:03:29
11:03:32,11:03:32,7.77,-0.01,43,33411,卖盘,2017-07-17,2017-07-17 11:03:32
11:03:35,11:03:35,7.78,0.01,203,157934,买盘,2017-07-17,2017-07-17 11:03:35
11:03:44,11:03:44,7.78,--,5,3890,买盘,2017-07-17,2017-07-17 11:03:44
11:03:50,11:03:50,7.78,--,85,66767,买盘,2017-07-17,2017-07-17 11:03:50
11:03:59,11:03:59,7.75,-0.03,1503,1164825,卖盘,2017-07-17,2017-07-17 11:03:59
11:04:02,11:04:02,7.79,0.04,19,14801,买盘,2017-07-17,2017-07-17 11:04:02
11:04:05,11:04:05,7.79,--,0,0,买盘,2017-07-17,2017-07-17 11:04:05
11:04:17,11:04:17,7.79,--,0,0,买盘,2017-07-17,2017-07-17 11:04:17
11:04:21,11:04:21,7.79,--,0,0,中性盘,2017-07-17,2017-07-17 11:04:21
11:04:32,11:04:32,7.79,--,17,13243,买盘,2017-07-17,2017-07-17 11:04:32
11:04:44,11:04:44,7.79,--,21,16359,卖盘,2017-07-17,2017-07-17 11:04:44
11:04:57,11:04:57,7.79,--,8,6232,买盘,2017-07-17,2017-07-17 11:04:57
11:05:03,11:05:03,7.79,--,0,0,买盘,2017-07-17,2017-07-17 11:05:03
11:05:18,11:05:18,7.79,--,5,3895,买盘,2017-07-17,2017-07-17 11:05:18
11:05:21,11:05:21,7.78,-0.01,30,23340,卖盘,2017-07-17,2017-07-17 11:05:21
11:05:24,11:05:24,7.78,--,38,29564,买盘,2017-07-17,2017-07-17 11:05:24
11:05:39,11:05:39,7.78,--,11,8558,买盘,2017-07-17,2017-07-17 11:05:39
11:05:42,11:05:42,7.77,-0.01,399,310023,卖盘,2017-07-17,2017-07-17 11:05:42
11:05:45,11:05:45,7.77,--,10,7770,买盘,2017-07-17,2017-07-17 11:05:45
11:05:48,11:05:48,7.77,--,10,7770,买盘,2017-07-17,2017-07-17 11:05:48
11:05:57,11:05:57,7.77,--,107,83139,买盘,2017-07-17,2017-07-17 11:05:57
11:06:03,11:06:03,7.77,--,4,3108,买盘,2017-07-17,2017-07-17 11:06:03
11:06:06,11:06:06,7.77,--,3,2331,买盘,2017-07-17,2017-07-17 11:06:06
11:06:12,11:06:12,7.77,--,5,3885,买盘,2017-07-17,2017-07-17 11:06:12
11:06:18,11:06:18,7.77,--,28,21756,买盘,2017-07-17,2017-07-17 11:06:18
11:06:21,11:06:21,7.77,--,30,23310,买盘,2017-07-17,2017-07-17 11:06:21
11:06:33,11:06:33,7.77,--,10,7770,买盘,2017-07-17,2017-07-17 11:06:33
11:06:42,11:06:42,7.77,--,3,2331,买盘,2017-07-17,2017-07-17 11:06:42
11:06:45,11:06:45,7.77,--,11,8547,买盘,2017-07-17,2017-07-17 11:06:45
11:06:57,11:06:57,7.77,--,50,38850,卖盘,2017-07-17,2017-07-17 11:06:57
11:07:06,11:07:06,7.78,0.01,3,2334,买盘,2017-07-17,2017-07-17 11:07:06
11:07:09,11:07:09,7.78,--,70,54460,买盘,2017-07-17,2017-07-17 11:07:09
11:07:12,11:07:12,7.78,--,2,1556,买盘,2017-07-17,2017-07-17 11:07:12
11:07:18,11:07:18,7.78,--,5,3890,买盘,2017-07-17,2017-07-17 11:07:18
11:07:24,11:07:24,7.78,--,30,23340,买盘,2017-07-17,2017-07-17 11:07:24
11:07:45,11:07:45,7.78,--,3,2334,买盘,2017-07-17,2017-07-17 11:07:45
11:07:48,11:07:48,7.78,--,20,15560,买盘,2017-07-17,2017-07-17 11:07:48
11:08:00,11:08:00,7.77,-0.01,3,2331,卖盘,2017-07-17,2017-07-17 11:08:00
11:08:03,11:08:03,7.77,--,1,777,卖盘,2017-07-17,2017-07-17 11:08:03
11:08:06,11:08:06,7.78,0.01,300,233400,买盘,2017-07-17,2017-07-17 11:08:06
11:08:15,11:08:15,7.78,--,48,37344,买盘,2017-07-17,2017-07-17 11:08:15
11:08:48,11:08:48,7.79,0.01,5,3895,买盘,2017-07-17,2017-07-17 11:08:48
11:09:00,11:09:00,7.79,--,5,3895,买盘,2017-07-17,2017-07-17 11:09:00
11:09:03,11:09:03,7.77,-0.02,714,554778,卖盘,2017-07-17,2017-07-17 11:09:03
11:09:06,11:09:06,7.77,--,8,6216,买盘,2017-07-17,2017-07-17 11:09:06
11:09:12,11:09:12,7.77,--,1,777,买盘,2017-07-17,2017-07-17 11:09:12
11:09:24,11:09:24,7.77,--,3,2331,买盘,2017-07-17,2017-07-17 11:09:24
11:09:30,11:09:30,7.77,--,174,135198,买盘,2017-07-17,2017-07-17 11:09:30
11:09:39,11:09:39,7.77,--,0,0,卖盘,2017-07-17,2017-07-17 11:09:39
11:09:57,11:09:57,7.78,0.01,2,1556,卖盘,2017-07-17,2017-07-17 11:09:57
11:10:09,11:10:09,7.78,--,64,49792,卖盘,2017-07-17,2017-07-17 11:10:09
11:10:12,11:10:12,7.78,--,4,3112,买盘,2017-07-17,2017-07-17 11:10:12
11:10:15,11:10:15,7.78,--,12,9336,买盘,2017-07-17,2017-07-17 11:10:15
11:10:24,11:10:24,7.77,-0.01,2,1554,卖盘,2017-07-17,2017-07-17 11:10:24
11:10:33,11:10:33,7.78,0.01,40,31120,买盘,2017-07-17,2017-07-17 11:10:33
11:10:45,11:10:45,7.78,--,16,12448,买盘,2017-07-17,2017-07-17 11:10:45
11:10:51,11:10:51,7.78,--,2,1556,卖盘,2017-07-17,2017-07-17 11:10:51
11:10:58,11:10:58,7.78,--,10,7780,卖盘,2017-07-17,2017-07-17 11:10:58
11:11:10,11:11:10,7.76,-0.02,553,429128,卖盘,2017-07-17,2017-07-17 11:11:10
11:11:13,11:11:13,7.79,0.03,7,5453,买盘,2017-07-17,2017-07-17 11:11:13
11:11:16,11:11:16,7.79,--,0,0,买盘,2017-07-17,2017-07-17 11:11:16
11:11:19,11:11:19,7.79,--,3,2337,买盘,2017-07-17,2017-07-17 11:11:19
11:11:28,11:11:28,7.79,--,5,3895,买盘,2017-07-17,2017-07-17 11:11:28
11:11:34,11:11:34,7.78,-0.01,3,2334,卖盘,2017-07-17,2017-07-17 11:11:34
11:11:37,11:11:37,7.79,0.01,10,7790,买盘,2017-07-17,2017-07-17 11:11:37
11:11:55,11:11:55,7.78,-0.01,2,1556,卖盘,2017-07-17,2017-07-17 11:11:55
11:11:58,11:11:58,7.75,-0.03,1500,1162500,卖盘,2017-07-17,2017-07-17 11:11:58
11:12:04,11:12:04,7.79,0.04,6,4674,买盘,2017-07-17,2017-07-17 11:12:04
11:12:10,11:12:10,7.79,--,0,0,买盘,2017-07-17,2017-07-17 11:12:10
11:12:16,11:12:16,7.73,-0.06,650,502450,卖盘,2017-07-17,2017-07-17 11:12:16
11:12:19,11:12:19,7.79,0.06,4,3116,买盘,2017-07-17,2017-07-17 11:12:19
11:12:25,11:12:25,7.79,--,40,31160,买盘,2017-07-17,2017-07-17 11:12:25
11:12:28,11:12:28,7.7,-0.09,3500,2695000,卖盘,2017-07-17,2017-07-17 11:12:28
11:12:31,11:12:31,7.7,--,0,0,卖盘,2017-07-17,2017-07-17 11:12:31
11:12:34,11:12:34,7.79,0.09,2,1558,买盘,2017-07-17,2017-07-17 11:12:34
11:12:46,11:12:46,7.79,--,0,0,买盘,2017-07-17,2017-07-17 11:12:46
11:12:52,11:12:52,7.79,--,15,11685,买盘,2017-07-17,2017-07-17 11:12:52
11:12:55,11:12:55,7.68,-0.11,2010,1543680,卖盘,2017-07-17,2017-07-17 11:12:55
11:12:58,11:12:58,7.7,0.02,20,15400,中性盘,2017-07-17,2017-07-17 11:12:58
11:13:04,11:13:04,7.79,0.09,6,4674,买盘,2017-07-17,2017-07-17 11:13:04
11:13:07,11:13:07,7.76,-0.03,20,15520,买盘,2017-07-17,2017-07-17 11:13:07
11:13:19,11:13:19,7.7,-0.06,580,446600,卖盘,2017-07-17,2017-07-17 11:13:19
11:13:22,11:13:22,7.7,--,1220,939400,买盘,2017-07-17,2017-07-17 11:13:22
11:13:25,11:13:25,7.76,0.06,5,3880,买盘,2017-07-17,2017-07-17 11:13:25
11:13:28,11:13:28,7.76,--,218,169168,买盘,2017-07-17,2017-07-17 11:13:28
11:13:31,11:13:31,7.76,--,200,155200,买盘,2017-07-17,2017-07-17 11:13:31
11:13:34,11:13:34,7.76,--,0,0,买盘,2017-07-17,2017-07-17 11:13:34
11:13:46,11:13:46,7.72,-0.04,1,772,卖盘,2017-07-17,2017-07-17 11:13:46
11:14:02,11:14:02,7.72,--,201,155172,卖盘,2017-07-17,2017-07-17 11:14:02
11:14:07,11:14:07,7.72,--,5,3860,卖盘,2017-07-17,2017-07-17 11:14:07
11:14:10,11:14:10,7.72,--,80,61760,卖盘,2017-07-17,2017-07-17 11:14:10
11:14:17,11:14:17,7.74,0.02,30,23220,中性盘,2017-07-17,2017-07-17 11:14:17
11:14:23,11:14:23,7.75,0.01,21,16275,买盘,2017-07-17,2017-07-17 11:14:23
11:14:29,11:14:29,7.72,-0.03,200,154400,卖盘,2017-07-17,2017-07-17 11:14:29
11:14:32,11:14:32,7.72,--,0,0,卖盘,2017-07-17,2017-07-17 11:14:32
11:14:35,11:14:35,7.75,0.03,5,3875,买盘,2017-07-17,2017-07-17 11:14:35
11:14:44,11:14:44,7.75,--,80,62000,买盘,2017-07-17,2017-07-17 11:14:44
11:15:02,11:15:02,7.76,0.01,10,7760,买盘,2017-07-17,2017-07-17 11:15:02
11:15:05,11:15:05,7.76,--,113,87688,买盘,2017-07-17,2017-07-17 11:15:05
11:15:08,11:15:08,7.76,--,58,45008,买盘,2017-07-17,2017-07-17 11:15:08
11:15:20,11:15:20,7.76,--,0,0,卖盘,2017-07-17,2017-07-17 11:15:20
11:15:23,11:15:23,7.76,--,50,38800,卖盘,2017-07-17,2017-07-17 11:15:23
11:15:32,11:15:32,7.76,--,0,0,卖盘,2017-07-17,2017-07-17 11:15:32
11:15:35,11:15:35,7.78,0.02,1,778,买盘,2017-07-17,2017-07-17 11:15:35
11:15:38,11:15:38,7.78,--,38,29564,买盘,2017-07-17,2017-07-17 11:15:38
11:15:56,11:15:56,7.78,--,3,2334,买盘,2017-07-17,2017-07-17 11:15:56
11:15:59,11:15:59,7.78,--,38,29564,买盘,2017-07-17,2017-07-17 11:15:59
11:16:20,11:16:20,7.77,-0.01,10,7770,卖盘,2017-07-17,2017-07-17 11:16:20
11:16:23,11:16:23,7.78,0.01,5,3890,买盘,2017-07-17,2017-07-17 11:16:23
11:16:35,11:16:35,7.77,-0.01,10,7770,卖盘,2017-07-17,2017-07-17 11:16:35
11:16:38,11:16:38,7.77,--,20,15540,卖盘,2017-07-17,2017-07-17 11:16:38
11:16:50,11:16:50,7.78,0.01,24,18672,买盘,2017-07-17,2017-07-17 11:16:50
11:16:53,11:16:53,7.78,--,4,3112,买盘,2017-07-17,2017-07-17 11:16:53
11:16:56,11:16:56,7.76,-0.02,20,15520,卖盘,2017-07-17,2017-07-17 11:16:56
11:16:59,11:16:59,7.76,--,0,0,卖盘,2017-07-17,2017-07-17 11:16:59
11:17:02,11:17:02,7.78,0.02,250,194500,买盘,2017-07-17,2017-07-17 11:17:02
11:17:05,11:17:05,7.76,-0.02,94,72944,卖盘,2017-07-17,2017-07-17 11:17:05
11:17:17,11:17:17,7.76,--,15,11640,卖盘,2017-07-17,2017-07-17 11:17:17
11:17:32,11:17:32,7.78,0.02,1,778,买盘,2017-07-17,2017-07-17 11:17:32
11:17:35,11:17:35,7.78,--,101,78578,买盘,2017-07-17,2017-07-17 11:17:35
11:17:41,11:17:41,7.78,--,10,7780,卖盘,2017-07-17,2017-07-17 11:17:41
11:17:47,11:17:47,7.79,0.01,4,3116,买盘,2017-07-17,2017-07-17 11:17:47
11:17:59,11:17:59,7.79,--,30,23370,买盘,2017-07-17,2017-07-17 11:17:59
11:18:02,11:18:02,7.78,-0.01,44,34232,卖盘,2017-07-17,2017-07-17 11:18:02
11:18:29,11:18:29,7.79,0.01,201,156579,买盘,2017-07-17,2017-07-17 11:18:29
11:18:32,11:18:32,7.79,--,5,3895,卖盘,2017-07-17,2017-07-17 11:18:32
11:18:41,11:18:41,7.79,--,3,2337,卖盘,2017-07-17,2017-07-17 11:18:41
11:18:47,11:18:47,7.8,0.01,1,780,买盘,2017-07-17,2017-07-17 11:18:47
11:19:11,11:19:11,7.8,--,20,15600,买盘,2017-07-17,2017-07-17 11:19:11
11:19:14,11:19:14,7.79,-0.01,39,30381,卖盘,2017-07-17,2017-07-17 11:19:14
11:19:17,11:19:17,7.8,0.01,8,6240,买盘,2017-07-17,2017-07-17 11:19:17
11:19:20,11:19:20,7.8,--,2,1560,买盘,2017-07-17,2017-07-17 11:19:20
11:19:23,11:19:23,7.79,-0.01,15,11685,卖盘,2017-07-17,2017-07-17 11:19:23
11:19:41,11:19:41,7.8,0.01,34,26520,买盘,2017-07-17,2017-07-17 11:19:41
11:19:44,11:19:44,7.79,-0.01,136,105944,卖盘,2017-07-17,2017-07-17 11:19:44
11:20:02,11:20:02,7.79,--,62,48298,卖盘,2017-07-17,2017-07-17 11:20:02
11:20:05,11:20:05,7.79,--,4,3116,买盘,2017-07-17,2017-07-17 11:20:05
11:20:08,11:20:08,7.79,--,1,779,买盘,2017-07-17,2017-07-17 11:20:08
11:20:14,11:20:14,7.78,-0.01,105,81690,卖盘,2017-07-17,2017-07-17 11:20:14
11:20:23,11:20:23,7.78,--,11,8558,买盘,2017-07-17,2017-07-17 11:20:23
11:20:29,11:20:29,7.75,-0.03,350,271250,卖盘,2017-07-17,2017-07-17 11:20:29
11:20:35,11:20:35,7.78,0.03,100,77800,买盘,2017-07-17,2017-07-17 11:20:35
11:20:38,11:20:38,7.78,--,0,0,买盘,2017-07-17,2017-07-17 11:20:38
11:20:41,11:20:41,7.77,-0.01,6,4662,买盘,2017-07-17,2017-07-17 11:20:41
11:20:59,11:20:59,7.77,--,0,0,买盘,2017-07-17,2017-07-17 11:20:59
11:21:02,11:21:02,7.73,-0.04,370,286010,卖盘,2017-07-17,2017-07-17 11:21:02
11:21:11,11:21:11,7.73,--,344,265912,买盘,2017-07-17,2017-07-17 11:21:11
11:21:14,11:21:14,7.73,--,17,13141,买盘,2017-07-17,2017-07-17 11:21:14
11:21:17,11:21:17,7.75,0.02,13,10075,买盘,2017-07-17,2017-07-17 11:21:17
11:21:29,11:21:29,7.73,-0.02,395,305335,卖盘,2017-07-17,2017-07-17 11:21:29
11:21:32,11:21:32,7.73,--,0,0,卖盘,2017-07-17,2017-07-17 11:21:32
11:21:44,11:21:44,7.75,0.02,21,16275,卖盘,2017-07-17,2017-07-17 11:21:44
11:21:53,11:21:53,7.75,--,5,3875,买盘,2017-07-17,2017-07-17 11:21:53
11:22:05,11:22:05,7.75,--,4,3100,买盘,2017-07-17,2017-07-17 11:22:05
11:22:08,11:22:08,7.73,-0.02,182,140686,卖盘,2017-07-17,2017-07-17 11:22:08
11:22:11,11:22:11,7.73,--,398,307654,买盘,2017-07-17,2017-07-17 11:22:11
11:22:17,11:22:17,7.73,--,0,0,中性盘,2017-07-17,2017-07-17 11:22:17
11:22:20,11:22:20,7.72,-0.01,97,74884,卖盘,2017-07-17,2017-07-17 11:22:20
11:22:47,11:22:47,7.75,0.03,70,54250,卖盘,2017-07-17,2017-07-17 11:22:47
11:22:59,11:22:59,7.75,--,29,22475,买盘,2017-07-17,2017-07-17 11:22:59
11:23:11,11:23:11,7.73,-0.02,269,207937,卖盘,2017-07-17,2017-07-17 11:23:11
11:23:14,11:23:14,7.73,--,146,112858,买盘,2017-07-17,2017-07-17 11:23:14
11:23:17,11:23:17,7.75,0.02,7,5425,买盘,2017-07-17,2017-07-17 11:23:17
11:23:23,11:23:23,7.75,--,0,0,买盘,2017-07-17,2017-07-17 11:23:23
11:23:26,11:23:26,7.75,--,13,10075,买盘,2017-07-17,2017-07-17 11:23:26
11:23:32,11:23:32,7.72,-0.03,302,233144,卖盘,2017-07-17,2017-07-17 11:23:32
11:23:35,11:23:35,7.75,0.03,30,23250,买盘,2017-07-17,2017-07-17 11:23:35
11:23:41,11:23:41,7.75,--,5,3875,买盘,2017-07-17,2017-07-17 11:23:41
11:23:44,11:23:44,7.75,--,0,0,买盘,2017-07-17,2017-07-17 11:23:44
11:23:50,11:23:50,7.74,-0.01,10,7740,卖盘,2017-07-17,2017-07-17 11:23:50
11:24:02,11:24:02,7.75,0.01,327,253425,买盘,2017-07-17,2017-07-17 11:24:02
11:24:11,11:24:11,7.72,-0.03,268,206896,卖盘,2017-07-17,2017-07-17 11:24:11
11:24:14,11:24:14,7.74,0.02,10,7740,卖盘,2017-07-17,2017-07-17 11:24:14
11:24:20,11:24:20,7.74,--,4,3096,买盘,2017-07-17,2017-07-17 11:24:20
11:24:23,11:24:23,7.74,--,2,1548,买盘,2017-07-17,2017-07-17 11:24:23
11:24:29,11:24:29,7.73,-0.01,77,59521,卖盘,2017-07-17,2017-07-17 11:24:29
11:24:32,11:24:32,7.73,--,64,49472,卖盘,2017-07-17,2017-07-17 11:24:32
11:24:35,11:24:35,7.74,0.01,45,34830,买盘,2017-07-17,2017-07-17 11:24:35
11:25:14,11:25:14,7.75,0.01,4,3100,买盘,2017-07-17,2017-07-17 11:25:14
11:25:23,11:25:23,7.75,--,10,7750,卖盘,2017-07-17,2017-07-17 11:25:23
11:25:29,11:25:29,7.76,0.01,3,2328,买盘,2017-07-17,2017-07-17 11:25:29
11:25:44,11:25:44,7.76,--,53,41128,买盘,2017-07-17,2017-07-17 11:25:44
11:25:56,11:25:56,7.77,0.01,60,46620,买盘,2017-07-17,2017-07-17 11:25:56
11:26:08,11:26:08,7.77,--,79,61383,买盘,2017-07-17,2017-07-17 11:26:08
11:26:21,11:26:21,7.77,--,10,7770,买盘,2017-07-17,2017-07-17 11:26:21
11:26:27,11:26:27,7.77,--,19,14763,买盘,2017-07-17,2017-07-17 11:26:27
11:26:36,11:26:36,7.77,--,46,35742,买盘,2017-07-17,2017-07-17 11:26:36
11:27:12,11:27:12,7.79,0.02,55,42845,买盘,2017-07-17,2017-07-17 11:27:12
11:27:30,11:27:30,7.79,--,30,23370,买盘,2017-07-17,2017-07-17 11:27:30
11:27:42,11:27:42,7.79,--,2,1558,买盘,2017-07-17,2017-07-17 11:27:42
11:27:48,11:27:48,7.79,--,2,1558,买盘,2017-07-17,2017-07-17 11:27:48
11:27:51,11:27:51,7.79,--,3,2337,买盘,2017-07-17,2017-07-17 11:27:51
11:27:54,11:27:54,7.79,--,0,0,买盘,2017-07-17,2017-07-17 11:27:54
11:28:24,11:28:24,7.79,--,50,38950,买盘,2017-07-17,2017-07-17 11:28:24
11:28:48,11:28:48,7.79,--,4,3116,买盘,2017-07-17,2017-07-17 11:28:48
11:28:57,11:28:57,7.79,--,1,779,买盘,2017-07-17,2017-07-17 11:28:57
11:29:09,11:29:09,7.79,--,2,1558,买盘,2017-07-17,2017-07-17 11:29:09
11:29:39,11:29:39,7.79,--,10,7790,买盘,2017-07-17,2017-07-17 11:29:39
11:29:45,11:29:45,7.79,--,61,47519,买盘,2017-07-17,2017-07-17 11:29:45
11:29:48,11:29:48,7.79,--,3,2337,买盘,2017-07-17,2017-07-17 11:29:48
11:30:00,11:30:00,7.79,--,0,0,买盘,2017-07-17,2017-07-17 11:30:00
11:30:00,11:30:00,7.79,--,0,0,买盘,2017-07-17,2017-07-17 11:30:00
13:00:04,13:00:04,7.79,--,78,60762,买盘,2017-07-17,2017-07-17 13:00:04
13:00:07,13:00:07,7.78,-0.01,990,770220,卖盘,2017-07-17,2017-07-17 13:00:07
13:00:16,13:00:16,7.78,--,72,56016,买盘,2017-07-17,2017-07-17 13:00:16
13:00:28,13:00:28,7.76,-0.02,700,543200,卖盘,2017-07-17,2017-07-17 13:00:28
13:00:40,13:00:40,7.76,--,226,175376,卖盘,2017-07-17,2017-07-17 13:00:40
13:00:55,13:00:55,7.76,--,5,3880,卖盘,2017-07-17,2017-07-17 13:00:55
13:00:58,13:00:58,7.78,0.02,4,3112,买盘,2017-07-17,2017-07-17 13:00:58
13:01:34,13:01:34,7.76,-0.02,100,77600,卖盘,2017-07-17,2017-07-17 13:01:34
13:01:40,13:01:40,7.76,--,15,11640,卖盘,2017-07-17,2017-07-17 13:01:40
13:02:07,13:02:07,7.77,0.01,3,2331,买盘,2017-07-17,2017-07-17 13:02:07
13:02:37,13:02:37,7.77,--,17,13209,买盘,2017-07-17,2017-07-17 13:02:37
13:02:52,13:02:52,7.77,--,10,7770,买盘,2017-07-17,2017-07-17 13:02:52
13:03:07,13:03:07,7.78,0.01,4,3112,买盘,2017-07-17,2017-07-17 13:03:07
13:03:34,13:03:34,7.77,-0.01,20,15540,卖盘,2017-07-17,2017-07-17 13:03:34
13:03:46,13:03:46,7.77,--,20,15540,卖盘,2017-07-17,2017-07-17 13:03:46
13:03:49,13:03:49,7.78,0.01,54,42012,买盘,2017-07-17,2017-07-17 13:03:49
13:03:55,13:03:55,7.78,--,2,1556,买盘,2017-07-17,2017-07-17 13:03:55
13:04:01,13:04:01,7.76,-0.02,200,155200,卖盘,2017-07-17,2017-07-17 13:04:01
13:04:13,13:04:13,7.78,0.02,5,3890,买盘,2017-07-17,2017-07-17 13:04:13
13:04:16,13:04:16,7.78,--,3,2334,买盘,2017-07-17,2017-07-17 13:04:16
13:04:25,13:04:25,7.76,-0.02,39,30264,卖盘,2017-07-17,2017-07-17 13:04:25
13:04:31,13:04:31,7.76,--,0,0,卖盘,2017-07-17,2017-07-17 13:04:31
13:05:19,13:05:19,7.77,0.01,3,2331,买盘,2017-07-17,2017-07-17 13:05:19
13:05:23,13:05:23,7.75,-0.02,454,351850,卖盘,2017-07-17,2017-07-17 13:05:23
13:05:29,13:05:29,7.75,--,10,7750,买盘,2017-07-17,2017-07-17 13:05:29
13:05:38,13:05:38,7.75,--,135,104625,买盘,2017-07-17,2017-07-17 13:05:38
13:05:44,13:05:44,7.75,--,7,5425,买盘,2017-07-17,2017-07-17 13:05:44
13:06:02,13:06:02,7.75,--,10,7750,买盘,2017-07-17,2017-07-17 13:06:02
13:06:05,13:06:05,7.75,--,17,13175,买盘,2017-07-17,2017-07-17 13:06:05
13:06:14,13:06:14,7.75,--,18,13950,买盘,2017-07-17,2017-07-17 13:06:14
13:06:20,13:06:20,7.75,--,5,3875,买盘,2017-07-17,2017-07-17 13:06:20
13:06:23,13:06:23,7.75,--,3,2325,买盘,2017-07-17,2017-07-17 13:06:23
13:06:25,13:06:25,7.75,--,15,11625,买盘,2017-07-17,2017-07-17 13:06:25
13:06:32,13:06:32,7.75,--,4,3100,买盘,2017-07-17,2017-07-17 13:06:32
13:06:41,13:06:41,7.75,--,24,18600,买盘,2017-07-17,2017-07-17 13:06:41
13:06:56,13:06:56,7.75,--,4,3100,买盘,2017-07-17,2017-07-17 13:06:56
13:06:59,13:06:59,7.75,--,150,116250,买盘,2017-07-17,2017-07-17 13:06:59
13:07:01,13:07:01,7.75,--,7,5425,买盘,2017-07-17,2017-07-17 13:07:01
13:07:23,13:07:23,7.76,0.01,9,6984,买盘,2017-07-17,2017-07-17 13:07:23
13:07:26,13:07:26,7.76,--,5,3880,买盘,2017-07-17,2017-07-17 13:07:26
13:07:32,13:07:32,7.76,--,25,19400,买盘,2017-07-17,2017-07-17 13:07:32
13:07:35,13:07:35,7.76,--,7,5432,买盘,2017-07-17,2017-07-17 13:07:35
13:07:56,13:07:56,7.75,-0.01,96,74400,卖盘,2017-07-17,2017-07-17 13:07:56
13:07:59,13:07:59,7.75,--,62,48050,买盘,2017-07-17,2017-07-17 13:07:59
13:08:05,13:08:05,7.75,--,5,3875,买盘,2017-07-17,2017-07-17 13:08:05
13:08:20,13:08:20,7.75,--,12,9300,买盘,2017-07-17,2017-07-17 13:08:20
13:08:29,13:08:29,7.75,--,17,13175,卖盘,2017-07-17,2017-07-17 13:08:29
13:08:38,13:08:38,7.76,0.01,3,2328,买盘,2017-07-17,2017-07-17 13:08:38
13:08:47,13:08:47,7.76,--,50,38800,买盘,2017-07-17,2017-07-17 13:08:47
13:08:50,13:08:50,7.76,--,1,776,买盘,2017-07-17,2017-07-17 13:08:50
13:09:02,13:09:02,7.76,--,5,3880,卖盘,2017-07-17,2017-07-17 13:09:02
13:09:14,13:09:14,7.75,-0.01,233,180575,卖盘,2017-07-17,2017-07-17 13:09:14
13:09:20,13:09:20,7.75,--,38,29450,买盘,2017-07-17,2017-07-17 13:09:20
13:09:23,13:09:23,7.75,--,1,775,买盘,2017-07-17,2017-07-17 13:09:23
13:09:29,13:09:29,7.75,--,20,15500,买盘,2017-07-17,2017-07-17 13:09:29
13:09:32,13:09:32,7.75,--,4,3100,买盘,2017-07-17,2017-07-17 13:09:32
13:09:35,13:09:35,7.75,--,1,775,买盘,2017-07-17,2017-07-17 13:09:35
13:09:56,13:09:56,7.75,--,20,15500,卖盘,2017-07-17,2017-07-17 13:09:56
13:10:26,13:10:26,7.75,--,7,5425,卖盘,2017-07-17,2017-07-17 13:10:26
13:10:29,13:10:29,7.75,--,50,38750,卖盘,2017-07-17,2017-07-17 13:10:29
13:10:47,13:10:47,7.76,0.01,3,2328,买盘,2017-07-17,2017-07-17 13:10:47
13:10:53,13:10:53,7.75,-0.01,20,15500,卖盘,2017-07-17,2017-07-17 13:10:53
13:10:59,13:10:59,7.75,--,20,15500,卖盘,2017-07-17,2017-07-17 13:10:59
13:11:05,13:11:05,7.75,--,39,30225,卖盘,2017-07-17,2017-07-17 13:11:05
13:11:11,13:11:11,7.75,--,1,775,买盘,2017-07-17,2017-07-17 13:11:11
13:11:14,13:11:14,7.75,--,100,77500,买盘,2017-07-17,2017-07-17 13:11:14
13:11:29,13:11:29,7.77,0.02,370,287490,买盘,2017-07-17,2017-07-17 13:11:29
13:11:35,13:11:35,7.75,-0.02,3,2325,卖盘,2017-07-17,2017-07-17 13:11:35
13:11:38,13:11:38,7.75,--,15,11625,卖盘,2017-07-17,2017-07-17 13:11:38
13:11:53,13:11:53,7.75,--,0,0,卖盘,2017-07-17,2017-07-17 13:11:53
13:11:59,13:11:59,7.75,--,0,0,卖盘,2017-07-17,2017-07-17 13:11:59
13:12:38,13:12:38,7.76,0.01,10,7760,卖盘,2017-07-17,2017-07-17 13:12:38
13:12:56,13:12:56,7.77,0.01,83,64491,买盘,2017-07-17,2017-07-17 13:12:56
13:13:06,13:13:06,7.76,-0.01,10,7760,卖盘,2017-07-17,2017-07-17 13:13:06
13:13:18,13:13:18,7.76,--,40,31040,买盘,2017-07-17,2017-07-17 13:13:18
13:13:23,13:13:23,7.75,-0.01,17,13175,卖盘,2017-07-17,2017-07-17 13:13:23
13:13:45,13:13:45,7.76,0.01,7,5432,买盘,2017-07-17,2017-07-17 13:13:45
13:13:57,13:13:57,7.75,-0.01,267,206925,卖盘,2017-07-17,2017-07-17 13:13:57
13:14:00,13:14:00,7.75,--,24,18600,买盘,2017-07-17,2017-07-17 13:14:00
13:14:09,13:14:09,7.75,--,39,30225,买盘,2017-07-17,2017-07-17 13:14:09
13:14:12,13:14:12,7.75,--,100,77500,买盘,2017-07-17,2017-07-17 13:14:12
13:14:15,13:14:15,7.75,--,3,2325,买盘,2017-07-17,2017-07-17 13:14:15
13:14:21,13:14:21,7.75,--,9,6975,买盘,2017-07-17,2017-07-17 13:14:21
13:14:24,13:14:24,7.75,--,4,3100,买盘,2017-07-17,2017-07-17 13:14:24
13:14:39,13:14:39,7.75,--,10,7750,买盘,2017-07-17,2017-07-17 13:14:39
13:14:42,13:14:42,7.75,--,20,15500,卖盘,2017-07-17,2017-07-17 13:14:42
13:14:48,13:14:48,7.75,--,60,46500,买盘,2017-07-17,2017-07-17 13:14:48
13:14:51,13:14:51,7.74,-0.01,20,15480,卖盘,2017-07-17,2017-07-17 13:14:51
13:14:54,13:14:54,7.75,0.01,20,15500,买盘,2017-07-17,2017-07-17 13:14:54
13:15:09,13:15:09,7.75,--,500,387500,卖盘,2017-07-17,2017-07-17 13:15:09
13:15:24,13:15:24,7.75,--,2,1550,买盘,2017-07-17,2017-07-17 13:15:24
13:15:27,13:15:27,7.75,--,6,4650,买盘,2017-07-17,2017-07-17 13:15:27
13:15:30,13:15:30,7.74,-0.01,20,15619,卖盘,2017-07-17,2017-07-17 13:15:30
13:16:06,13:16:06,7.75,0.01,12,9300,卖盘,2017-07-17,2017-07-17 13:16:06
13:16:12,13:16:12,7.76,0.01,4,3104,买盘,2017-07-17,2017-07-17 13:16:12
13:16:18,13:16:18,7.75,-0.01,10,7750,卖盘,2017-07-17,2017-07-17 13:16:18
13:16:21,13:16:21,7.76,0.01,15,11640,买盘,2017-07-17,2017-07-17 13:16:21
13:16:39,13:16:39,7.76,--,15,11640,买盘,2017-07-17,2017-07-17 13:16:39
13:17:12,13:17:12,7.76,--,4,3104,买盘,2017-07-17,2017-07-17 13:17:12
13:17:21,13:17:21,7.76,--,7,5432,买盘,2017-07-17,2017-07-17 13:17:21
13:17:27,13:17:27,7.76,--,5,3880,买盘,2017-07-17,2017-07-17 13:17:27
13:17:51,13:17:51,7.76,--,1,776,买盘,2017-07-17,2017-07-17 13:17:51
13:18:15,13:18:15,7.77,0.01,2,1554,买盘,2017-07-17,2017-07-17 13:18:15
13:18:21,13:18:21,7.77,--,35,27195,买盘,2017-07-17,2017-07-17 13:18:21
13:18:51,13:18:51,7.78,0.01,5,3890,买盘,2017-07-17,2017-07-17 13:18:51
13:19:06,13:19:06,7.78,--,10,7780,买盘,2017-07-17,2017-07-17 13:19:06
13:19:27,13:19:27,7.77,-0.01,1,777,卖盘,2017-07-17,2017-07-17 13:19:27
13:19:30,13:19:30,7.78,0.01,35,27230,买盘,2017-07-17,2017-07-17 13:19:30
13:19:39,13:19:39,7.77,-0.01,24,18648,卖盘,2017-07-17,2017-07-17 13:19:39
13:19:51,13:19:51,7.77,--,42,32634,卖盘,2017-07-17,2017-07-17 13:19:51
13:20:06,13:20:06,7.77,--,1,777,卖盘,2017-07-17,2017-07-17 13:20:06
13:20:12,13:20:12,7.78,0.01,20,15560,买盘,2017-07-17,2017-07-17 13:20:12
13:20:18,13:20:18,7.78,--,2,1556,买盘,2017-07-17,2017-07-17 13:20:18
13:20:21,13:20:21,7.77,-0.01,57,44289,卖盘,2017-07-17,2017-07-17 13:20:21
13:20:43,13:20:43,7.76,-0.01,1,776,卖盘,2017-07-17,2017-07-17 13:20:43
13:20:46,13:20:46,7.76,--,3,2328,卖盘,2017-07-17,2017-07-17 13:20:46
13:20:54,13:20:54,7.77,0.01,10,7770,买盘,2017-07-17,2017-07-17 13:20:54
13:20:58,13:20:58,7.76,-0.01,7,5432,卖盘,2017-07-17,2017-07-17 13:20:58
13:21:16,13:21:16,7.76,--,10,7760,卖盘,2017-07-17,2017-07-17 13:21:16
13:21:22,13:21:22,7.76,--,3,2328,卖盘,2017-07-17,2017-07-17 13:21:22
13:21:37,13:21:37,7.77,0.01,3,2331,买盘,2017-07-17,2017-07-17 13:21:37
13:21:49,13:21:49,7.76,-0.01,3,2328,卖盘,2017-07-17,2017-07-17 13:21:49
13:21:58,13:21:58,7.77,0.01,437,339549,买盘,2017-07-17,2017-07-17 13:21:58
13:22:01,13:22:01,7.77,--,25,19425,卖盘,2017-07-17,2017-07-17 13:22:01
13:22:04,13:22:04,7.76,-0.01,499,387224,卖盘,2017-07-17,2017-07-17 13:22:04
13:22:10,13:22:10,7.76,--,3,2328,卖盘,2017-07-17,2017-07-17 13:22:10
13:22:19,13:22:19,7.76,--,0,0,卖盘,2017-07-17,2017-07-17 13:22:19
13:22:28,13:22:28,7.76,--,68,52768,卖盘,2017-07-17,2017-07-17 13:22:28
13:22:31,13:22:31,7.77,0.01,7,5439,买盘,2017-07-17,2017-07-17 13:22:31
13:22:34,13:22:34,7.76,-0.01,7,5432,卖盘,2017-07-17,2017-07-17 13:22:34
13:22:37,13:22:37,7.77,0.01,5,3885,买盘,2017-07-17,2017-07-17 13:22:37
13:22:40,13:22:40,7.76,-0.01,30,23280,卖盘,2017-07-17,2017-07-17 13:22:40
13:22:55,13:22:55,7.76,--,2,1552,卖盘,2017-07-17,2017-07-17 13:22:55
13:22:58,13:22:58,7.76,--,37,28712,卖盘,2017-07-17,2017-07-17 13:22:58
13:23:04,13:23:04,7.75,-0.01,60,46500,卖盘,2017-07-17,2017-07-17 13:23:04
13:23:07,13:23:07,7.75,--,2,1550,卖盘,2017-07-17,2017-07-17 13:23:07
13:23:13,13:23:13,7.76,0.01,20,15520,买盘,2017-07-17,2017-07-17 13:23:13
13:23:16,13:23:16,7.75,-0.01,17,13175,卖盘,2017-07-17,2017-07-17 13:23:16
13:23:19,13:23:19,7.76,0.01,30,23280,买盘,2017-07-17,2017-07-17 13:23:19
13:23:31,13:23:31,7.75,-0.01,2,1550,卖盘,2017-07-17,2017-07-17 13:23:31
13:23:40,13:23:40,7.76,0.01,1,776,买盘,2017-07-17,2017-07-17 13:23:40
13:23:43,13:23:43,7.75,-0.01,237,183675,卖盘,2017-07-17,2017-07-17 13:23:43
13:23:46,13:23:46,7.74,-0.01,1,774,卖盘,2017-07-17,2017-07-17 13:23:46
13:23:52,13:23:52,7.75,0.01,3,2325,买盘,2017-07-17,2017-07-17 13:23:52
13:24:01,13:24:01,7.75,--,50,38750,买盘,2017-07-17,2017-07-17 13:24:01
13:24:07,13:24:07,7.75,--,10,7750,买盘,2017-07-17,2017-07-17 13:24:07
13:24:10,13:24:10,7.74,-0.01,2,1548,卖盘,2017-07-17,2017-07-17 13:24:10
13:24:13,13:24:13,7.75,0.01,22,17050,买盘,2017-07-17,2017-07-17 13:24:13
13:24:31,13:24:31,7.75,--,67,51925,卖盘,2017-07-17,2017-07-17 13:24:31
13:24:46,13:24:46,7.76,0.01,4,3104,买盘,2017-07-17,2017-07-17 13:24:46
13:24:49,13:24:49,7.75,-0.01,36,27900,卖盘,2017-07-17,2017-07-17 13:24:49
13:24:52,13:24:52,7.75,--,12,9300,卖盘,2017-07-17,2017-07-17 13:24:52
13:25:01,13:25:01,7.75,--,21,16275,卖盘,2017-07-17,2017-07-17 13:25:01
13:25:04,13:25:04,7.76,0.01,10,7760,买盘,2017-07-17,2017-07-17 13:25:04
13:25:19,13:25:19,7.75,-0.01,1,775,卖盘,2017-07-17,2017-07-17 13:25:19
13:25:22,13:25:22,7.75,--,19,14725,卖盘,2017-07-17,2017-07-17 13:25:22
13:25:35,13:25:35,7.75,--,4,3100,买盘,2017-07-17,2017-07-17 13:25:35
13:25:44,13:25:44,7.75,--,8,6200,买盘,2017-07-17,2017-07-17 13:25:44
13:25:50,13:25:50,7.74,-0.01,20,15480,卖盘,2017-07-17,2017-07-17 13:25:50
13:25:56,13:25:56,7.75,0.01,3,2325,买盘,2017-07-17,2017-07-17 13:25:56
13:26:07,13:26:07,7.74,-0.01,7,5418,卖盘,2017-07-17,2017-07-17 13:26:07
13:26:20,13:26:20,7.75,0.01,59,45725,买盘,2017-07-17,2017-07-17 13:26:20
13:26:23,13:26:23,7.74,-0.01,1,774,卖盘,2017-07-17,2017-07-17 13:26:23
13:26:26,13:26:26,7.75,0.01,4,3100,买盘,2017-07-17,2017-07-17 13:26:26
13:26:32,13:26:32,7.75,--,150,116250,买盘,2017-07-17,2017-07-17 13:26:32
13:26:38,13:26:38,7.75,--,13,10075,买盘,2017-07-17,2017-07-17 13:26:38
13:26:41,13:26:41,7.75,--,37,28675,买盘,2017-07-17,2017-07-17 13:26:41
13:26:47,13:26:47,7.75,--,6,4650,买盘,2017-07-17,2017-07-17 13:26:47
13:26:50,13:26:50,7.74,-0.01,7,5418,卖盘,2017-07-17,2017-07-17 13:26:50
13:26:59,13:26:59,7.75,0.01,4,3100,买盘,2017-07-17,2017-07-17 13:26:59
13:27:05,13:27:05,7.75,--,2,1550,买盘,2017-07-17,2017-07-17 13:27:05
13:27:11,13:27:11,7.75,--,10,7750,买盘,2017-07-17,2017-07-17 13:27:11
13:27:14,13:27:14,7.74,-0.01,7,5418,卖盘,2017-07-17,2017-07-17 13:27:14
13:27:20,13:27:20,7.75,0.01,10,7750,买盘,2017-07-17,2017-07-17 13:27:20
13:27:32,13:27:32,7.75,--,10,7750,买盘,2017-07-17,2017-07-17 13:27:32
13:27:35,13:27:35,7.75,--,0,0,中性盘,2017-07-17,2017-07-17 13:27:35
13:27:38,13:27:38,7.75,--,20,15500,卖盘,2017-07-17,2017-07-17 13:27:38
13:27:44,13:27:44,7.76,0.01,36,27936,买盘,2017-07-17,2017-07-17 13:27:44
13:27:53,13:27:53,7.76,--,4,3104,买盘,2017-07-17,2017-07-17 13:27:53
13:27:59,13:27:59,7.76,--,3,2328,买盘,2017-07-17,2017-07-17 13:27:59
13:28:02,13:28:02,7.76,--,5,3880,买盘,2017-07-17,2017-07-17 13:28:02
13:28:08,13:28:08,7.75,-0.01,1,775,卖盘,2017-07-17,2017-07-17 13:28:08
13:28:11,13:28:11,7.76,0.01,55,42680,买盘,2017-07-17,2017-07-17 13:28:11
13:28:20,13:28:20,7.76,--,3,2328,买盘,2017-07-17,2017-07-17 13:28:20
13:28:26,13:28:26,7.75,-0.01,333,258075,卖盘,2017-07-17,2017-07-17 13:28:26
13:28:29,13:28:29,7.75,--,2,1550,卖盘,2017-07-17,2017-07-17 13:28:29
13:28:44,13:28:44,7.75,--,1,775,卖盘,2017-07-17,2017-07-17 13:28:44
13:28:47,13:28:47,7.76,0.01,71,55096,买盘,2017-07-17,2017-07-17 13:28:47
13:28:59,13:28:59,7.76,--,3,2328,买盘,2017-07-17,2017-07-17 13:28:59
13:29:08,13:29:08,7.76,--,21,16296,卖盘,2017-07-17,2017-07-17 13:29:08
13:29:17,13:29:17,7.75,-0.01,20,15500,卖盘,2017-07-17,2017-07-17 13:29:17
13:29:32,13:29:32,7.76,0.01,5,3880,买盘,2017-07-17,2017-07-17 13:29:32
13:29:35,13:29:35,7.76,--,32,24832,买盘,2017-07-17,2017-07-17 13:29:35
13:29:56,13:29:56,7.76,--,81,62856,买盘,2017-07-17,2017-07-17 13:29:56
13:30:02,13:30:02,7.76,--,128,99328,买盘,2017-07-17,2017-07-17 13:30:02
13:30:17,13:30:17,7.76,--,30,23280,卖盘,2017-07-17,2017-07-17 13:30:17
13:30:20,13:30:20,7.76,--,51,39576,卖盘,2017-07-17,2017-07-17 13:30:20
13:30:32,13:30:32,7.76,--,5,3880,买盘,2017-07-17,2017-07-17 13:30:32
13:30:35,13:30:35,7.76,--,2,1552,买盘,2017-07-17,2017-07-17 13:30:35
13:30:38,13:30:38,7.76,--,10,7760,买盘,2017-07-17,2017-07-17 13:30:38
13:30:44,13:30:44,7.76,--,9,6984,买盘,2017-07-17,2017-07-17 13:30:44
13:30:47,13:30:47,7.76,--,3,2328,买盘,2017-07-17,2017-07-17 13:30:47
13:31:05,13:31:05,7.75,-0.01,230,178250,卖盘,2017-07-17,2017-07-17 13:31:05
13:31:08,13:31:08,7.76,0.01,28,21728,买盘,2017-07-17,2017-07-17 13:31:08
13:31:11,13:31:11,7.75,-0.01,4,3100,卖盘,2017-07-17,2017-07-17 13:31:11
13:31:17,13:31:17,7.76,0.01,10,7760,买盘,2017-07-17,2017-07-17 13:31:17
13:31:29,13:31:29,7.75,-0.01,50,38750,卖盘,2017-07-17,2017-07-17 13:31:29
13:31:35,13:31:35,7.76,0.01,2,1552,买盘,2017-07-17,2017-07-17 13:31:35
13:31:41,13:31:41,7.75,-0.01,2,1550,卖盘,2017-07-17,2017-07-17 13:31:41
13:31:44,13:31:44,7.75,--,183,141825,卖盘,2017-07-17,2017-07-17 13:31:44
13:31:47,13:31:47,7.75,--,10,7750,买盘,2017-07-17,2017-07-17 13:31:47
13:31:50,13:31:50,7.75,--,30,23250,买盘,2017-07-17,2017-07-17 13:31:50
13:32:14,13:32:14,7.75,--,30,23250,买盘,2017-07-17,2017-07-17 13:32:14
13:32:17,13:32:17,7.75,--,0,0,买盘,2017-07-17,2017-07-17 13:32:17
13:32:23,13:32:23,7.75,--,0,0,中性盘,2017-07-17,2017-07-17 13:32:23
13:32:29,13:32:29,7.74,-0.01,257,198918,卖盘,2017-07-17,2017-07-17 13:32:29
13:32:32,13:32:32,7.76,0.02,3,2328,买盘,2017-07-17,2017-07-17 13:32:32
13:32:35,13:32:35,7.76,--,2,1552,买盘,2017-07-17,2017-07-17 13:32:35
13:32:44,13:32:44,7.76,--,0,0,买盘,2017-07-17,2017-07-17 13:32:44
13:32:50,13:32:50,7.76,--,23,17848,买盘,2017-07-17,2017-07-17 13:32:50
13:32:53,13:32:53,7.75,-0.01,64,49600,卖盘,2017-07-17,2017-07-17 13:32:53
13:32:56,13:32:56,7.76,0.01,7,5432,中性盘,2017-07-17,2017-07-17 13:32:56
13:33:08,13:33:08,7.76,--,8,6208,买盘,2017-07-17,2017-07-17 13:33:08
13:33:17,13:33:17,7.76,--,2,1552,卖盘,2017-07-17,2017-07-17 13:33:17
13:33:20,13:33:20,7.76,--,60,46560,卖盘,2017-07-17,2017-07-17 13:33:20
13:33:26,13:33:26,7.77,0.01,4,3108,买盘,2017-07-17,2017-07-17 13:33:26
13:33:29,13:33:29,7.76,-0.01,10,7760,卖盘,2017-07-17,2017-07-17 13:33:29
13:34:08,13:34:08,7.77,0.01,5,3885,买盘,2017-07-17,2017-07-17 13:34:08
13:34:15,13:34:15,7.77,--,10,7770,买盘,2017-07-17,2017-07-17 13:34:15
13:34:18,13:34:18,7.77,--,24,18648,买盘,2017-07-17,2017-07-17 13:34:18
13:34:21,13:34:21,7.77,--,24,18648,买盘,2017-07-17,2017-07-17 13:34:21
13:34:33,13:34:33,7.77,--,20,15540,买盘,2017-07-17,2017-07-17 13:34:33
13:34:39,13:34:39,7.77,--,23,17871,买盘,2017-07-17,2017-07-17 13:34:39
13:35:00,13:35:00,7.77,--,5,3885,买盘,2017-07-17,2017-07-17 13:35:00
13:35:03,13:35:03,7.77,--,100,77700,买盘,2017-07-17,2017-07-17 13:35:03
13:35:06,13:35:06,7.77,--,91,70707,买盘,2017-07-17,2017-07-17 13:35:06
13:35:12,13:35:12,7.77,--,10,7770,卖盘,2017-07-17,2017-07-17 13:35:12
13:35:24,13:35:24,7.77,--,57,44289,卖盘,2017-07-17,2017-07-17 13:35:24
13:35:30,13:35:30,7.77,--,50,38850,买盘,2017-07-17,2017-07-17 13:35:30
13:35:33,13:35:33,7.77,--,4,3108,买盘,2017-07-17,2017-07-17 13:35:33
13:35:36,13:35:36,7.77,--,1,777,买盘,2017-07-17,2017-07-17 13:35:36
13:35:42,13:35:42,7.77,--,38,29526,买盘,2017-07-17,2017-07-17 13:35:42
13:35:45,13:35:45,7.77,--,25,19425,买盘,2017-07-17,2017-07-17 13:35:45
13:36:09,13:36:09,7.77,--,26,20202,卖盘,2017-07-17,2017-07-17 13:36:09
13:36:12,13:36:12,7.78,0.01,4,3112,买盘,2017-07-17,2017-07-17 13:36:12
13:36:15,13:36:15,7.77,-0.01,79,61383,卖盘,2017-07-17,2017-07-17 13:36:15
13:36:21,13:36:21,7.77,--,21,16317,买盘,2017-07-17,2017-07-17 13:36:21
13:36:33,13:36:33,7.78,0.01,54,42012,买盘,2017-07-17,2017-07-17 13:36:33
