idx_time,time,price,change,volume,amount,type,date,date_time
09:25:01,09:25:01,6.3,6.3,1533,965790,买盘,2017-06-28,2017-06-28 09:25:01
09:28:50,09:28:50,6.3,--,0,0,买盘,2017-06-28,2017-06-28 09:28:50
09:30:01,09:30:01,6.28,-0.02,194,121832,卖盘,2017-06-28,2017-06-28 09:30:01
09:30:05,09:30:05,6.27,-0.01,1025,642675,卖盘,2017-06-28,2017-06-28 09:30:05
09:30:09,09:30:09,6.28,0.01,363,227964,买盘,2017-06-28,2017-06-28 09:30:09
09:30:12,09:30:12,6.26,-0.02,66,41316,卖盘,2017-06-28,2017-06-28 09:30:12
09:30:15,09:30:15,6.28,0.02,12,7536,买盘,2017-06-28,2017-06-28 09:30:15
09:30:24,09:30:24,6.26,-0.02,26,16276,卖盘,2017-06-28,2017-06-28 09:30:24
09:30:30,09:30:30,6.26,--,111,69486,卖盘,2017-06-28,2017-06-28 09:30:30
09:30:33,09:30:33,6.27,0.01,2,1254,买盘,2017-06-28,2017-06-28 09:30:33
09:30:36,09:30:36,6.28,0.01,143,89804,买盘,2017-06-28,2017-06-28 09:30:36
09:30:39,09:30:39,6.26,-0.02,134,83884,卖盘,2017-06-28,2017-06-28 09:30:39
09:30:42,09:30:42,6.26,--,185,115810,卖盘,2017-06-28,2017-06-28 09:30:42
09:30:45,09:30:45,6.27,0.01,18,11286,中性盘,2017-06-28,2017-06-28 09:30:45
09:30:48,09:30:48,6.27,--,16,10032,卖盘,2017-06-28,2017-06-28 09:30:48
09:30:51,09:30:51,6.26,-0.01,4,2504,卖盘,2017-06-28,2017-06-28 09:30:51
09:30:54,09:30:54,6.27,0.01,178,111605,买盘,2017-06-28,2017-06-28 09:30:54
09:30:57,09:30:57,6.26,-0.01,5,3130,卖盘,2017-06-28,2017-06-28 09:30:57
09:31:00,09:31:00,6.26,--,63,39438,卖盘,2017-06-28,2017-06-28 09:31:00
09:31:03,09:31:03,6.26,--,190,118940,卖盘,2017-06-28,2017-06-28 09:31:03
09:31:06,09:31:06,6.26,--,37,23162,卖盘,2017-06-28,2017-06-28 09:31:06
09:31:09,09:31:09,6.26,--,72,45072,卖盘,2017-06-28,2017-06-28 09:31:09
09:31:12,09:31:12,6.26,--,19,11894,卖盘,2017-06-28,2017-06-28 09:31:12
09:31:15,09:31:15,6.25,-0.01,591,369375,卖盘,2017-06-28,2017-06-28 09:31:15
09:31:18,09:31:18,6.26,0.01,136,85136,中性盘,2017-06-28,2017-06-28 09:31:18
09:31:21,09:31:21,6.25,-0.01,281,175625,卖盘,2017-06-28,2017-06-28 09:31:21
09:31:24,09:31:24,6.26,0.01,189,118314,买盘,2017-06-28,2017-06-28 09:31:24
09:31:27,09:31:27,6.27,0.01,197,123518,买盘,2017-06-28,2017-06-28 09:31:27
09:31:30,09:31:30,6.25,-0.02,192,120000,卖盘,2017-06-28,2017-06-28 09:31:30
09:31:33,09:31:33,6.25,--,35,21875,卖盘,2017-06-28,2017-06-28 09:31:33
09:31:36,09:31:36,6.26,0.01,26,16276,买盘,2017-06-28,2017-06-28 09:31:36
09:31:39,09:31:39,6.25,-0.01,13,8125,买盘,2017-06-28,2017-06-28 09:31:39
09:31:42,09:31:42,6.25,--,297,185625,买盘,2017-06-28,2017-06-28 09:31:42
09:31:45,09:31:45,6.26,0.01,96,60096,买盘,2017-06-28,2017-06-28 09:31:45
09:31:48,09:31:48,6.26,--,200,125200,买盘,2017-06-28,2017-06-28 09:31:48
09:31:50,09:31:50,6.25,-0.01,42,26250,卖盘,2017-06-28,2017-06-28 09:31:50
09:31:54,09:31:54,6.26,0.01,120,75120,买盘,2017-06-28,2017-06-28 09:31:54
09:31:57,09:31:57,6.26,--,466,291716,买盘,2017-06-28,2017-06-28 09:31:57
09:32:00,09:32:00,6.26,--,63,39438,买盘,2017-06-28,2017-06-28 09:32:00
09:32:06,09:32:06,6.25,-0.01,145,90625,卖盘,2017-06-28,2017-06-28 09:32:06
09:32:09,09:32:09,6.26,0.01,122,76372,买盘,2017-06-28,2017-06-28 09:32:09
09:32:12,09:32:12,6.25,-0.01,189,118125,卖盘,2017-06-28,2017-06-28 09:32:12
09:32:15,09:32:15,6.25,--,39,24375,卖盘,2017-06-28,2017-06-28 09:32:15
09:32:18,09:32:18,6.26,0.01,21,13146,买盘,2017-06-28,2017-06-28 09:32:18
09:32:21,09:32:21,6.26,--,172,107672,卖盘,2017-06-28,2017-06-28 09:32:21
09:32:24,09:32:24,6.27,0.01,15,9405,买盘,2017-06-28,2017-06-28 09:32:24
09:32:27,09:32:27,6.24,-0.03,454,283296,卖盘,2017-06-28,2017-06-28 09:32:27
09:32:30,09:32:30,6.24,--,0,0,卖盘,2017-06-28,2017-06-28 09:32:30
09:32:33,09:32:33,6.25,0.01,20,12500,卖盘,2017-06-28,2017-06-28 09:32:33
09:32:36,09:32:36,6.26,0.01,58,36308,买盘,2017-06-28,2017-06-28 09:32:36
09:32:39,09:32:39,6.25,-0.01,13,8125,卖盘,2017-06-28,2017-06-28 09:32:39
09:32:45,09:32:45,6.26,0.01,16,10016,买盘,2017-06-28,2017-06-28 09:32:45
09:32:48,09:32:48,6.26,--,95,59470,买盘,2017-06-28,2017-06-28 09:32:48
09:32:51,09:32:51,6.26,--,94,58844,买盘,2017-06-28,2017-06-28 09:32:51
09:32:54,09:32:54,6.25,-0.01,350,219156,卖盘,2017-06-28,2017-06-28 09:32:54
09:32:57,09:32:57,6.25,--,29,18125,卖盘,2017-06-28,2017-06-28 09:32:57
09:33:00,09:33:00,6.26,0.01,93,58218,买盘,2017-06-28,2017-06-28 09:33:00
09:33:03,09:33:03,6.26,--,10,6260,卖盘,2017-06-28,2017-06-28 09:33:03
09:33:06,09:33:06,6.25,-0.01,67,41875,卖盘,2017-06-28,2017-06-28 09:33:06
09:33:09,09:33:09,6.27,0.02,300,188100,买盘,2017-06-28,2017-06-28 09:33:09
09:33:12,09:33:12,6.26,-0.01,49,30674,中性盘,2017-06-28,2017-06-28 09:33:12
09:33:15,09:33:15,6.27,0.01,12,7523,买盘,2017-06-28,2017-06-28 09:33:15
09:33:18,09:33:18,6.27,--,6,3761,卖盘,2017-06-28,2017-06-28 09:33:18
09:33:21,09:33:21,6.27,--,3,1880,卖盘,2017-06-28,2017-06-28 09:33:21
09:33:24,09:33:24,6.27,--,1,627,卖盘,2017-06-28,2017-06-28 09:33:24
09:33:27,09:33:27,6.27,--,10,6270,买盘,2017-06-28,2017-06-28 09:33:27
09:33:30,09:33:30,6.27,--,23,14420,卖盘,2017-06-28,2017-06-28 09:33:30
09:33:33,09:33:33,6.27,--,20,12540,卖盘,2017-06-28,2017-06-28 09:33:33
09:33:36,09:33:36,6.27,--,152,95304,卖盘,2017-06-28,2017-06-28 09:33:36
09:33:39,09:33:39,6.27,--,22,13793,卖盘,2017-06-28,2017-06-28 09:33:39
09:33:42,09:33:42,6.28,0.01,2,1256,买盘,2017-06-28,2017-06-28 09:33:42
09:33:45,09:33:45,6.28,--,37,23236,买盘,2017-06-28,2017-06-28 09:33:45
09:33:48,09:33:48,6.26,-0.02,376,235376,卖盘,2017-06-28,2017-06-28 09:33:48
09:33:51,09:33:51,6.27,0.01,2,1254,中性盘,2017-06-28,2017-06-28 09:33:51
09:33:54,09:33:54,6.28,0.01,12,7536,买盘,2017-06-28,2017-06-28 09:33:54
09:34:00,09:34:00,6.28,--,162,101736,买盘,2017-06-28,2017-06-28 09:34:00
09:34:03,09:34:03,6.27,-0.01,12,7523,买盘,2017-06-28,2017-06-28 09:34:03
09:34:06,09:34:06,6.27,--,152,95304,买盘,2017-06-28,2017-06-28 09:34:06
09:34:15,09:34:15,6.27,--,67,42009,买盘,2017-06-28,2017-06-28 09:34:15
09:34:18,09:34:18,6.27,--,632,396264,买盘,2017-06-28,2017-06-28 09:34:18
09:34:21,09:34:21,6.27,--,80,50160,买盘,2017-06-28,2017-06-28 09:34:21
09:34:24,09:34:24,6.27,--,30,18810,买盘,2017-06-28,2017-06-28 09:34:24
09:34:27,09:34:27,6.26,-0.01,507,317382,卖盘,2017-06-28,2017-06-28 09:34:27
09:34:30,09:34:30,6.26,--,67,41942,买盘,2017-06-28,2017-06-28 09:34:30
09:34:33,09:34:33,6.26,--,44,27544,买盘,2017-06-28,2017-06-28 09:34:33
09:34:39,09:34:39,6.26,--,17,10642,卖盘,2017-06-28,2017-06-28 09:34:39
09:34:42,09:34:42,6.26,--,60,37560,卖盘,2017-06-28,2017-06-28 09:34:42
09:34:48,09:34:48,6.26,--,149,93274,卖盘,2017-06-28,2017-06-28 09:34:48
09:34:51,09:34:51,6.26,--,53,33178,买盘,2017-06-28,2017-06-28 09:34:51
09:34:57,09:34:57,6.26,--,17,10642,买盘,2017-06-28,2017-06-28 09:34:57
09:35:00,09:35:00,6.26,--,10,6260,买盘,2017-06-28,2017-06-28 09:35:00
09:35:03,09:35:03,6.26,--,8,5008,买盘,2017-06-28,2017-06-28 09:35:03
09:35:06,09:35:06,6.26,--,59,36934,买盘,2017-06-28,2017-06-28 09:35:06
09:35:12,09:35:12,6.25,-0.01,477,298125,卖盘,2017-06-28,2017-06-28 09:35:12
09:35:18,09:35:18,6.26,0.01,104,65104,买盘,2017-06-28,2017-06-28 09:35:18
09:35:21,09:35:21,6.26,--,7,4382,买盘,2017-06-28,2017-06-28 09:35:21
09:35:24,09:35:24,6.25,-0.01,30,18750,卖盘,2017-06-28,2017-06-28 09:35:24
09:35:27,09:35:27,6.26,0.01,46,28796,买盘,2017-06-28,2017-06-28 09:35:27
09:35:30,09:35:30,6.25,-0.01,178,111250,卖盘,2017-06-28,2017-06-28 09:35:30
09:35:33,09:35:33,6.25,--,102,63750,卖盘,2017-06-28,2017-06-28 09:35:33
09:35:36,09:35:36,6.25,--,16,10000,卖盘,2017-06-28,2017-06-28 09:35:36
09:35:39,09:35:39,6.26,0.01,78,48828,买盘,2017-06-28,2017-06-28 09:35:39
09:35:42,09:35:42,6.25,-0.01,12,7500,卖盘,2017-06-28,2017-06-28 09:35:42
09:35:45,09:35:45,6.25,--,225,140625,卖盘,2017-06-28,2017-06-28 09:35:45
09:35:48,09:35:48,6.25,--,118,73750,卖盘,2017-06-28,2017-06-28 09:35:48
09:35:51,09:35:51,6.25,--,298,186250,卖盘,2017-06-28,2017-06-28 09:35:51
09:35:54,09:35:54,6.25,--,4,2500,卖盘,2017-06-28,2017-06-28 09:35:54
09:35:57,09:35:57,6.25,--,2,1250,卖盘,2017-06-28,2017-06-28 09:35:57
09:36:00,09:36:00,6.25,--,166,103750,卖盘,2017-06-28,2017-06-28 09:36:00
09:36:09,09:36:09,6.24,-0.01,17,10608,卖盘,2017-06-28,2017-06-28 09:36:09
09:36:12,09:36:12,6.25,0.01,5,3125,买盘,2017-06-28,2017-06-28 09:36:12
09:36:15,09:36:15,6.25,--,196,122500,买盘,2017-06-28,2017-06-28 09:36:15
09:36:18,09:36:18,6.24,-0.01,105,65520,卖盘,2017-06-28,2017-06-28 09:36:18
09:36:21,09:36:21,6.24,--,96,59904,卖盘,2017-06-28,2017-06-28 09:36:21
09:36:24,09:36:24,6.25,0.01,2,1250,买盘,2017-06-28,2017-06-28 09:36:24
09:36:27,09:36:27,6.24,-0.01,104,64896,卖盘,2017-06-28,2017-06-28 09:36:27
09:36:30,09:36:30,6.25,0.01,68,42500,买盘,2017-06-28,2017-06-28 09:36:30
09:36:33,09:36:33,6.25,--,100,62500,买盘,2017-06-28,2017-06-28 09:36:33
09:36:36,09:36:36,6.24,-0.01,10,6240,卖盘,2017-06-28,2017-06-28 09:36:36
09:36:39,09:36:39,6.24,--,11,6864,卖盘,2017-06-28,2017-06-28 09:36:39
09:36:43,09:36:43,6.25,0.01,7,4375,买盘,2017-06-28,2017-06-28 09:36:43
09:36:46,09:36:46,6.24,-0.01,10,6240,卖盘,2017-06-28,2017-06-28 09:36:46
09:36:48,09:36:48,6.24,--,43,26832,卖盘,2017-06-28,2017-06-28 09:36:48
09:36:52,09:36:52,6.24,--,5,3120,卖盘,2017-06-28,2017-06-28 09:36:52
09:36:55,09:36:55,6.25,0.01,80,50000,买盘,2017-06-28,2017-06-28 09:36:55
09:36:58,09:36:58,6.24,-0.01,81,50544,卖盘,2017-06-28,2017-06-28 09:36:58
09:37:00,09:37:00,6.25,0.01,12,7500,买盘,2017-06-28,2017-06-28 09:37:00
09:37:06,09:37:06,6.25,--,70,43750,买盘,2017-06-28,2017-06-28 09:37:06
09:37:09,09:37:09,6.24,-0.01,77,48048,卖盘,2017-06-28,2017-06-28 09:37:09
09:37:13,09:37:13,6.25,0.01,27,16875,买盘,2017-06-28,2017-06-28 09:37:13
09:37:16,09:37:16,6.25,--,33,20625,买盘,2017-06-28,2017-06-28 09:37:16
09:37:19,09:37:19,6.25,--,209,130625,买盘,2017-06-28,2017-06-28 09:37:19
09:37:21,09:37:21,6.25,--,15,9375,卖盘,2017-06-28,2017-06-28 09:37:21
09:37:24,09:37:24,6.25,--,37,23125,卖盘,2017-06-28,2017-06-28 09:37:24
09:37:28,09:37:28,6.25,--,5,3125,卖盘,2017-06-28,2017-06-28 09:37:28
09:37:31,09:37:31,6.26,0.01,10,6260,买盘,2017-06-28,2017-06-28 09:37:31
09:37:34,09:37:34,6.25,-0.01,122,76250,卖盘,2017-06-28,2017-06-28 09:37:34
09:37:37,09:37:37,6.26,0.01,408,255408,买盘,2017-06-28,2017-06-28 09:37:37
09:37:46,09:37:46,6.26,--,14,8764,卖盘,2017-06-28,2017-06-28 09:37:46
09:37:49,09:37:49,6.27,0.01,19,11913,买盘,2017-06-28,2017-06-28 09:37:49
09:37:52,09:37:52,6.27,--,360,225719,买盘,2017-06-28,2017-06-28 09:37:52
09:37:55,09:37:55,6.27,--,49,30722,买盘,2017-06-28,2017-06-28 09:37:55
09:37:58,09:37:58,6.27,--,180,112859,买盘,2017-06-28,2017-06-28 09:37:58
09:38:01,09:38:01,6.26,-0.01,335,209710,卖盘,2017-06-28,2017-06-28 09:38:01
09:38:04,09:38:04,6.26,--,8,5008,买盘,2017-06-28,2017-06-28 09:38:04
09:38:06,09:38:06,6.26,--,92,57592,买盘,2017-06-28,2017-06-28 09:38:06
09:38:09,09:38:09,6.26,--,11,6886,买盘,2017-06-28,2017-06-28 09:38:09
09:38:13,09:38:13,6.26,--,74,46324,买盘,2017-06-28,2017-06-28 09:38:13
09:38:16,09:38:16,6.26,--,20,12520,买盘,2017-06-28,2017-06-28 09:38:16
09:38:19,09:38:19,6.26,--,364,227864,买盘,2017-06-28,2017-06-28 09:38:19
09:38:22,09:38:22,6.26,--,102,64390,买盘,2017-06-28,2017-06-28 09:38:22
09:38:25,09:38:25,6.26,--,80,50080,卖盘,2017-06-28,2017-06-28 09:38:25
09:38:28,09:38:28,6.26,--,4,2504,卖盘,2017-06-28,2017-06-28 09:38:28
09:38:31,09:38:31,6.26,--,260,162760,卖盘,2017-06-28,2017-06-28 09:38:31
09:38:37,09:38:37,6.26,--,55,34517,卖盘,2017-06-28,2017-06-28 09:38:37
09:38:40,09:38:40,6.26,--,20,12520,买盘,2017-06-28,2017-06-28 09:38:40
09:38:52,09:38:52,6.26,--,3,1878,买盘,2017-06-28,2017-06-28 09:38:52
09:38:55,09:38:55,6.25,-0.01,40,25000,卖盘,2017-06-28,2017-06-28 09:38:55
09:38:58,09:38:58,6.26,0.01,18,11268,买盘,2017-06-28,2017-06-28 09:38:58
09:39:01,09:39:01,6.26,--,53,33178,买盘,2017-06-28,2017-06-28 09:39:01
09:39:07,09:39:07,6.26,--,283,177158,买盘,2017-06-28,2017-06-28 09:39:07
09:39:13,09:39:13,6.26,--,2,1252,买盘,2017-06-28,2017-06-28 09:39:13
09:39:16,09:39:16,6.26,--,1,626,买盘,2017-06-28,2017-06-28 09:39:16
09:39:19,09:39:19,6.26,--,43,26918,买盘,2017-06-28,2017-06-28 09:39:19
09:39:22,09:39:22,6.26,--,20,12520,买盘,2017-06-28,2017-06-28 09:39:22
09:39:28,09:39:28,6.26,--,577,361202,买盘,2017-06-28,2017-06-28 09:39:28
09:39:31,09:39:31,6.26,--,103,64478,买盘,2017-06-28,2017-06-28 09:39:31
09:39:37,09:39:37,6.26,--,1921,1202546,买盘,2017-06-28,2017-06-28 09:39:37
09:39:40,09:39:40,6.26,--,7,4382,买盘,2017-06-28,2017-06-28 09:39:40
09:39:43,09:39:43,6.24,-0.02,911,568464,卖盘,2017-06-28,2017-06-28 09:39:43
09:39:46,09:39:46,6.26,0.02,31,19406,买盘,2017-06-28,2017-06-28 09:39:46
09:39:49,09:39:49,6.24,-0.02,30,18720,卖盘,2017-06-28,2017-06-28 09:39:49
09:39:52,09:39:52,6.24,--,0,0,卖盘,2017-06-28,2017-06-28 09:39:52
09:39:55,09:39:55,6.24,--,22,13728,卖盘,2017-06-28,2017-06-28 09:39:55
09:39:58,09:39:58,6.24,--,137,85488,卖盘,2017-06-28,2017-06-28 09:39:58
09:40:01,09:40:01,6.24,--,167,104426,卖盘,2017-06-28,2017-06-28 09:40:01
09:40:04,09:40:04,6.24,--,128,80277,买盘,2017-06-28,2017-06-28 09:40:04
09:40:10,09:40:10,6.26,0.02,72,45072,买盘,2017-06-28,2017-06-28 09:40:10
09:40:13,09:40:13,6.24,-0.02,46,28704,卖盘,2017-06-28,2017-06-28 09:40:13
09:40:16,09:40:16,6.24,--,114,71136,卖盘,2017-06-28,2017-06-28 09:40:16
09:40:22,09:40:22,6.24,--,25,15600,卖盘,2017-06-28,2017-06-28 09:40:22
09:40:25,09:40:25,6.24,--,10,6240,卖盘,2017-06-28,2017-06-28 09:40:25
09:40:28,09:40:28,6.25,0.01,32,20000,买盘,2017-06-28,2017-06-28 09:40:28
09:40:31,09:40:31,6.25,--,107,66875,买盘,2017-06-28,2017-06-28 09:40:31
09:40:34,09:40:34,6.24,-0.01,336,209664,卖盘,2017-06-28,2017-06-28 09:40:34
09:40:37,09:40:37,6.24,--,76,47424,卖盘,2017-06-28,2017-06-28 09:40:37
09:40:40,09:40:40,6.24,--,173,107952,卖盘,2017-06-28,2017-06-28 09:40:40
09:40:46,09:40:46,6.25,0.01,23,14375,买盘,2017-06-28,2017-06-28 09:40:46
09:40:49,09:40:49,6.25,--,38,23750,买盘,2017-06-28,2017-06-28 09:40:49
09:40:52,09:40:52,6.25,--,149,93125,买盘,2017-06-28,2017-06-28 09:40:52
09:40:55,09:40:55,6.25,--,202,126250,买盘,2017-06-28,2017-06-28 09:40:55
09:40:58,09:40:58,6.25,--,209,130625,卖盘,2017-06-28,2017-06-28 09:40:58
09:41:01,09:41:01,6.24,-0.01,3,1872,卖盘,2017-06-28,2017-06-28 09:41:01
09:41:04,09:41:04,6.24,--,303,189072,卖盘,2017-06-28,2017-06-28 09:41:04
09:41:07,09:41:07,6.24,--,32,19968,卖盘,2017-06-28,2017-06-28 09:41:07
09:41:10,09:41:10,6.24,--,39,24336,卖盘,2017-06-28,2017-06-28 09:41:10
09:41:13,09:41:13,6.24,--,33,20592,卖盘,2017-06-28,2017-06-28 09:41:13
09:41:16,09:41:16,6.24,--,65,40560,卖盘,2017-06-28,2017-06-28 09:41:16
09:41:19,09:41:19,6.24,--,29,18096,卖盘,2017-06-28,2017-06-28 09:41:19
09:41:22,09:41:22,6.24,--,1124,701376,卖盘,2017-06-28,2017-06-28 09:41:22
09:41:25,09:41:25,6.25,0.01,7,4375,买盘,2017-06-28,2017-06-28 09:41:25
09:41:28,09:41:28,6.24,-0.01,45,28080,卖盘,2017-06-28,2017-06-28 09:41:28
09:41:31,09:41:31,6.24,--,70,43680,卖盘,2017-06-28,2017-06-28 09:41:31
09:41:40,09:41:40,6.25,0.01,2,1250,买盘,2017-06-28,2017-06-28 09:41:40
09:41:46,09:41:46,6.24,-0.01,50,31200,卖盘,2017-06-28,2017-06-28 09:41:46
09:41:49,09:41:49,6.24,--,103,64272,卖盘,2017-06-28,2017-06-28 09:41:49
09:41:52,09:41:52,6.24,--,45,28080,卖盘,2017-06-28,2017-06-28 09:41:52
09:41:55,09:41:55,6.24,--,22,13728,卖盘,2017-06-28,2017-06-28 09:41:55
09:42:01,09:42:01,6.24,--,35,21840,卖盘,2017-06-28,2017-06-28 09:42:01
09:42:04,09:42:04,6.25,0.01,252,157500,买盘,2017-06-28,2017-06-28 09:42:04
09:42:13,09:42:13,6.25,--,1000,625000,卖盘,2017-06-28,2017-06-28 09:42:13
09:42:16,09:42:16,6.25,--,21,13125,卖盘,2017-06-28,2017-06-28 09:42:16
09:42:19,09:42:19,6.25,--,114,71250,中性盘,2017-06-28,2017-06-28 09:42:19
09:42:22,09:42:22,6.25,--,84,52500,卖盘,2017-06-28,2017-06-28 09:42:22
09:42:25,09:42:25,6.25,--,56,35000,买盘,2017-06-28,2017-06-28 09:42:25
09:42:31,09:42:31,6.25,--,3,1875,买盘,2017-06-28,2017-06-28 09:42:31
09:42:34,09:42:34,6.24,-0.01,81,50544,卖盘,2017-06-28,2017-06-28 09:42:34
09:42:43,09:42:43,6.24,--,62,38688,卖盘,2017-06-28,2017-06-28 09:42:43
09:42:46,09:42:46,6.24,--,94,58656,卖盘,2017-06-28,2017-06-28 09:42:46
09:42:49,09:42:49,6.24,--,100,62400,卖盘,2017-06-28,2017-06-28 09:42:49
09:42:52,09:42:52,6.25,0.01,226,141250,买盘,2017-06-28,2017-06-28 09:42:52
09:42:55,09:42:55,6.25,--,46,28750,买盘,2017-06-28,2017-06-28 09:42:55
09:43:01,09:43:01,6.24,-0.01,57,35568,卖盘,2017-06-28,2017-06-28 09:43:01
09:43:07,09:43:07,6.24,--,515,321360,卖盘,2017-06-28,2017-06-28 09:43:07
09:43:13,09:43:13,6.24,--,121,75504,卖盘,2017-06-28,2017-06-28 09:43:13
09:43:16,09:43:16,6.25,0.01,102,63750,买盘,2017-06-28,2017-06-28 09:43:16
09:43:19,09:43:19,6.25,--,15,9375,买盘,2017-06-28,2017-06-28 09:43:19
09:43:25,09:43:25,6.25,--,27,16875,买盘,2017-06-28,2017-06-28 09:43:25
09:43:28,09:43:28,6.25,--,14,8750,买盘,2017-06-28,2017-06-28 09:43:28
09:43:31,09:43:31,6.25,--,32,20000,买盘,2017-06-28,2017-06-28 09:43:31
09:43:37,09:43:37,6.25,--,197,123656,买盘,2017-06-28,2017-06-28 09:43:37
09:43:40,09:43:40,6.25,--,20,12975,卖盘,2017-06-28,2017-06-28 09:43:40
09:43:46,09:43:46,6.25,--,247,154375,卖盘,2017-06-28,2017-06-28 09:43:46
09:43:49,09:43:49,6.25,--,500,312500,卖盘,2017-06-28,2017-06-28 09:43:49
09:43:55,09:43:55,6.25,--,44,27500,卖盘,2017-06-28,2017-06-28 09:43:55
09:44:01,09:44:01,6.25,--,208,130000,卖盘,2017-06-28,2017-06-28 09:44:01
09:44:04,09:44:04,6.25,--,15,9375,卖盘,2017-06-28,2017-06-28 09:44:04
09:44:07,09:44:07,6.25,--,282,176493,卖盘,2017-06-28,2017-06-28 09:44:07
09:44:10,09:44:10,6.25,--,139,86875,买盘,2017-06-28,2017-06-28 09:44:10
09:44:13,09:44:13,6.24,-0.01,31,19344,卖盘,2017-06-28,2017-06-28 09:44:13
09:44:19,09:44:19,6.25,0.01,325,203125,买盘,2017-06-28,2017-06-28 09:44:19
09:44:25,09:44:25,6.24,-0.01,2,1248,卖盘,2017-06-28,2017-06-28 09:44:25
09:44:28,09:44:28,6.24,--,6,3744,卖盘,2017-06-28,2017-06-28 09:44:28
09:44:37,09:44:37,6.24,--,16,9984,卖盘,2017-06-28,2017-06-28 09:44:37
09:44:40,09:44:40,6.24,--,157,97968,卖盘,2017-06-28,2017-06-28 09:44:40
09:44:43,09:44:43,6.24,--,112,69888,卖盘,2017-06-28,2017-06-28 09:44:43
09:44:46,09:44:46,6.25,0.01,126,78750,买盘,2017-06-28,2017-06-28 09:44:46
09:44:49,09:44:49,6.25,--,8,5000,买盘,2017-06-28,2017-06-28 09:44:49
09:44:55,09:44:55,6.24,-0.01,2,1248,卖盘,2017-06-28,2017-06-28 09:44:55
09:44:58,09:44:58,6.25,0.01,80,50000,买盘,2017-06-28,2017-06-28 09:44:58
09:45:01,09:45:01,6.25,--,180,112500,买盘,2017-06-28,2017-06-28 09:45:01
09:45:04,09:45:04,6.25,--,67,41875,买盘,2017-06-28,2017-06-28 09:45:04
09:45:07,09:45:07,6.25,--,304,190000,买盘,2017-06-28,2017-06-28 09:45:07
09:45:10,09:45:10,6.25,--,40,25000,买盘,2017-06-28,2017-06-28 09:45:10
09:45:16,09:45:16,6.24,-0.01,27,16848,卖盘,2017-06-28,2017-06-28 09:45:16
09:45:19,09:45:19,6.25,0.01,10,6250,买盘,2017-06-28,2017-06-28 09:45:19
09:45:22,09:45:22,6.25,--,378,236250,买盘,2017-06-28,2017-06-28 09:45:22
09:45:25,09:45:25,6.25,--,19,11875,买盘,2017-06-28,2017-06-28 09:45:25
09:45:34,09:45:34,6.24,-0.01,345,215280,卖盘,2017-06-28,2017-06-28 09:45:34
09:45:37,09:45:37,6.24,--,15,9360,卖盘,2017-06-28,2017-06-28 09:45:37
09:45:43,09:45:43,6.25,0.01,49,30625,买盘,2017-06-28,2017-06-28 09:45:43
09:45:46,09:45:46,6.25,--,52,32500,买盘,2017-06-28,2017-06-28 09:45:46
09:45:52,09:45:52,6.24,-0.01,77,48048,卖盘,2017-06-28,2017-06-28 09:45:52
09:45:55,09:45:55,6.25,0.01,114,71631,买盘,2017-06-28,2017-06-28 09:45:55
09:45:58,09:45:58,6.25,--,46,28993,卖盘,2017-06-28,2017-06-28 09:45:58
09:46:07,09:46:07,6.25,--,155,96875,买盘,2017-06-28,2017-06-28 09:46:07
09:46:10,09:46:10,6.25,--,21,13125,买盘,2017-06-28,2017-06-28 09:46:10
09:46:13,09:46:13,6.24,-0.01,63,39692,卖盘,2017-06-28,2017-06-28 09:46:13
09:46:16,09:46:16,6.25,0.01,377,235625,中性盘,2017-06-28,2017-06-28 09:46:16
09:46:19,09:46:19,6.25,--,256,160000,买盘,2017-06-28,2017-06-28 09:46:19
09:46:22,09:46:22,6.25,--,78,48750,买盘,2017-06-28,2017-06-28 09:46:22
09:46:25,09:46:25,6.25,--,4,2500,卖盘,2017-06-28,2017-06-28 09:46:25
09:46:34,09:46:34,6.24,-0.01,227,141648,卖盘,2017-06-28,2017-06-28 09:46:34
09:46:37,09:46:37,6.24,--,148,92352,卖盘,2017-06-28,2017-06-28 09:46:37
09:46:40,09:46:40,6.25,0.01,364,227500,买盘,2017-06-28,2017-06-28 09:46:40
09:46:46,09:46:46,6.25,--,40,25000,买盘,2017-06-28,2017-06-28 09:46:46
09:46:49,09:46:49,6.24,-0.01,1,624,卖盘,2017-06-28,2017-06-28 09:46:49
09:46:55,09:46:55,6.24,--,10,6240,卖盘,2017-06-28,2017-06-28 09:46:55
09:46:58,09:46:58,6.24,--,3,1872,卖盘,2017-06-28,2017-06-28 09:46:58
09:47:01,09:47:01,6.24,--,60,37440,卖盘,2017-06-28,2017-06-28 09:47:01
09:47:04,09:47:04,6.25,0.01,2,1250,买盘,2017-06-28,2017-06-28 09:47:04
09:47:07,09:47:07,6.25,--,114,71250,买盘,2017-06-28,2017-06-28 09:47:07
09:47:10,09:47:10,6.25,--,42,26250,买盘,2017-06-28,2017-06-28 09:47:10
09:47:13,09:47:13,6.24,-0.01,3,1872,卖盘,2017-06-28,2017-06-28 09:47:13
09:47:16,09:47:16,6.25,0.01,20,12500,买盘,2017-06-28,2017-06-28 09:47:16
09:47:19,09:47:19,6.25,--,10,6250,买盘,2017-06-28,2017-06-28 09:47:19
09:47:22,09:47:22,6.24,-0.01,1,624,卖盘,2017-06-28,2017-06-28 09:47:22
09:47:25,09:47:25,6.25,0.01,32,20000,买盘,2017-06-28,2017-06-28 09:47:25
09:47:31,09:47:31,6.25,--,178,111250,买盘,2017-06-28,2017-06-28 09:47:31
09:47:34,09:47:34,6.25,--,87,54375,买盘,2017-06-28,2017-06-28 09:47:34
09:47:37,09:47:37,6.25,--,8,5000,买盘,2017-06-28,2017-06-28 09:47:37
09:47:40,09:47:40,6.24,-0.01,126,78624,卖盘,2017-06-28,2017-06-28 09:47:40
09:47:43,09:47:43,6.25,0.01,15,9375,买盘,2017-06-28,2017-06-28 09:47:43
09:47:46,09:47:46,6.24,-0.01,21,13104,卖盘,2017-06-28,2017-06-28 09:47:46
09:47:49,09:47:49,6.25,0.01,52,32500,买盘,2017-06-28,2017-06-28 09:47:49
09:47:52,09:47:52,6.24,-0.01,19,11856,卖盘,2017-06-28,2017-06-28 09:47:52
09:47:55,09:47:55,6.24,--,56,34944,卖盘,2017-06-28,2017-06-28 09:47:55
09:47:58,09:47:58,6.25,0.01,80,50000,买盘,2017-06-28,2017-06-28 09:47:58
09:48:01,09:48:01,6.25,--,65,40625,买盘,2017-06-28,2017-06-28 09:48:01
09:48:04,09:48:04,6.25,--,230,143750,买盘,2017-06-28,2017-06-28 09:48:04
09:48:07,09:48:07,6.25,--,30,18750,买盘,2017-06-28,2017-06-28 09:48:07
09:48:10,09:48:10,6.25,--,27,16875,买盘,2017-06-28,2017-06-28 09:48:10
09:48:13,09:48:13,6.24,-0.01,8,4992,卖盘,2017-06-28,2017-06-28 09:48:13
09:48:16,09:48:16,6.24,--,10,6240,卖盘,2017-06-28,2017-06-28 09:48:16
09:48:19,09:48:19,6.24,--,30,18720,卖盘,2017-06-28,2017-06-28 09:48:19
09:48:22,09:48:22,6.25,0.01,104,65000,买盘,2017-06-28,2017-06-28 09:48:22
09:48:31,09:48:31,6.25,--,50,31250,买盘,2017-06-28,2017-06-28 09:48:31
09:48:34,09:48:34,6.24,-0.01,50,31200,卖盘,2017-06-28,2017-06-28 09:48:34
09:48:40,09:48:40,6.25,0.01,8,5000,买盘,2017-06-28,2017-06-28 09:48:40
09:48:46,09:48:46,6.25,--,120,75000,买盘,2017-06-28,2017-06-28 09:48:46
09:48:49,09:48:49,6.25,--,10,6250,买盘,2017-06-28,2017-06-28 09:48:49
09:48:52,09:48:52,6.25,--,5,3125,买盘,2017-06-28,2017-06-28 09:48:52
09:48:55,09:48:55,6.24,-0.01,80,49920,卖盘,2017-06-28,2017-06-28 09:48:55
09:49:01,09:49:01,6.24,--,3,1872,卖盘,2017-06-28,2017-06-28 09:49:01
09:49:04,09:49:04,6.24,--,65,40560,卖盘,2017-06-28,2017-06-28 09:49:04
09:49:10,09:49:10,6.25,0.01,124,77500,买盘,2017-06-28,2017-06-28 09:49:10
09:49:13,09:49:13,6.25,--,22,13750,买盘,2017-06-28,2017-06-28 09:49:13
09:49:19,09:49:19,6.24,-0.01,1300,811200,卖盘,2017-06-28,2017-06-28 09:49:19
09:49:22,09:49:22,6.25,0.01,10,6250,买盘,2017-06-28,2017-06-28 09:49:22
09:49:28,09:49:28,6.24,-0.01,82,51168,卖盘,2017-06-28,2017-06-28 09:49:28
09:49:31,09:49:31,6.24,--,54,33696,卖盘,2017-06-28,2017-06-28 09:49:31
09:49:34,09:49:34,6.24,--,41,25827,卖盘,2017-06-28,2017-06-28 09:49:34
09:49:37,09:49:37,6.24,--,24,14976,买盘,2017-06-28,2017-06-28 09:49:37
09:49:40,09:49:40,6.24,--,53,33072,买盘,2017-06-28,2017-06-28 09:49:40
09:49:43,09:49:43,6.24,--,67,41808,买盘,2017-06-28,2017-06-28 09:49:43
09:49:46,09:49:46,6.24,--,16,9984,买盘,2017-06-28,2017-06-28 09:49:46
09:49:49,09:49:49,6.24,--,4,2496,买盘,2017-06-28,2017-06-28 09:49:49
09:49:52,09:49:52,6.24,--,88,54912,买盘,2017-06-28,2017-06-28 09:49:52
09:49:55,09:49:55,6.23,-0.01,19,11837,卖盘,2017-06-28,2017-06-28 09:49:55
09:49:58,09:49:58,6.24,0.01,55,34700,买盘,2017-06-28,2017-06-28 09:49:58
09:50:07,09:50:07,6.25,0.01,257,160625,买盘,2017-06-28,2017-06-28 09:50:07
09:50:16,09:50:16,6.24,-0.01,40,24960,卖盘,2017-06-28,2017-06-28 09:50:16
09:50:19,09:50:19,6.24,--,255,159120,卖盘,2017-06-28,2017-06-28 09:50:19
09:50:24,09:50:24,6.25,0.01,176,110000,买盘,2017-06-28,2017-06-28 09:50:24
09:50:26,09:50:26,6.25,--,2,1250,买盘,2017-06-28,2017-06-28 09:50:26
09:50:30,09:50:30,6.25,--,11,6875,买盘,2017-06-28,2017-06-28 09:50:30
09:50:33,09:50:33,6.24,-0.01,18,11232,卖盘,2017-06-28,2017-06-28 09:50:33
09:50:36,09:50:36,6.25,0.01,1121,700625,买盘,2017-06-28,2017-06-28 09:50:36
09:50:39,09:50:39,6.24,-0.01,70,43680,卖盘,2017-06-28,2017-06-28 09:50:39
09:50:42,09:50:42,6.25,0.01,4,2500,买盘,2017-06-28,2017-06-28 09:50:42
09:50:44,09:50:44,6.25,--,5,3125,卖盘,2017-06-28,2017-06-28 09:50:44
09:50:50,09:50:50,6.25,--,20,12500,卖盘,2017-06-28,2017-06-28 09:50:50
09:50:57,09:50:57,6.26,0.01,55,34430,买盘,2017-06-28,2017-06-28 09:50:57
09:51:00,09:51:00,6.25,-0.01,10,6250,卖盘,2017-06-28,2017-06-28 09:51:00
09:51:03,09:51:03,6.26,0.01,5,3130,买盘,2017-06-28,2017-06-28 09:51:03
09:51:06,09:51:06,6.26,--,11,6886,买盘,2017-06-28,2017-06-28 09:51:06
09:51:09,09:51:09,6.25,-0.01,30,18750,卖盘,2017-06-28,2017-06-28 09:51:09
09:51:12,09:51:12,6.26,0.01,127,79502,买盘,2017-06-28,2017-06-28 09:51:12
09:51:15,09:51:15,6.26,--,77,48202,买盘,2017-06-28,2017-06-28 09:51:15
09:51:18,09:51:18,6.26,--,16,10629,买盘,2017-06-28,2017-06-28 09:51:18
09:51:21,09:51:21,6.26,--,7,4382,卖盘,2017-06-28,2017-06-28 09:51:21
09:51:27,09:51:27,6.27,0.01,472,295944,买盘,2017-06-28,2017-06-28 09:51:27
09:51:30,09:51:30,6.27,--,70,43890,卖盘,2017-06-28,2017-06-28 09:51:30
09:51:39,09:51:39,6.28,0.01,43,27004,买盘,2017-06-28,2017-06-28 09:51:39
09:51:42,09:51:42,6.28,--,130,81640,买盘,2017-06-28,2017-06-28 09:51:42
09:51:45,09:51:45,6.28,--,93,58404,买盘,2017-06-28,2017-06-28 09:51:45
09:51:54,09:51:54,6.29,0.01,35,22015,买盘,2017-06-28,2017-06-28 09:51:54
09:51:57,09:51:57,6.28,-0.01,10,6280,卖盘,2017-06-28,2017-06-28 09:51:57
09:52:00,09:52:00,6.29,0.01,115,72335,买盘,2017-06-28,2017-06-28 09:52:00
09:52:03,09:52:03,6.29,--,140,88060,买盘,2017-06-28,2017-06-28 09:52:03
09:52:06,09:52:06,6.29,--,222,139638,卖盘,2017-06-28,2017-06-28 09:52:06
09:52:09,09:52:09,6.29,--,157,98753,买盘,2017-06-28,2017-06-28 09:52:09
09:52:12,09:52:12,6.29,--,50,31450,买盘,2017-06-28,2017-06-28 09:52:12
09:52:15,09:52:15,6.29,--,300,188700,买盘,2017-06-28,2017-06-28 09:52:15
09:52:18,09:52:18,6.29,--,96,60384,买盘,2017-06-28,2017-06-28 09:52:18
09:52:21,09:52:21,6.29,--,29,18241,买盘,2017-06-28,2017-06-28 09:52:21
09:52:24,09:52:24,6.29,--,75,47175,买盘,2017-06-28,2017-06-28 09:52:24
09:52:27,09:52:27,6.28,-0.01,66,41448,卖盘,2017-06-28,2017-06-28 09:52:27
09:52:30,09:52:30,6.29,0.01,10,6290,买盘,2017-06-28,2017-06-28 09:52:30
09:52:33,09:52:33,6.29,--,293,184297,买盘,2017-06-28,2017-06-28 09:52:33
09:52:36,09:52:36,6.29,--,320,201280,买盘,2017-06-28,2017-06-28 09:52:36
09:52:39,09:52:39,6.28,-0.01,26,16328,卖盘,2017-06-28,2017-06-28 09:52:39
09:52:42,09:52:42,6.29,0.01,29,18241,买盘,2017-06-28,2017-06-28 09:52:42
09:52:45,09:52:45,6.29,--,135,84915,买盘,2017-06-28,2017-06-28 09:52:45
09:52:48,09:52:48,6.29,--,70,44030,买盘,2017-06-28,2017-06-28 09:52:48
09:52:51,09:52:51,6.28,-0.01,169,106132,卖盘,2017-06-28,2017-06-28 09:52:51
09:52:54,09:52:54,6.28,--,571,358588,卖盘,2017-06-28,2017-06-28 09:52:54
09:52:57,09:52:57,6.29,0.01,11,6919,买盘,2017-06-28,2017-06-28 09:52:57
09:53:00,09:53:00,6.29,--,24,15096,买盘,2017-06-28,2017-06-28 09:53:00
09:53:03,09:53:03,6.29,--,28,17612,买盘,2017-06-28,2017-06-28 09:53:03
09:53:06,09:53:06,6.29,--,20,12580,卖盘,2017-06-28,2017-06-28 09:53:06
09:53:12,09:53:12,6.29,--,20,12580,卖盘,2017-06-28,2017-06-28 09:53:12
09:53:15,09:53:15,6.29,--,9,5661,卖盘,2017-06-28,2017-06-28 09:53:15
09:53:18,09:53:18,6.3,0.01,228,143640,买盘,2017-06-28,2017-06-28 09:53:18
09:53:21,09:53:21,6.3,--,15,9450,卖盘,2017-06-28,2017-06-28 09:53:21
09:53:24,09:53:24,6.3,--,55,34650,卖盘,2017-06-28,2017-06-28 09:53:24
09:53:30,09:53:30,6.31,0.01,42,26502,买盘,2017-06-28,2017-06-28 09:53:30
09:53:33,09:53:33,6.31,--,15,9465,买盘,2017-06-28,2017-06-28 09:53:33
09:53:36,09:53:36,6.3,-0.01,92,57960,卖盘,2017-06-28,2017-06-28 09:53:36
09:53:39,09:53:39,6.3,--,58,36540,卖盘,2017-06-28,2017-06-28 09:53:39
09:53:42,09:53:42,6.31,0.01,69,43539,买盘,2017-06-28,2017-06-28 09:53:42
09:53:45,09:53:45,6.33,0.02,347,219651,买盘,2017-06-28,2017-06-28 09:53:45
09:53:48,09:53:48,6.33,--,50,31650,卖盘,2017-06-28,2017-06-28 09:53:48
09:53:51,09:53:51,6.31,-0.02,666,420246,卖盘,2017-06-28,2017-06-28 09:53:51
09:53:54,09:53:54,6.31,--,20,12620,卖盘,2017-06-28,2017-06-28 09:53:54
09:53:57,09:53:57,6.31,--,7,4417,卖盘,2017-06-28,2017-06-28 09:53:57
09:54:00,09:54:00,6.32,0.01,25,15800,买盘,2017-06-28,2017-06-28 09:54:00
09:54:03,09:54:03,6.32,--,75,47400,买盘,2017-06-28,2017-06-28 09:54:03
09:54:06,09:54:06,6.32,--,1,632,买盘,2017-06-28,2017-06-28 09:54:06
09:54:09,09:54:09,6.32,--,150,94800,买盘,2017-06-28,2017-06-28 09:54:09
09:54:12,09:54:12,6.32,--,124,78368,买盘,2017-06-28,2017-06-28 09:54:12
09:54:15,09:54:15,6.31,-0.01,295,186145,卖盘,2017-06-28,2017-06-28 09:54:15
09:54:18,09:54:18,6.31,--,58,36598,买盘,2017-06-28,2017-06-28 09:54:18
09:54:21,09:54:21,6.31,--,181,114211,买盘,2017-06-28,2017-06-28 09:54:21
09:54:24,09:54:24,6.31,--,115,72565,买盘,2017-06-28,2017-06-28 09:54:24
09:54:27,09:54:27,6.3,-0.01,44,27720,卖盘,2017-06-28,2017-06-28 09:54:27
09:54:30,09:54:30,6.3,--,97,61110,卖盘,2017-06-28,2017-06-28 09:54:30
09:54:33,09:54:33,6.31,0.01,4,2524,买盘,2017-06-28,2017-06-28 09:54:33
09:54:36,09:54:36,6.3,-0.01,361,227430,卖盘,2017-06-28,2017-06-28 09:54:36
09:54:39,09:54:39,6.3,--,256,161280,买盘,2017-06-28,2017-06-28 09:54:39
09:54:42,09:54:42,6.29,-0.01,91,57239,卖盘,2017-06-28,2017-06-28 09:54:42
09:54:51,09:54:51,6.3,0.01,29,18270,买盘,2017-06-28,2017-06-28 09:54:51
09:54:54,09:54:54,6.28,-0.02,40,25120,卖盘,2017-06-28,2017-06-28 09:54:54
09:55:00,09:55:00,6.29,0.01,125,78625,买盘,2017-06-28,2017-06-28 09:55:00
09:55:03,09:55:03,6.3,0.01,34,21420,买盘,2017-06-28,2017-06-28 09:55:03
09:55:09,09:55:09,6.3,--,30,18900,买盘,2017-06-28,2017-06-28 09:55:09
09:55:12,09:55:12,6.3,--,1,630,买盘,2017-06-28,2017-06-28 09:55:12
09:55:18,09:55:18,6.3,--,94,59220,买盘,2017-06-28,2017-06-28 09:55:18
09:55:21,09:55:21,6.29,-0.01,3,1887,卖盘,2017-06-28,2017-06-28 09:55:21
09:55:24,09:55:24,6.29,--,142,89318,卖盘,2017-06-28,2017-06-28 09:55:24
09:55:27,09:55:27,6.29,--,4,2516,买盘,2017-06-28,2017-06-28 09:55:27
09:55:33,09:55:33,6.29,--,99,62271,买盘,2017-06-28,2017-06-28 09:55:33
09:55:36,09:55:36,6.29,--,305,191845,买盘,2017-06-28,2017-06-28 09:55:36
09:55:39,09:55:39,6.3,0.01,660,415800,买盘,2017-06-28,2017-06-28 09:55:39
09:55:42,09:55:42,6.3,--,17,10710,卖盘,2017-06-28,2017-06-28 09:55:42
09:55:45,09:55:45,6.3,--,13,8190,卖盘,2017-06-28,2017-06-28 09:55:45
09:55:48,09:55:48,6.3,--,116,73080,卖盘,2017-06-28,2017-06-28 09:55:48
09:55:54,09:55:54,6.3,--,0,0,卖盘,2017-06-28,2017-06-28 09:55:54
09:55:57,09:55:57,6.32,0.02,55,34760,买盘,2017-06-28,2017-06-28 09:55:57
09:56:00,09:56:00,6.32,--,89,56248,买盘,2017-06-28,2017-06-28 09:56:00
09:56:03,09:56:03,6.3,-0.02,110,69300,卖盘,2017-06-28,2017-06-28 09:56:03
09:56:06,09:56:06,6.3,--,0,0,卖盘,2017-06-28,2017-06-28 09:56:06
09:56:09,09:56:09,6.31,0.01,8,5048,卖盘,2017-06-28,2017-06-28 09:56:09
09:56:15,09:56:15,6.32,0.01,35,22120,买盘,2017-06-28,2017-06-28 09:56:15
09:56:18,09:56:18,6.32,--,88,55616,买盘,2017-06-28,2017-06-28 09:56:18
09:56:22,09:56:22,6.32,--,12,7584,买盘,2017-06-28,2017-06-28 09:56:22
09:56:24,09:56:24,6.31,-0.01,226,142606,卖盘,2017-06-28,2017-06-28 09:56:24
09:56:28,09:56:28,6.32,0.01,617,389944,买盘,2017-06-28,2017-06-28 09:56:28
09:56:31,09:56:31,6.32,--,322,203504,买盘,2017-06-28,2017-06-28 09:56:31
09:56:33,09:56:33,6.31,-0.01,340,214540,卖盘,2017-06-28,2017-06-28 09:56:33
09:56:36,09:56:36,6.31,--,183,115473,买盘,2017-06-28,2017-06-28 09:56:36
09:56:39,09:56:39,6.31,--,6,3785,买盘,2017-06-28,2017-06-28 09:56:39
09:56:42,09:56:42,6.31,--,704,444224,买盘,2017-06-28,2017-06-28 09:56:42
09:56:45,09:56:45,6.31,--,131,82661,买盘,2017-06-28,2017-06-28 09:56:45
09:56:48,09:56:48,6.31,--,126,79506,买盘,2017-06-28,2017-06-28 09:56:48
09:56:52,09:56:52,6.31,--,15,9465,买盘,2017-06-28,2017-06-28 09:56:52
09:56:55,09:56:55,6.31,--,182,114842,买盘,2017-06-28,2017-06-28 09:56:55
09:56:58,09:56:58,6.31,--,5,3155,买盘,2017-06-28,2017-06-28 09:56:58
09:57:01,09:57:01,6.31,--,120,75720,买盘,2017-06-28,2017-06-28 09:57:01
09:57:04,09:57:04,6.31,--,178,112318,买盘,2017-06-28,2017-06-28 09:57:04
09:57:07,09:57:07,6.31,--,63,39753,买盘,2017-06-28,2017-06-28 09:57:07
09:57:10,09:57:10,6.31,--,29,18608,买盘,2017-06-28,2017-06-28 09:57:10
09:57:16,09:57:16,6.32,0.01,30,18960,买盘,2017-06-28,2017-06-28 09:57:16
09:57:19,09:57:19,6.31,-0.01,673,424663,卖盘,2017-06-28,2017-06-28 09:57:19
09:57:22,09:57:22,6.31,--,0,0,卖盘,2017-06-28,2017-06-28 09:57:22
09:57:24,09:57:24,6.32,0.01,8,5056,卖盘,2017-06-28,2017-06-28 09:57:24
09:57:27,09:57:27,6.32,--,2,1264,买盘,2017-06-28,2017-06-28 09:57:27
09:57:31,09:57:31,6.32,--,198,125136,卖盘,2017-06-28,2017-06-28 09:57:31
09:57:34,09:57:34,6.32,--,29,18328,买盘,2017-06-28,2017-06-28 09:57:34
09:57:40,09:57:40,6.32,--,12,7584,买盘,2017-06-28,2017-06-28 09:57:40
09:57:43,09:57:43,6.31,-0.01,17,10727,卖盘,2017-06-28,2017-06-28 09:57:43
09:57:46,09:57:46,6.32,0.01,95,60040,买盘,2017-06-28,2017-06-28 09:57:46
09:57:49,09:57:49,6.32,--,328,207296,买盘,2017-06-28,2017-06-28 09:57:49
09:57:58,09:57:58,6.33,0.01,117,74061,买盘,2017-06-28,2017-06-28 09:57:58
09:58:01,09:58:01,6.32,-0.01,113,71416,卖盘,2017-06-28,2017-06-28 09:58:01
09:58:04,09:58:04,6.33,0.01,173,109509,买盘,2017-06-28,2017-06-28 09:58:04
09:58:07,09:58:07,6.32,-0.01,9,5688,卖盘,2017-06-28,2017-06-28 09:58:07
09:58:09,09:58:09,6.32,--,20,12640,卖盘,2017-06-28,2017-06-28 09:58:09
09:58:13,09:58:13,6.32,--,280,176960,买盘,2017-06-28,2017-06-28 09:58:13
09:58:19,09:58:19,6.33,0.01,30,18990,买盘,2017-06-28,2017-06-28 09:58:19
09:58:25,09:58:25,6.32,-0.01,36,22752,卖盘,2017-06-28,2017-06-28 09:58:25
09:58:28,09:58:28,6.31,-0.01,75,47325,卖盘,2017-06-28,2017-06-28 09:58:28
09:58:31,09:58:31,6.33,0.02,212,134196,买盘,2017-06-28,2017-06-28 09:58:31
09:58:34,09:58:34,6.33,--,25,15825,卖盘,2017-06-28,2017-06-28 09:58:34
09:58:37,09:58:37,6.33,--,7,4431,卖盘,2017-06-28,2017-06-28 09:58:37
09:58:40,09:58:40,6.33,--,86,54438,卖盘,2017-06-28,2017-06-28 09:58:40
09:58:43,09:58:43,6.33,--,141,89253,卖盘,2017-06-28,2017-06-28 09:58:43
09:58:46,09:58:46,6.34,0.01,528,334752,买盘,2017-06-28,2017-06-28 09:58:46
09:58:49,09:58:49,6.34,--,59,37406,卖盘,2017-06-28,2017-06-28 09:58:49
09:58:52,09:58:52,6.35,0.01,100,63500,买盘,2017-06-28,2017-06-28 09:58:52
09:58:55,09:58:55,6.35,--,8,5080,买盘,2017-06-28,2017-06-28 09:58:55
09:58:58,09:58:58,6.35,--,115,73025,买盘,2017-06-28,2017-06-28 09:58:58
09:59:01,09:59:01,6.35,--,60,38100,买盘,2017-06-28,2017-06-28 09:59:01
09:59:04,09:59:04,6.35,--,259,164465,买盘,2017-06-28,2017-06-28 09:59:04
09:59:07,09:59:07,6.35,--,199,126365,买盘,2017-06-28,2017-06-28 09:59:07
09:59:10,09:59:10,6.36,0.01,401,255036,买盘,2017-06-28,2017-06-28 09:59:10
09:59:13,09:59:13,6.35,-0.01,10,6350,中性盘,2017-06-28,2017-06-28 09:59:13
09:59:16,09:59:16,6.35,--,65,41275,卖盘,2017-06-28,2017-06-28 09:59:16
09:59:19,09:59:19,6.35,--,166,105410,卖盘,2017-06-28,2017-06-28 09:59:19
09:59:22,09:59:22,6.35,--,25,15875,卖盘,2017-06-28,2017-06-28 09:59:22
09:59:25,09:59:25,6.35,--,355,225425,卖盘,2017-06-28,2017-06-28 09:59:25
09:59:28,09:59:28,6.35,--,30,19050,卖盘,2017-06-28,2017-06-28 09:59:28
09:59:31,09:59:31,6.35,--,194,123190,卖盘,2017-06-28,2017-06-28 09:59:31
09:59:34,09:59:34,6.36,0.01,69,43884,买盘,2017-06-28,2017-06-28 09:59:34
09:59:37,09:59:37,6.32,-0.04,1077,680664,卖盘,2017-06-28,2017-06-28 09:59:37
09:59:40,09:59:40,6.35,0.03,26,16510,买盘,2017-06-28,2017-06-28 09:59:40
09:59:46,09:59:46,6.35,--,35,22225,买盘,2017-06-28,2017-06-28 09:59:46
09:59:49,09:59:49,6.34,-0.01,200,126800,卖盘,2017-06-28,2017-06-28 09:59:49
09:59:52,09:59:52,6.32,-0.02,24,15168,卖盘,2017-06-28,2017-06-28 09:59:52
09:59:55,09:59:55,6.34,0.02,11,6974,买盘,2017-06-28,2017-06-28 09:59:55
09:59:58,09:59:58,6.34,--,188,119192,买盘,2017-06-28,2017-06-28 09:59:58
10:00:01,10:00:01,6.34,--,53,33602,买盘,2017-06-28,2017-06-28 10:00:01
10:00:04,10:00:04,6.34,--,63,39942,买盘,2017-06-28,2017-06-28 10:00:04
10:00:07,10:00:07,6.32,-0.02,2,1264,卖盘,2017-06-28,2017-06-28 10:00:07
10:00:13,10:00:13,6.34,0.02,34,21556,买盘,2017-06-28,2017-06-28 10:00:13
10:00:16,10:00:16,6.34,--,50,31700,买盘,2017-06-28,2017-06-28 10:00:16
10:00:19,10:00:19,6.32,-0.02,70,44240,卖盘,2017-06-28,2017-06-28 10:00:19
10:00:25,10:00:25,6.34,0.02,66,41844,买盘,2017-06-28,2017-06-28 10:00:25
10:00:31,10:00:31,6.32,-0.02,299,189410,卖盘,2017-06-28,2017-06-28 10:00:31
10:00:34,10:00:34,6.32,--,30,18960,卖盘,2017-06-28,2017-06-28 10:00:34
10:00:37,10:00:37,6.34,0.02,15,9700,买盘,2017-06-28,2017-06-28 10:00:37
10:00:40,10:00:40,6.32,-0.02,10,6320,中性盘,2017-06-28,2017-06-28 10:00:40
10:00:43,10:00:43,6.32,--,583,368456,卖盘,2017-06-28,2017-06-28 10:00:43
10:00:46,10:00:46,6.32,--,11,6952,买盘,2017-06-28,2017-06-28 10:00:46
10:00:49,10:00:49,6.31,-0.01,47,29656,卖盘,2017-06-28,2017-06-28 10:00:49
10:00:52,10:00:52,6.31,--,33,20823,卖盘,2017-06-28,2017-06-28 10:00:52
10:00:55,10:00:55,6.32,0.01,7,4424,买盘,2017-06-28,2017-06-28 10:00:55
10:01:01,10:01:01,6.31,-0.01,43,27133,卖盘,2017-06-28,2017-06-28 10:01:01
10:01:13,10:01:13,6.32,0.01,135,85320,买盘,2017-06-28,2017-06-28 10:01:13
10:01:19,10:01:19,6.32,--,6,3792,卖盘,2017-06-28,2017-06-28 10:01:19
10:01:22,10:01:22,6.32,--,1,632,卖盘,2017-06-28,2017-06-28 10:01:22
10:01:25,10:01:25,6.34,0.02,88,55792,买盘,2017-06-28,2017-06-28 10:01:25
10:01:28,10:01:28,6.32,-0.02,1,632,卖盘,2017-06-28,2017-06-28 10:01:28
10:01:31,10:01:31,6.32,--,87,54984,卖盘,2017-06-28,2017-06-28 10:01:31
10:01:37,10:01:37,6.32,--,10,6320,卖盘,2017-06-28,2017-06-28 10:01:37
10:01:40,10:01:40,6.34,0.02,24,15216,买盘,2017-06-28,2017-06-28 10:01:40
10:01:43,10:01:43,6.34,--,36,22824,卖盘,2017-06-28,2017-06-28 10:01:43
10:01:52,10:01:52,6.35,0.01,145,92075,买盘,2017-06-28,2017-06-28 10:01:52
10:01:55,10:01:55,6.34,-0.01,32,20288,卖盘,2017-06-28,2017-06-28 10:01:55
10:01:58,10:01:58,6.34,--,3,1902,卖盘,2017-06-28,2017-06-28 10:01:58
10:02:01,10:02:01,6.34,--,42,26628,卖盘,2017-06-28,2017-06-28 10:02:01
10:02:04,10:02:04,6.34,--,40,25360,卖盘,2017-06-28,2017-06-28 10:02:04
10:02:07,10:02:07,6.34,--,8,5072,卖盘,2017-06-28,2017-06-28 10:02:07
10:02:10,10:02:10,6.35,0.01,50,31750,买盘,2017-06-28,2017-06-28 10:02:10
10:02:13,10:02:13,6.35,--,213,135255,买盘,2017-06-28,2017-06-28 10:02:13
10:02:16,10:02:16,6.34,-0.01,3,1902,卖盘,2017-06-28,2017-06-28 10:02:16
10:02:22,10:02:22,6.34,--,535,339190,卖盘,2017-06-28,2017-06-28 10:02:22
10:02:25,10:02:25,6.35,0.01,4,2540,买盘,2017-06-28,2017-06-28 10:02:25
10:02:28,10:02:28,6.35,--,53,33655,买盘,2017-06-28,2017-06-28 10:02:28
10:02:31,10:02:31,6.34,-0.01,78,49452,卖盘,2017-06-28,2017-06-28 10:02:31
10:02:37,10:02:37,6.34,--,14,8876,买盘,2017-06-28,2017-06-28 10:02:37
10:02:40,10:02:40,6.34,--,2,1268,买盘,2017-06-28,2017-06-28 10:02:40
10:02:43,10:02:43,6.33,-0.01,10,6330,卖盘,2017-06-28,2017-06-28 10:02:43
10:02:55,10:02:55,6.32,-0.01,30,18960,卖盘,2017-06-28,2017-06-28 10:02:55
10:02:58,10:02:58,6.33,0.01,14,8862,买盘,2017-06-28,2017-06-28 10:02:58
10:03:01,10:03:01,6.32,-0.01,348,219936,卖盘,2017-06-28,2017-06-28 10:03:01
10:03:04,10:03:04,6.32,--,5,3160,买盘,2017-06-28,2017-06-28 10:03:04
10:03:07,10:03:07,6.32,--,97,61304,买盘,2017-06-28,2017-06-28 10:03:07
10:03:13,10:03:13,6.32,--,11,6952,买盘,2017-06-28,2017-06-28 10:03:13
10:03:19,10:03:19,6.32,--,9,5688,卖盘,2017-06-28,2017-06-28 10:03:19
10:03:22,10:03:22,6.32,--,46,29072,卖盘,2017-06-28,2017-06-28 10:03:22
10:03:25,10:03:25,6.32,--,10,6320,卖盘,2017-06-28,2017-06-28 10:03:25
10:03:28,10:03:28,6.32,--,6,3792,卖盘,2017-06-28,2017-06-28 10:03:28
10:03:31,10:03:31,6.31,-0.01,84,53004,卖盘,2017-06-28,2017-06-28 10:03:31
10:03:37,10:03:37,6.32,0.01,9,5688,买盘,2017-06-28,2017-06-28 10:03:37
10:03:43,10:03:43,6.32,--,66,41712,买盘,2017-06-28,2017-06-28 10:03:43
10:03:46,10:03:46,6.31,-0.01,27,17037,卖盘,2017-06-28,2017-06-28 10:03:46
10:03:49,10:03:49,6.32,0.01,107,67624,买盘,2017-06-28,2017-06-28 10:03:49
10:03:52,10:03:52,6.32,--,36,22752,买盘,2017-06-28,2017-06-28 10:03:52
10:03:55,10:03:55,6.32,--,30,18960,卖盘,2017-06-28,2017-06-28 10:03:55
10:03:58,10:03:58,6.32,--,14,8848,卖盘,2017-06-28,2017-06-28 10:03:58
10:04:04,10:04:04,6.32,--,54,34128,卖盘,2017-06-28,2017-06-28 10:04:04
10:04:13,10:04:13,6.32,--,10,6320,买盘,2017-06-28,2017-06-28 10:04:13
10:04:16,10:04:16,6.32,--,129,81528,买盘,2017-06-28,2017-06-28 10:04:16
10:04:19,10:04:19,6.32,--,30,18960,买盘,2017-06-28,2017-06-28 10:04:19
10:04:28,10:04:28,6.31,-0.01,3,1892,卖盘,2017-06-28,2017-06-28 10:04:28
10:04:31,10:04:31,6.32,0.01,15,9480,买盘,2017-06-28,2017-06-28 10:04:31
10:04:43,10:04:43,6.31,-0.01,1,631,卖盘,2017-06-28,2017-06-28 10:04:43
10:04:49,10:04:49,6.31,--,33,20823,卖盘,2017-06-28,2017-06-28 10:04:49
10:04:52,10:04:52,6.31,--,8,5048,卖盘,2017-06-28,2017-06-28 10:04:52
10:04:55,10:04:55,6.31,--,34,21454,卖盘,2017-06-28,2017-06-28 10:04:55
10:04:58,10:04:58,6.32,0.01,96,60672,买盘,2017-06-28,2017-06-28 10:04:58
10:05:04,10:05:04,6.31,-0.01,63,39753,卖盘,2017-06-28,2017-06-28 10:05:04
10:05:07,10:05:07,6.31,--,20,12620,卖盘,2017-06-28,2017-06-28 10:05:07
10:05:13,10:05:13,6.31,--,3,1892,卖盘,2017-06-28,2017-06-28 10:05:13
10:05:16,10:05:16,6.31,--,1,631,卖盘,2017-06-28,2017-06-28 10:05:16
10:05:19,10:05:19,6.31,--,28,17668,卖盘,2017-06-28,2017-06-28 10:05:19
10:05:22,10:05:22,6.31,--,20,12620,卖盘,2017-06-28,2017-06-28 10:05:22
10:05:25,10:05:25,6.31,--,125,78875,卖盘,2017-06-28,2017-06-28 10:05:25
10:05:28,10:05:28,6.31,--,25,15774,卖盘,2017-06-28,2017-06-28 10:05:28
10:05:31,10:05:31,6.31,--,42,26502,卖盘,2017-06-28,2017-06-28 10:05:31
10:05:34,10:05:34,6.31,--,61,38491,卖盘,2017-06-28,2017-06-28 10:05:34
10:05:46,10:05:46,6.31,--,10,6310,卖盘,2017-06-28,2017-06-28 10:05:46
10:05:52,10:05:52,6.31,--,1,631,卖盘,2017-06-28,2017-06-28 10:05:52
10:05:55,10:05:55,6.32,0.01,556,351392,买盘,2017-06-28,2017-06-28 10:05:55
10:05:58,10:05:58,6.31,-0.01,156,98436,卖盘,2017-06-28,2017-06-28 10:05:58
10:06:01,10:06:01,6.31,--,68,42908,卖盘,2017-06-28,2017-06-28 10:06:01
10:06:04,10:06:04,6.31,--,49,30918,卖盘,2017-06-28,2017-06-28 10:06:04
10:06:07,10:06:07,6.31,--,7,4417,卖盘,2017-06-28,2017-06-28 10:06:07
10:06:10,10:06:10,6.32,0.01,26,16432,中性盘,2017-06-28,2017-06-28 10:06:10
10:06:13,10:06:13,6.32,--,20,12640,卖盘,2017-06-28,2017-06-28 10:06:13
10:06:19,10:06:19,6.32,--,8,5056,买盘,2017-06-28,2017-06-28 10:06:19
10:06:22,10:06:22,6.32,--,44,27808,买盘,2017-06-28,2017-06-28 10:06:22
10:06:25,10:06:25,6.32,--,13,8216,买盘,2017-06-28,2017-06-28 10:06:25
10:06:28,10:06:28,6.32,--,10,6320,买盘,2017-06-28,2017-06-28 10:06:28
10:06:37,10:06:37,6.32,--,3,1896,买盘,2017-06-28,2017-06-28 10:06:37
10:06:40,10:06:40,6.31,-0.01,17,10727,卖盘,2017-06-28,2017-06-28 10:06:40
10:06:43,10:06:43,6.32,0.01,10,6320,买盘,2017-06-28,2017-06-28 10:06:43
10:06:46,10:06:46,6.32,--,10,6320,买盘,2017-06-28,2017-06-28 10:06:46
10:06:49,10:06:49,6.31,-0.01,10,6310,卖盘,2017-06-28,2017-06-28 10:06:49
10:06:52,10:06:52,6.32,0.01,85,53720,买盘,2017-06-28,2017-06-28 10:06:52
10:06:55,10:06:55,6.31,-0.01,134,84554,卖盘,2017-06-28,2017-06-28 10:06:55
10:06:58,10:06:58,6.31,--,17,10727,卖盘,2017-06-28,2017-06-28 10:06:58
10:07:01,10:07:01,6.31,--,13,8203,卖盘,2017-06-28,2017-06-28 10:07:01
10:07:04,10:07:04,6.31,--,8,5048,卖盘,2017-06-28,2017-06-28 10:07:04
10:07:13,10:07:13,6.31,--,3,1892,卖盘,2017-06-28,2017-06-28 10:07:13
10:07:16,10:07:16,6.32,0.01,2,1264,买盘,2017-06-28,2017-06-28 10:07:16
10:07:28,10:07:28,6.32,--,15,9480,买盘,2017-06-28,2017-06-28 10:07:28
10:07:40,10:07:40,6.32,--,115,72680,买盘,2017-06-28,2017-06-28 10:07:40
10:07:43,10:07:43,6.31,-0.01,95,59944,卖盘,2017-06-28,2017-06-28 10:07:43
10:07:46,10:07:46,6.32,0.01,118,74576,买盘,2017-06-28,2017-06-28 10:07:46
10:08:01,10:08:01,6.31,-0.01,30,18930,卖盘,2017-06-28,2017-06-28 10:08:01
10:08:04,10:08:04,6.31,--,7,4417,卖盘,2017-06-28,2017-06-28 10:08:04
10:08:07,10:08:07,6.32,0.01,50,31600,买盘,2017-06-28,2017-06-28 10:08:07
10:08:10,10:08:10,6.32,--,42,26544,买盘,2017-06-28,2017-06-28 10:08:10
10:08:19,10:08:19,6.32,--,12,7584,买盘,2017-06-28,2017-06-28 10:08:19
10:08:25,10:08:25,6.32,--,2,1264,买盘,2017-06-28,2017-06-28 10:08:25
10:08:37,10:08:37,6.31,-0.01,42,26502,卖盘,2017-06-28,2017-06-28 10:08:37
10:08:49,10:08:49,6.32,0.01,77,48664,买盘,2017-06-28,2017-06-28 10:08:49
10:08:58,10:08:58,6.31,-0.01,100,63099,卖盘,2017-06-28,2017-06-28 10:08:58
10:09:04,10:09:04,6.31,--,37,23347,卖盘,2017-06-28,2017-06-28 10:09:04
10:09:07,10:09:07,6.31,--,29,18299,卖盘,2017-06-28,2017-06-28 10:09:07
10:09:10,10:09:10,6.32,0.01,10,6320,买盘,2017-06-28,2017-06-28 10:09:10
10:09:13,10:09:13,6.31,-0.01,78,49218,卖盘,2017-06-28,2017-06-28 10:09:13
10:09:16,10:09:16,6.31,--,76,47956,卖盘,2017-06-28,2017-06-28 10:09:16
10:09:19,10:09:19,6.31,--,3,2214,卖盘,2017-06-28,2017-06-28 10:09:19
10:09:28,10:09:28,6.3,-0.01,100,63000,卖盘,2017-06-28,2017-06-28 10:09:28
10:09:31,10:09:31,6.31,0.01,10,6310,买盘,2017-06-28,2017-06-28 10:09:31
10:09:34,10:09:34,6.3,-0.01,5,3150,卖盘,2017-06-28,2017-06-28 10:09:34
10:09:46,10:09:46,6.3,--,47,29610,卖盘,2017-06-28,2017-06-28 10:09:46
10:09:52,10:09:52,6.3,--,21,13230,卖盘,2017-06-28,2017-06-28 10:09:52
10:10:01,10:10:01,6.3,--,77,48510,卖盘,2017-06-28,2017-06-28 10:10:01
10:10:04,10:10:04,6.3,--,17,10710,卖盘,2017-06-28,2017-06-28 10:10:04
10:10:07,10:10:07,6.3,--,37,23310,卖盘,2017-06-28,2017-06-28 10:10:07
10:10:13,10:10:13,6.31,0.01,20,12620,买盘,2017-06-28,2017-06-28 10:10:13
10:10:18,10:10:18,6.3,-0.01,82,51660,卖盘,2017-06-28,2017-06-28 10:10:18
10:10:26,10:10:26,6.3,--,50,31500,卖盘,2017-06-28,2017-06-28 10:10:26
10:10:32,10:10:32,6.3,--,129,81270,卖盘,2017-06-28,2017-06-28 10:10:32
10:10:36,10:10:36,6.3,--,22,13860,卖盘,2017-06-28,2017-06-28 10:10:36
10:10:41,10:10:41,6.3,--,260,163800,卖盘,2017-06-28,2017-06-28 10:10:41
10:10:45,10:10:45,6.3,--,41,25830,卖盘,2017-06-28,2017-06-28 10:10:45
10:10:47,10:10:47,6.3,--,2,1260,卖盘,2017-06-28,2017-06-28 10:10:47
10:10:51,10:10:51,6.3,--,21,13230,卖盘,2017-06-28,2017-06-28 10:10:51
10:10:54,10:10:54,6.29,-0.01,1,629,卖盘,2017-06-28,2017-06-28 10:10:54
10:11:03,10:11:03,6.29,--,30,18870,卖盘,2017-06-28,2017-06-28 10:11:03
10:11:06,10:11:06,6.29,--,29,18241,卖盘,2017-06-28,2017-06-28 10:11:06
10:11:09,10:11:09,6.29,--,30,18870,卖盘,2017-06-28,2017-06-28 10:11:09
10:11:12,10:11:12,6.29,--,97,61013,卖盘,2017-06-28,2017-06-28 10:11:12
10:11:15,10:11:15,6.29,--,56,35224,卖盘,2017-06-28,2017-06-28 10:11:15
10:11:18,10:11:18,6.29,--,1,629,卖盘,2017-06-28,2017-06-28 10:11:18
10:11:24,10:11:24,6.29,--,16,10064,卖盘,2017-06-28,2017-06-28 10:11:24
10:11:27,10:11:27,6.29,--,30,18870,卖盘,2017-06-28,2017-06-28 10:11:27
10:11:30,10:11:30,6.29,--,20,12580,卖盘,2017-06-28,2017-06-28 10:11:30
10:11:39,10:11:39,6.29,--,4,2516,卖盘,2017-06-28,2017-06-28 10:11:39
10:11:42,10:11:42,6.29,--,17,10693,卖盘,2017-06-28,2017-06-28 10:11:42
10:11:45,10:11:45,6.29,--,204,128316,卖盘,2017-06-28,2017-06-28 10:11:45
10:11:51,10:11:51,6.29,--,3,1887,卖盘,2017-06-28,2017-06-28 10:11:51
10:11:54,10:11:54,6.29,--,2,1258,卖盘,2017-06-28,2017-06-28 10:11:54
10:12:00,10:12:00,6.29,--,24,15096,卖盘,2017-06-28,2017-06-28 10:12:00
10:12:09,10:12:09,6.29,--,30,18870,卖盘,2017-06-28,2017-06-28 10:12:09
10:12:15,10:12:15,6.29,--,231,145299,卖盘,2017-06-28,2017-06-28 10:12:15
10:12:18,10:12:18,6.29,--,1,629,卖盘,2017-06-28,2017-06-28 10:12:18
10:12:30,10:12:30,6.29,--,14,8806,卖盘,2017-06-28,2017-06-28 10:12:30
10:12:36,10:12:36,6.29,--,387,243423,卖盘,2017-06-28,2017-06-28 10:12:36
10:12:42,10:12:42,6.29,--,50,31450,买盘,2017-06-28,2017-06-28 10:12:42
10:12:45,10:12:45,6.29,--,10,6290,买盘,2017-06-28,2017-06-28 10:12:45
10:12:54,10:12:54,6.28,-0.01,2,1256,卖盘,2017-06-28,2017-06-28 10:12:54
10:13:03,10:13:03,6.29,0.01,73,45917,买盘,2017-06-28,2017-06-28 10:13:03
10:13:09,10:13:09,6.29,--,10,6290,买盘,2017-06-28,2017-06-28 10:13:09
10:13:12,10:13:12,6.28,-0.01,30,18840,卖盘,2017-06-28,2017-06-28 10:13:12
10:13:18,10:13:18,6.28,--,33,20724,卖盘,2017-06-28,2017-06-28 10:13:18
10:13:21,10:13:21,6.29,0.01,41,25789,买盘,2017-06-28,2017-06-28 10:13:21
10:13:24,10:13:24,6.28,-0.01,34,21352,卖盘,2017-06-28,2017-06-28 10:13:24
10:13:27,10:13:27,6.28,--,0,0,卖盘,2017-06-28,2017-06-28 10:13:27
10:13:36,10:13:36,6.28,--,9,5652,卖盘,2017-06-28,2017-06-28 10:13:36
10:13:39,10:13:39,6.29,0.01,2,1258,买盘,2017-06-28,2017-06-28 10:13:39
10:13:42,10:13:42,6.28,-0.01,6,3768,卖盘,2017-06-28,2017-06-28 10:13:42
10:13:51,10:13:51,6.28,--,141,88548,卖盘,2017-06-28,2017-06-28 10:13:51
10:14:00,10:14:00,6.28,--,68,42704,卖盘,2017-06-28,2017-06-28 10:14:00
10:14:09,10:14:09,6.28,--,65,40820,卖盘,2017-06-28,2017-06-28 10:14:09
10:14:12,10:14:12,6.29,0.01,110,69190,买盘,2017-06-28,2017-06-28 10:14:12
10:14:15,10:14:15,6.28,-0.01,30,18840,卖盘,2017-06-28,2017-06-28 10:14:15
10:14:18,10:14:18,6.28,--,2,1256,卖盘,2017-06-28,2017-06-28 10:14:18
10:14:24,10:14:24,6.29,0.01,10,6290,买盘,2017-06-28,2017-06-28 10:14:24
10:14:33,10:14:33,6.29,--,30,18870,卖盘,2017-06-28,2017-06-28 10:14:33
10:14:36,10:14:36,6.28,-0.01,3,1884,卖盘,2017-06-28,2017-06-28 10:14:36
10:14:42,10:14:42,6.29,0.01,33,20757,买盘,2017-06-28,2017-06-28 10:14:42
10:14:48,10:14:48,6.28,-0.01,74,46472,卖盘,2017-06-28,2017-06-28 10:14:48
10:14:51,10:14:51,6.28,--,0,0,卖盘,2017-06-28,2017-06-28 10:14:51
10:14:54,10:14:54,6.28,--,484,303952,卖盘,2017-06-28,2017-06-28 10:14:54
10:14:57,10:14:57,6.28,--,180,113040,买盘,2017-06-28,2017-06-28 10:14:57
10:15:00,10:15:00,6.28,--,20,12560,买盘,2017-06-28,2017-06-28 10:15:00
10:15:03,10:15:03,6.28,--,90,56520,买盘,2017-06-28,2017-06-28 10:15:03
10:15:12,10:15:12,6.28,--,120,75360,买盘,2017-06-28,2017-06-28 10:15:12
10:15:15,10:15:15,6.27,-0.01,37,23199,卖盘,2017-06-28,2017-06-28 10:15:15
10:15:18,10:15:18,6.28,0.01,72,45216,买盘,2017-06-28,2017-06-28 10:15:18
10:15:21,10:15:21,6.28,--,15,9420,买盘,2017-06-28,2017-06-28 10:15:21
10:15:24,10:15:24,6.27,-0.01,5,3135,卖盘,2017-06-28,2017-06-28 10:15:24
10:15:27,10:15:27,6.28,0.01,1,628,买盘,2017-06-28,2017-06-28 10:15:27
10:15:33,10:15:33,6.28,--,277,173956,买盘,2017-06-28,2017-06-28 10:15:33
10:15:36,10:15:36,6.28,--,10,6280,买盘,2017-06-28,2017-06-28 10:15:36
10:15:42,10:15:42,6.28,--,5,3140,买盘,2017-06-28,2017-06-28 10:15:42
10:15:48,10:15:48,6.28,--,13,8164,买盘,2017-06-28,2017-06-28 10:15:48
10:15:51,10:15:51,6.27,-0.01,250,156750,卖盘,2017-06-28,2017-06-28 10:15:51
10:15:54,10:15:54,6.27,--,0,0,卖盘,2017-06-28,2017-06-28 10:15:54
10:16:16,10:16:16,6.28,0.01,30,18840,卖盘,2017-06-28,2017-06-28 10:16:16
10:16:22,10:16:22,6.28,--,10,6280,卖盘,2017-06-28,2017-06-28 10:16:22
10:16:28,10:16:28,6.28,--,58,36424,卖盘,2017-06-28,2017-06-28 10:16:28
10:16:31,10:16:31,6.28,--,1,628,卖盘,2017-06-28,2017-06-28 10:16:31
10:16:34,10:16:34,6.3,0.02,22,13860,买盘,2017-06-28,2017-06-28 10:16:34
10:16:37,10:16:37,6.28,-0.02,1,628,卖盘,2017-06-28,2017-06-28 10:16:37
10:16:52,10:16:52,6.3,0.02,5,3150,买盘,2017-06-28,2017-06-28 10:16:52
10:16:58,10:16:58,6.3,--,179,112770,买盘,2017-06-28,2017-06-28 10:16:58
10:17:01,10:17:01,6.3,--,7,4410,卖盘,2017-06-28,2017-06-28 10:17:01
10:17:07,10:17:07,6.31,0.01,18,11358,买盘,2017-06-28,2017-06-28 10:17:07
10:17:16,10:17:16,6.3,-0.01,30,18900,卖盘,2017-06-28,2017-06-28 10:17:16
10:17:19,10:17:19,6.3,--,7,4410,卖盘,2017-06-28,2017-06-28 10:17:19
10:17:28,10:17:28,6.3,--,0,0,买盘,2017-06-28,2017-06-28 10:17:28
10:17:37,10:17:37,6.3,--,126,79380,卖盘,2017-06-28,2017-06-28 10:17:37
10:17:52,10:17:52,6.3,--,5,3150,买盘,2017-06-28,2017-06-28 10:17:52
10:17:55,10:17:55,6.29,-0.01,112,70448,卖盘,2017-06-28,2017-06-28 10:17:55
10:18:07,10:18:07,6.29,--,15,9435,买盘,2017-06-28,2017-06-28 10:18:07
10:18:10,10:18:10,6.29,--,5,3145,买盘,2017-06-28,2017-06-28 10:18:10
10:18:16,10:18:16,6.28,-0.01,17,10676,卖盘,2017-06-28,2017-06-28 10:18:16
10:18:19,10:18:19,6.28,--,13,8164,卖盘,2017-06-28,2017-06-28 10:18:19
10:18:28,10:18:28,6.28,--,180,113040,卖盘,2017-06-28,2017-06-28 10:18:28
10:18:37,10:18:37,6.28,--,2,1256,买盘,2017-06-28,2017-06-28 10:18:37
10:18:46,10:18:46,6.28,--,1,628,买盘,2017-06-28,2017-06-28 10:18:46
10:19:01,10:19:01,6.27,-0.01,42,26334,卖盘,2017-06-28,2017-06-28 10:19:01
10:19:04,10:19:04,6.28,0.01,29,18212,买盘,2017-06-28,2017-06-28 10:19:04
10:19:07,10:19:07,6.27,-0.01,37,23199,卖盘,2017-06-28,2017-06-28 10:19:07
10:19:10,10:19:10,6.28,0.01,29,18212,买盘,2017-06-28,2017-06-28 10:19:10
10:19:13,10:19:13,6.28,--,57,35796,买盘,2017-06-28,2017-06-28 10:19:13
10:19:16,10:19:16,6.28,--,10,6280,买盘,2017-06-28,2017-06-28 10:19:16
10:19:19,10:19:19,6.27,-0.01,30,18810,卖盘,2017-06-28,2017-06-28 10:19:19
10:19:28,10:19:28,6.27,--,10,6270,卖盘,2017-06-28,2017-06-28 10:19:28
10:19:34,10:19:34,6.27,--,23,14420,卖盘,2017-06-28,2017-06-28 10:19:34
10:19:37,10:19:37,6.27,--,30,18810,卖盘,2017-06-28,2017-06-28 10:19:37
10:19:40,10:19:40,6.28,0.01,7,4396,买盘,2017-06-28,2017-06-28 10:19:40
10:19:43,10:19:43,6.27,-0.01,43,26960,卖盘,2017-06-28,2017-06-28 10:19:43
10:19:52,10:19:52,6.27,--,19,11913,卖盘,2017-06-28,2017-06-28 10:19:52
10:20:04,10:20:04,6.27,--,50,31349,卖盘,2017-06-28,2017-06-28 10:20:04
10:20:13,10:20:13,6.27,--,174,109097,卖盘,2017-06-28,2017-06-28 10:20:13
10:20:19,10:20:19,6.27,--,15,9405,卖盘,2017-06-28,2017-06-28 10:20:19
10:20:22,10:20:22,6.27,--,30,18810,卖盘,2017-06-28,2017-06-28 10:20:22
10:20:25,10:20:25,6.27,--,16,10032,卖盘,2017-06-28,2017-06-28 10:20:25
10:20:31,10:20:31,6.28,0.01,12,7536,买盘,2017-06-28,2017-06-28 10:20:31
10:20:34,10:20:34,6.27,-0.01,90,56429,卖盘,2017-06-28,2017-06-28 10:20:34
10:20:55,10:20:55,6.27,--,20,12540,卖盘,2017-06-28,2017-06-28 10:20:55
10:21:04,10:21:04,6.28,0.01,149,93572,买盘,2017-06-28,2017-06-28 10:21:04
10:21:07,10:21:07,6.28,--,5,3140,买盘,2017-06-28,2017-06-28 10:21:07
10:21:22,10:21:22,6.27,-0.01,24,15047,卖盘,2017-06-28,2017-06-28 10:21:22
10:21:25,10:21:25,6.27,--,13,8150,卖盘,2017-06-28,2017-06-28 10:21:25
10:21:31,10:21:31,6.28,0.01,10,6280,买盘,2017-06-28,2017-06-28 10:21:31
10:21:40,10:21:40,6.28,--,1,628,买盘,2017-06-28,2017-06-28 10:21:40
10:21:43,10:21:43,6.28,--,8,5024,买盘,2017-06-28,2017-06-28 10:21:43
10:21:46,10:21:46,6.27,-0.01,15,9405,卖盘,2017-06-28,2017-06-28 10:21:46
10:21:52,10:21:52,6.28,0.01,55,34540,买盘,2017-06-28,2017-06-28 10:21:52
10:22:07,10:22:07,6.27,-0.01,5,3135,卖盘,2017-06-28,2017-06-28 10:22:07
10:22:10,10:22:10,6.28,0.01,415,260620,买盘,2017-06-28,2017-06-28 10:22:10
10:22:16,10:22:16,6.28,--,61,38308,卖盘,2017-06-28,2017-06-28 10:22:16
10:22:25,10:22:25,6.28,--,17,10676,卖盘,2017-06-28,2017-06-28 10:22:25
10:22:31,10:22:31,6.28,--,2,1256,卖盘,2017-06-28,2017-06-28 10:22:31
10:22:34,10:22:34,6.28,--,10,6280,卖盘,2017-06-28,2017-06-28 10:22:34
10:22:40,10:22:40,6.29,0.01,103,64787,买盘,2017-06-28,2017-06-28 10:22:40
10:22:52,10:22:52,6.28,-0.01,50,31400,卖盘,2017-06-28,2017-06-28 10:22:52
10:22:58,10:22:58,6.28,--,33,20724,卖盘,2017-06-28,2017-06-28 10:22:58
10:23:04,10:23:04,6.28,--,1,628,卖盘,2017-06-28,2017-06-28 10:23:04
10:23:31,10:23:31,6.26,-0.02,500,313000,卖盘,2017-06-28,2017-06-28 10:23:31
10:23:40,10:23:40,6.27,0.01,7,4389,买盘,2017-06-28,2017-06-28 10:23:40
10:23:52,10:23:52,6.26,-0.01,2,1252,卖盘,2017-06-28,2017-06-28 10:23:52
10:23:55,10:23:55,6.26,--,20,12520,卖盘,2017-06-28,2017-06-28 10:23:55
10:24:01,10:24:01,6.26,--,39,24414,卖盘,2017-06-28,2017-06-28 10:24:01
10:24:04,10:24:04,6.26,--,0,0,卖盘,2017-06-28,2017-06-28 10:24:04
10:24:07,10:24:07,6.27,0.01,19,11913,买盘,2017-06-28,2017-06-28 10:24:07
10:24:16,10:24:16,6.27,--,9,5643,卖盘,2017-06-28,2017-06-28 10:24:16
10:24:22,10:24:22,6.27,--,52,32603,卖盘,2017-06-28,2017-06-28 10:24:22
10:24:46,10:24:46,6.27,--,70,43890,买盘,2017-06-28,2017-06-28 10:24:46
10:25:01,10:25:01,6.27,--,10,6270,买盘,2017-06-28,2017-06-28 10:25:01
10:25:04,10:25:04,6.26,-0.01,8,5008,卖盘,2017-06-28,2017-06-28 10:25:04
10:25:07,10:25:07,6.27,0.01,154,96558,买盘,2017-06-28,2017-06-28 10:25:07
10:25:13,10:25:13,6.26,-0.01,20,12520,卖盘,2017-06-28,2017-06-28 10:25:13
10:25:25,10:25:25,6.26,--,29,18154,卖盘,2017-06-28,2017-06-28 10:25:25
10:25:43,10:25:43,6.27,0.01,10,6270,买盘,2017-06-28,2017-06-28 10:25:43
10:25:46,10:25:46,6.26,-0.01,30,18780,卖盘,2017-06-28,2017-06-28 10:25:46
10:25:49,10:25:49,6.27,0.01,45,28214,买盘,2017-06-28,2017-06-28 10:25:49
10:25:55,10:25:55,6.27,--,86,53921,卖盘,2017-06-28,2017-06-28 10:25:55
10:25:58,10:25:58,6.26,-0.01,50,31300,卖盘,2017-06-28,2017-06-28 10:25:58
10:26:07,10:26:07,6.27,0.01,20,12540,中性盘,2017-06-28,2017-06-28 10:26:07
10:26:13,10:26:13,6.27,--,16,10032,买盘,2017-06-28,2017-06-28 10:26:13
10:26:19,10:26:19,6.27,--,3,1880,买盘,2017-06-28,2017-06-28 10:26:19
10:26:25,10:26:25,6.27,--,135,84645,买盘,2017-06-28,2017-06-28 10:26:25
10:26:34,10:26:34,6.27,--,14,8778,卖盘,2017-06-28,2017-06-28 10:26:34
10:26:43,10:26:43,6.28,0.01,60,37680,买盘,2017-06-28,2017-06-28 10:26:43
10:26:49,10:26:49,6.27,-0.01,6,3761,卖盘,2017-06-28,2017-06-28 10:26:49
10:26:52,10:26:52,6.27,--,6,3761,卖盘,2017-06-28,2017-06-28 10:26:52
10:26:55,10:26:55,6.28,0.01,85,53380,买盘,2017-06-28,2017-06-28 10:26:55
10:26:58,10:26:58,6.28,--,1,628,卖盘,2017-06-28,2017-06-28 10:26:58
10:27:01,10:27:01,6.28,--,10,6280,卖盘,2017-06-28,2017-06-28 10:27:01
10:27:16,10:27:16,6.29,0.01,50,31450,买盘,2017-06-28,2017-06-28 10:27:16
10:27:22,10:27:22,6.28,-0.01,10,6280,卖盘,2017-06-28,2017-06-28 10:27:22
10:27:28,10:27:28,6.28,--,95,59660,卖盘,2017-06-28,2017-06-28 10:27:28
10:27:46,10:27:46,6.27,-0.01,22,13793,卖盘,2017-06-28,2017-06-28 10:27:46
10:27:55,10:27:55,6.28,0.01,6,3768,买盘,2017-06-28,2017-06-28 10:27:55
10:28:01,10:28:01,6.28,--,45,28260,卖盘,2017-06-28,2017-06-28 10:28:01
10:28:04,10:28:04,6.28,--,13,8164,卖盘,2017-06-28,2017-06-28 10:28:04
10:28:13,10:28:13,6.28,--,10,6280,卖盘,2017-06-28,2017-06-28 10:28:13
10:28:16,10:28:16,6.28,--,24,15072,卖盘,2017-06-28,2017-06-28 10:28:16
10:28:25,10:28:25,6.29,0.01,55,34595,买盘,2017-06-28,2017-06-28 10:28:25
10:28:28,10:28:28,6.28,-0.01,19,11932,卖盘,2017-06-28,2017-06-28 10:28:28
10:28:34,10:28:34,6.29,0.01,6,3774,买盘,2017-06-28,2017-06-28 10:28:34
10:28:40,10:28:40,6.29,--,14,8806,买盘,2017-06-28,2017-06-28 10:28:40
10:29:01,10:29:01,6.29,--,20,12580,买盘,2017-06-28,2017-06-28 10:29:01
10:29:07,10:29:07,6.28,-0.01,34,21352,卖盘,2017-06-28,2017-06-28 10:29:07
10:29:13,10:29:13,6.28,--,17,10676,卖盘,2017-06-28,2017-06-28 10:29:13
10:29:31,10:29:31,6.29,0.01,5,3145,买盘,2017-06-28,2017-06-28 10:29:31
10:29:49,10:29:49,6.28,-0.01,20,12560,卖盘,2017-06-28,2017-06-28 10:29:49
10:29:55,10:29:55,6.28,--,145,91060,卖盘,2017-06-28,2017-06-28 10:29:55
10:30:05,10:30:05,6.27,-0.01,3,1880,卖盘,2017-06-28,2017-06-28 10:30:05
10:30:12,10:30:12,6.27,--,121,75867,卖盘,2017-06-28,2017-06-28 10:30:12
10:30:14,10:30:14,6.27,--,13,8150,卖盘,2017-06-28,2017-06-28 10:30:14
10:30:45,10:30:45,6.28,0.01,5,3140,买盘,2017-06-28,2017-06-28 10:30:45
10:30:54,10:30:54,6.27,-0.01,3,1880,卖盘,2017-06-28,2017-06-28 10:30:54
10:30:57,10:30:57,6.27,--,40,25080,卖盘,2017-06-28,2017-06-28 10:30:57
10:31:03,10:31:03,6.27,--,100,62699,卖盘,2017-06-28,2017-06-28 10:31:03
10:31:24,10:31:24,6.28,0.01,4,2512,买盘,2017-06-28,2017-06-28 10:31:24
10:31:27,10:31:27,6.28,--,71,44588,买盘,2017-06-28,2017-06-28 10:31:27
10:31:54,10:31:54,6.29,0.01,150,94350,买盘,2017-06-28,2017-06-28 10:31:54
10:32:09,10:32:09,6.29,--,10,6290,买盘,2017-06-28,2017-06-28 10:32:09
10:32:24,10:32:24,6.29,--,6,3774,买盘,2017-06-28,2017-06-28 10:32:24
10:32:27,10:32:27,6.29,--,45,28305,买盘,2017-06-28,2017-06-28 10:32:27
10:32:33,10:32:33,6.28,-0.01,42,26376,卖盘,2017-06-28,2017-06-28 10:32:33
10:32:42,10:32:42,6.28,--,5,3140,卖盘,2017-06-28,2017-06-28 10:32:42
10:32:45,10:32:45,6.28,--,20,12560,卖盘,2017-06-28,2017-06-28 10:32:45
10:32:54,10:32:54,6.28,--,7,4396,卖盘,2017-06-28,2017-06-28 10:32:54
10:33:27,10:33:27,6.28,--,178,111784,卖盘,2017-06-28,2017-06-28 10:33:27
10:33:30,10:33:30,6.28,--,38,23864,卖盘,2017-06-28,2017-06-28 10:33:30
10:33:33,10:33:33,6.29,0.01,10,6290,买盘,2017-06-28,2017-06-28 10:33:33
10:33:39,10:33:39,6.29,--,2,1258,买盘,2017-06-28,2017-06-28 10:33:39
10:33:45,10:33:45,6.29,--,166,104414,买盘,2017-06-28,2017-06-28 10:33:45
10:34:00,10:34:00,6.3,0.01,8,5040,买盘,2017-06-28,2017-06-28 10:34:00
10:34:03,10:34:03,6.3,--,30,18900,买盘,2017-06-28,2017-06-28 10:34:03
10:34:09,10:34:09,6.3,--,2,1260,买盘,2017-06-28,2017-06-28 10:34:09
10:34:12,10:34:12,6.3,--,20,12600,买盘,2017-06-28,2017-06-28 10:34:12
10:34:27,10:34:27,6.3,--,65,40950,买盘,2017-06-28,2017-06-28 10:34:27
10:34:33,10:34:33,6.29,-0.01,8,5032,卖盘,2017-06-28,2017-06-28 10:34:33
10:34:39,10:34:39,6.29,--,10,6290,卖盘,2017-06-28,2017-06-28 10:34:39
10:34:42,10:34:42,6.3,0.01,3,1890,买盘,2017-06-28,2017-06-28 10:34:42
10:34:51,10:34:51,6.3,--,73,45990,买盘,2017-06-28,2017-06-28 10:34:51
10:34:57,10:34:57,6.29,-0.01,88,55352,卖盘,2017-06-28,2017-06-28 10:34:57
10:35:09,10:35:09,6.29,--,50,31450,卖盘,2017-06-28,2017-06-28 10:35:09
10:35:18,10:35:18,6.29,--,10,6290,卖盘,2017-06-28,2017-06-28 10:35:18
10:35:21,10:35:21,6.29,--,8,5032,卖盘,2017-06-28,2017-06-28 10:35:21
10:35:36,10:35:36,6.3,0.01,14,8820,买盘,2017-06-28,2017-06-28 10:35:36
10:36:25,10:36:25,6.3,--,5,3150,买盘,2017-06-28,2017-06-28 10:36:25
10:36:37,10:36:37,6.3,--,30,18900,买盘,2017-06-28,2017-06-28 10:36:37
10:36:40,10:36:40,6.3,--,50,31500,买盘,2017-06-28,2017-06-28 10:36:40
10:36:42,10:36:42,6.3,--,5,3150,买盘,2017-06-28,2017-06-28 10:36:42
10:36:52,10:36:52,6.3,--,10,6300,买盘,2017-06-28,2017-06-28 10:36:52
10:36:58,10:36:58,6.29,-0.01,1,629,卖盘,2017-06-28,2017-06-28 10:36:58
10:37:01,10:37:01,6.29,--,44,27676,卖盘,2017-06-28,2017-06-28 10:37:01
10:37:04,10:37:04,6.29,--,5,3145,卖盘,2017-06-28,2017-06-28 10:37:04
10:37:19,10:37:19,6.29,--,10,6290,卖盘,2017-06-28,2017-06-28 10:37:19
10:37:43,10:37:43,6.3,0.01,5,3150,买盘,2017-06-28,2017-06-28 10:37:43
10:37:52,10:37:52,6.29,-0.01,46,28934,卖盘,2017-06-28,2017-06-28 10:37:52
10:38:04,10:38:04,6.29,--,100,62900,卖盘,2017-06-28,2017-06-28 10:38:04
10:38:10,10:38:10,6.29,--,58,36482,卖盘,2017-06-28,2017-06-28 10:38:10
10:38:16,10:38:16,6.29,--,12,7548,卖盘,2017-06-28,2017-06-28 10:38:16
10:38:22,10:38:22,6.29,--,7,4403,卖盘,2017-06-28,2017-06-28 10:38:22
10:38:31,10:38:31,6.29,--,6,3774,卖盘,2017-06-28,2017-06-28 10:38:31
10:38:46,10:38:46,6.29,--,100,62900,卖盘,2017-06-28,2017-06-28 10:38:46
10:38:52,10:38:52,6.29,--,2,1258,卖盘,2017-06-28,2017-06-28 10:38:52
10:38:55,10:38:55,6.29,--,88,55352,卖盘,2017-06-28,2017-06-28 10:38:55
10:39:13,10:39:13,6.29,--,1,629,买盘,2017-06-28,2017-06-28 10:39:13
10:39:19,10:39:19,6.29,--,14,8806,买盘,2017-06-28,2017-06-28 10:39:19
10:39:37,10:39:37,6.3,0.01,12,7560,买盘,2017-06-28,2017-06-28 10:39:37
10:40:10,10:40:10,6.29,-0.01,72,45288,卖盘,2017-06-28,2017-06-28 10:40:10
10:40:16,10:40:16,6.3,0.01,62,39060,买盘,2017-06-28,2017-06-28 10:40:16
10:40:28,10:40:28,6.3,--,0,0,买盘,2017-06-28,2017-06-28 10:40:28
10:40:46,10:40:46,6.29,-0.01,10,6290,卖盘,2017-06-28,2017-06-28 10:40:46
10:40:49,10:40:49,6.3,0.01,48,30240,买盘,2017-06-28,2017-06-28 10:40:49
10:41:01,10:41:01,6.3,--,18,11340,买盘,2017-06-28,2017-06-28 10:41:01
10:41:04,10:41:04,6.3,--,5,3150,买盘,2017-06-28,2017-06-28 10:41:04
10:41:16,10:41:16,6.29,-0.01,10,6290,卖盘,2017-06-28,2017-06-28 10:41:16
10:41:19,10:41:19,6.29,--,0,0,中性盘,2017-06-28,2017-06-28 10:41:19
10:41:25,10:41:25,6.29,--,12,7548,卖盘,2017-06-28,2017-06-28 10:41:25
10:41:31,10:41:31,6.28,-0.01,42,26376,卖盘,2017-06-28,2017-06-28 10:41:31
10:41:40,10:41:40,6.28,--,1,628,卖盘,2017-06-28,2017-06-28 10:41:40
10:41:43,10:41:43,6.29,0.01,44,27676,买盘,2017-06-28,2017-06-28 10:41:43
10:41:49,10:41:49,6.29,--,3,1887,买盘,2017-06-28,2017-06-28 10:41:49
10:41:52,10:41:52,6.28,-0.01,1,628,卖盘,2017-06-28,2017-06-28 10:41:52
10:41:58,10:41:58,6.28,--,88,55264,卖盘,2017-06-28,2017-06-28 10:41:58
10:42:04,10:42:04,6.28,--,5,3140,卖盘,2017-06-28,2017-06-28 10:42:04
10:42:10,10:42:10,6.28,--,8,5024,卖盘,2017-06-28,2017-06-28 10:42:10
10:42:16,10:42:16,6.28,--,102,64056,卖盘,2017-06-28,2017-06-28 10:42:16
10:42:52,10:42:52,6.28,--,2,1256,卖盘,2017-06-28,2017-06-28 10:42:52
10:43:37,10:43:37,6.28,--,168,105504,卖盘,2017-06-28,2017-06-28 10:43:37
10:43:40,10:43:40,6.28,--,2,1256,卖盘,2017-06-28,2017-06-28 10:43:40
10:43:46,10:43:46,6.28,--,228,143184,卖盘,2017-06-28,2017-06-28 10:43:46
10:43:52,10:43:52,6.27,-0.01,1,627,卖盘,2017-06-28,2017-06-28 10:43:52
10:43:58,10:43:58,6.27,--,135,84645,卖盘,2017-06-28,2017-06-28 10:43:58
10:44:04,10:44:04,6.29,0.02,163,102527,买盘,2017-06-28,2017-06-28 10:44:04
10:44:10,10:44:10,6.29,--,15,9435,卖盘,2017-06-28,2017-06-28 10:44:10
10:44:25,10:44:25,6.3,0.01,40,25200,买盘,2017-06-28,2017-06-28 10:44:25
10:44:37,10:44:37,6.3,--,10,6300,买盘,2017-06-28,2017-06-28 10:44:37
10:44:49,10:44:49,6.3,--,1,630,买盘,2017-06-28,2017-06-28 10:44:49
10:44:58,10:44:58,6.29,-0.01,16,10064,卖盘,2017-06-28,2017-06-28 10:44:58
10:45:10,10:45:10,6.3,0.01,14,8820,买盘,2017-06-28,2017-06-28 10:45:10
10:45:34,10:45:34,6.29,-0.01,12,7548,卖盘,2017-06-28,2017-06-28 10:45:34
10:45:46,10:45:46,6.3,0.01,4,2520,买盘,2017-06-28,2017-06-28 10:45:46
10:45:52,10:45:52,6.29,-0.01,50,31450,卖盘,2017-06-28,2017-06-28 10:45:52
10:46:01,10:46:01,6.29,--,42,26418,卖盘,2017-06-28,2017-06-28 10:46:01
10:46:04,10:46:04,6.3,0.01,110,69300,买盘,2017-06-28,2017-06-28 10:46:04
10:46:22,10:46:22,6.3,--,51,32130,买盘,2017-06-28,2017-06-28 10:46:22
10:46:25,10:46:25,6.29,-0.01,12,7548,卖盘,2017-06-28,2017-06-28 10:46:25
10:46:37,10:46:37,6.28,-0.01,10,6280,卖盘,2017-06-28,2017-06-28 10:46:37
10:46:52,10:46:52,6.29,0.01,27,16983,买盘,2017-06-28,2017-06-28 10:46:52
10:47:07,10:47:07,6.29,--,5,3145,卖盘,2017-06-28,2017-06-28 10:47:07
10:47:25,10:47:25,6.29,--,4,2516,买盘,2017-06-28,2017-06-28 10:47:25
10:47:31,10:47:31,6.29,--,6,3774,卖盘,2017-06-28,2017-06-28 10:47:31
10:47:34,10:47:34,6.28,-0.01,254,159512,卖盘,2017-06-28,2017-06-28 10:47:34
10:47:37,10:47:37,6.28,--,10,6280,买盘,2017-06-28,2017-06-28 10:47:37
10:47:49,10:47:49,6.28,--,10,6280,买盘,2017-06-28,2017-06-28 10:47:49
10:47:58,10:47:58,6.27,-0.01,289,181203,卖盘,2017-06-28,2017-06-28 10:47:58
10:48:07,10:48:07,6.27,--,62,38874,卖盘,2017-06-28,2017-06-28 10:48:07
10:48:16,10:48:16,6.28,0.01,100,62800,买盘,2017-06-28,2017-06-28 10:48:16
10:48:37,10:48:37,6.28,--,5,3140,买盘,2017-06-28,2017-06-28 10:48:37
10:48:40,10:48:40,6.27,-0.01,18,11286,卖盘,2017-06-28,2017-06-28 10:48:40
10:49:01,10:49:01,6.27,--,10,6270,卖盘,2017-06-28,2017-06-28 10:49:01
10:49:07,10:49:07,6.27,--,7,4389,卖盘,2017-06-28,2017-06-28 10:49:07
10:49:10,10:49:10,6.27,--,400,250799,卖盘,2017-06-28,2017-06-28 10:49:10
10:49:16,10:49:16,6.28,0.01,5,3140,买盘,2017-06-28,2017-06-28 10:49:16
10:49:19,10:49:19,6.27,-0.01,1,627,卖盘,2017-06-28,2017-06-28 10:49:19
10:49:22,10:49:22,6.27,--,19,11913,卖盘,2017-06-28,2017-06-28 10:49:22
10:49:25,10:49:25,6.27,--,53,33231,卖盘,2017-06-28,2017-06-28 10:49:25
10:49:28,10:49:28,6.27,--,115,72105,卖盘,2017-06-28,2017-06-28 10:49:28
10:49:40,10:49:40,6.26,-0.01,20,12520,卖盘,2017-06-28,2017-06-28 10:49:40
10:49:58,10:49:58,6.26,--,30,18780,卖盘,2017-06-28,2017-06-28 10:49:58
10:50:22,10:50:22,6.26,--,1291,808166,卖盘,2017-06-28,2017-06-28 10:50:22
10:50:31,10:50:31,6.25,-0.01,42,26250,卖盘,2017-06-28,2017-06-28 10:50:31
10:50:34,10:50:34,6.25,--,7,4375,卖盘,2017-06-28,2017-06-28 10:50:34
10:50:37,10:50:37,6.26,0.01,8,5008,买盘,2017-06-28,2017-06-28 10:50:37
10:50:40,10:50:40,6.25,-0.01,20,12500,卖盘,2017-06-28,2017-06-28 10:50:40
10:50:51,10:50:51,6.26,0.01,23,14398,买盘,2017-06-28,2017-06-28 10:50:51
10:50:54,10:50:54,6.25,-0.01,1,625,卖盘,2017-06-28,2017-06-28 10:50:54
10:50:57,10:50:57,6.25,--,15,9375,卖盘,2017-06-28,2017-06-28 10:50:57
10:51:00,10:51:00,6.25,--,2,1250,卖盘,2017-06-28,2017-06-28 10:51:00
10:51:09,10:51:09,6.25,--,155,96875,卖盘,2017-06-28,2017-06-28 10:51:09
10:51:15,10:51:15,6.25,--,100,62500,卖盘,2017-06-28,2017-06-28 10:51:15
10:51:21,10:51:21,6.26,0.01,34,21284,买盘,2017-06-28,2017-06-28 10:51:21
10:51:23,10:51:23,6.26,--,8,5008,卖盘,2017-06-28,2017-06-28 10:51:23
10:51:33,10:51:33,6.26,--,3,1878,卖盘,2017-06-28,2017-06-28 10:51:33
10:51:39,10:51:39,6.26,--,2,1252,卖盘,2017-06-28,2017-06-28 10:51:39
10:51:42,10:51:42,6.27,0.01,12,7523,买盘,2017-06-28,2017-06-28 10:51:42
10:52:00,10:52:00,6.27,--,20,12540,卖盘,2017-06-28,2017-06-28 10:52:00
10:52:12,10:52:12,6.27,--,10,6270,卖盘,2017-06-28,2017-06-28 10:52:12
10:52:15,10:52:15,6.27,--,39,24453,卖盘,2017-06-28,2017-06-28 10:52:15
10:52:33,10:52:33,6.28,0.01,92,57776,买盘,2017-06-28,2017-06-28 10:52:33
10:53:06,10:53:06,6.28,--,62,38936,买盘,2017-06-28,2017-06-28 10:53:06
10:53:18,10:53:18,6.28,--,6,3768,买盘,2017-06-28,2017-06-28 10:53:18
10:53:33,10:53:33,6.28,--,20,12560,卖盘,2017-06-28,2017-06-28 10:53:33
10:54:15,10:54:15,6.28,--,7,4396,卖盘,2017-06-28,2017-06-28 10:54:15
10:54:42,10:54:42,6.28,--,2,1256,卖盘,2017-06-28,2017-06-28 10:54:42
10:54:45,10:54:45,6.28,--,2,1256,卖盘,2017-06-28,2017-06-28 10:54:45
10:54:48,10:54:48,6.29,0.01,5,3145,买盘,2017-06-28,2017-06-28 10:54:48
10:54:54,10:54:54,6.29,--,1,629,买盘,2017-06-28,2017-06-28 10:54:54
10:55:03,10:55:03,6.28,-0.01,43,27004,卖盘,2017-06-28,2017-06-28 10:55:03
10:55:06,10:55:06,6.29,0.01,136,85544,买盘,2017-06-28,2017-06-28 10:55:06
10:55:12,10:55:12,6.28,-0.01,333,209124,卖盘,2017-06-28,2017-06-28 10:55:12
10:55:27,10:55:27,6.28,--,9,5652,买盘,2017-06-28,2017-06-28 10:55:27
10:55:54,10:55:54,6.27,-0.01,10,6270,卖盘,2017-06-28,2017-06-28 10:55:54
10:56:03,10:56:03,6.27,--,102,63953,卖盘,2017-06-28,2017-06-28 10:56:03
10:56:09,10:56:09,6.27,--,9,5643,卖盘,2017-06-28,2017-06-28 10:56:09
10:56:15,10:56:15,6.28,0.01,20,12560,买盘,2017-06-28,2017-06-28 10:56:15
10:56:30,10:56:30,6.28,--,20,12560,买盘,2017-06-28,2017-06-28 10:56:30
10:56:39,10:56:39,6.28,--,10,6280,买盘,2017-06-28,2017-06-28 10:56:39
10:56:52,10:56:52,6.28,--,27,16956,买盘,2017-06-28,2017-06-28 10:56:52
10:57:00,10:57:00,6.27,-0.01,1,627,卖盘,2017-06-28,2017-06-28 10:57:00
10:57:13,10:57:13,6.28,0.01,10,6280,买盘,2017-06-28,2017-06-28 10:57:13
10:57:22,10:57:22,6.28,--,2,1256,买盘,2017-06-28,2017-06-28 10:57:22
10:57:28,10:57:28,6.27,-0.01,50,31349,卖盘,2017-06-28,2017-06-28 10:57:28
10:57:31,10:57:31,6.28,0.01,13,8164,买盘,2017-06-28,2017-06-28 10:57:31
10:57:40,10:57:40,6.27,-0.01,14,8778,卖盘,2017-06-28,2017-06-28 10:57:40
10:57:46,10:57:46,6.27,--,0,0,卖盘,2017-06-28,2017-06-28 10:57:46
10:57:49,10:57:49,6.28,0.01,17,10676,买盘,2017-06-28,2017-06-28 10:57:49
10:58:10,10:58:10,6.28,--,2,1256,卖盘,2017-06-28,2017-06-28 10:58:10
10:58:31,10:58:31,6.28,--,79,49612,买盘,2017-06-28,2017-06-28 10:58:31
10:58:43,10:58:43,6.28,--,59,37052,买盘,2017-06-28,2017-06-28 10:58:43
10:58:58,10:58:58,6.28,--,10,6280,卖盘,2017-06-28,2017-06-28 10:58:58
10:59:13,10:59:13,6.28,--,100,62800,卖盘,2017-06-28,2017-06-28 10:59:13
10:59:31,10:59:31,6.28,--,42,26376,卖盘,2017-06-28,2017-06-28 10:59:31
10:59:34,10:59:34,6.29,0.01,30,18870,买盘,2017-06-28,2017-06-28 10:59:34
10:59:40,10:59:40,6.28,-0.01,116,72848,卖盘,2017-06-28,2017-06-28 10:59:40
10:59:52,10:59:52,6.29,0.01,20,12580,买盘,2017-06-28,2017-06-28 10:59:52
10:59:58,10:59:58,6.28,-0.01,1,628,卖盘,2017-06-28,2017-06-28 10:59:58
11:00:16,11:00:16,6.29,0.01,30,18870,买盘,2017-06-28,2017-06-28 11:00:16
11:00:25,11:00:25,6.29,--,401,252229,买盘,2017-06-28,2017-06-28 11:00:25
11:00:40,11:00:40,6.29,--,5,3145,买盘,2017-06-28,2017-06-28 11:00:40
11:00:52,11:00:52,6.28,-0.01,73,45844,卖盘,2017-06-28,2017-06-28 11:00:52
11:01:04,11:01:04,6.29,0.01,11,6919,买盘,2017-06-28,2017-06-28 11:01:04
11:01:07,11:01:07,6.29,--,507,318903,买盘,2017-06-28,2017-06-28 11:01:07
11:01:37,11:01:37,6.29,--,23,14467,卖盘,2017-06-28,2017-06-28 11:01:37
11:01:40,11:01:40,6.3,0.01,16,10080,买盘,2017-06-28,2017-06-28 11:01:40
11:01:49,11:01:49,6.3,--,93,58590,买盘,2017-06-28,2017-06-28 11:01:49
11:02:13,11:02:13,6.3,--,2,1260,买盘,2017-06-28,2017-06-28 11:02:13
11:02:31,11:02:31,6.29,-0.01,7,4403,卖盘,2017-06-28,2017-06-28 11:02:31
11:02:34,11:02:34,6.3,0.01,120,75600,买盘,2017-06-28,2017-06-28 11:02:34
11:03:31,11:03:31,6.29,-0.01,10,6290,卖盘,2017-06-28,2017-06-28 11:03:31
11:03:52,11:03:52,6.29,--,2,1258,卖盘,2017-06-28,2017-06-28 11:03:52
11:03:55,11:03:55,6.3,0.01,30,18900,买盘,2017-06-28,2017-06-28 11:03:55
11:04:01,11:04:01,6.29,-0.01,42,26418,卖盘,2017-06-28,2017-06-28 11:04:01
11:04:40,11:04:40,6.29,--,351,220779,卖盘,2017-06-28,2017-06-28 11:04:40
11:05:49,11:05:49,6.29,--,20,12580,买盘,2017-06-28,2017-06-28 11:05:49
11:05:52,11:05:52,6.28,-0.01,17,10676,卖盘,2017-06-28,2017-06-28 11:05:52
11:06:04,11:06:04,6.28,--,18,11304,卖盘,2017-06-28,2017-06-28 11:06:04
11:06:34,11:06:34,6.28,--,1,628,卖盘,2017-06-28,2017-06-28 11:06:34
11:06:43,11:06:43,6.28,--,20,12560,卖盘,2017-06-28,2017-06-28 11:06:43
11:06:49,11:06:49,6.29,0.01,30,18870,买盘,2017-06-28,2017-06-28 11:06:49
11:06:52,11:06:52,6.28,-0.01,2,1256,卖盘,2017-06-28,2017-06-28 11:06:52
11:06:55,11:06:55,6.28,--,3,1884,卖盘,2017-06-28,2017-06-28 11:06:55
11:07:10,11:07:10,6.29,0.01,5,3145,买盘,2017-06-28,2017-06-28 11:07:10
11:07:13,11:07:13,6.28,-0.01,30,18840,卖盘,2017-06-28,2017-06-28 11:07:13
11:07:31,11:07:31,6.28,--,72,45216,卖盘,2017-06-28,2017-06-28 11:07:31
11:07:40,11:07:40,6.28,--,23,14444,卖盘,2017-06-28,2017-06-28 11:07:40
11:07:43,11:07:43,6.28,--,10,6280,卖盘,2017-06-28,2017-06-28 11:07:43
11:07:52,11:07:52,6.28,--,1,628,卖盘,2017-06-28,2017-06-28 11:07:52
11:08:25,11:08:25,6.28,--,75,47100,卖盘,2017-06-28,2017-06-28 11:08:25
11:08:31,11:08:31,6.28,--,42,26376,卖盘,2017-06-28,2017-06-28 11:08:31
11:08:49,11:08:49,6.28,--,6,3768,卖盘,2017-06-28,2017-06-28 11:08:49
11:08:52,11:08:52,6.28,--,2,1256,卖盘,2017-06-28,2017-06-28 11:08:52
11:08:58,11:08:58,6.28,--,20,12560,卖盘,2017-06-28,2017-06-28 11:08:58
11:09:10,11:09:10,6.28,--,6,3768,卖盘,2017-06-28,2017-06-28 11:09:10
11:09:16,11:09:16,6.28,--,240,150720,卖盘,2017-06-28,2017-06-28 11:09:16
11:09:37,11:09:37,6.28,--,1,628,卖盘,2017-06-28,2017-06-28 11:09:37
11:09:43,11:09:43,6.28,--,10,6280,卖盘,2017-06-28,2017-06-28 11:09:43
11:09:52,11:09:52,6.28,--,2,1256,卖盘,2017-06-28,2017-06-28 11:09:52
11:10:07,11:10:07,6.28,--,20,12560,卖盘,2017-06-28,2017-06-28 11:10:07
11:10:25,11:10:25,6.28,--,28,17584,卖盘,2017-06-28,2017-06-28 11:10:25
11:10:34,11:10:34,6.29,0.01,48,30192,买盘,2017-06-28,2017-06-28 11:10:34
11:10:37,11:10:37,6.28,-0.01,74,46472,卖盘,2017-06-28,2017-06-28 11:10:37
11:10:52,11:10:52,6.28,--,6,3768,卖盘,2017-06-28,2017-06-28 11:10:52
11:10:58,11:10:58,6.28,--,98,61544,卖盘,2017-06-28,2017-06-28 11:10:58
11:11:04,11:11:04,6.29,0.01,200,125800,买盘,2017-06-28,2017-06-28 11:11:04
11:11:16,11:11:16,6.28,-0.01,17,10676,卖盘,2017-06-28,2017-06-28 11:11:16
11:11:22,11:11:22,6.29,0.01,30,18870,买盘,2017-06-28,2017-06-28 11:11:22
11:11:28,11:11:28,6.29,--,1,629,买盘,2017-06-28,2017-06-28 11:11:28
11:11:46,11:11:46,6.29,--,14,8806,买盘,2017-06-28,2017-06-28 11:11:46
11:11:52,11:11:52,6.28,-0.01,2,1256,卖盘,2017-06-28,2017-06-28 11:11:52
11:12:00,11:12:00,6.29,0.01,14,8806,买盘,2017-06-28,2017-06-28 11:12:00
11:12:07,11:12:07,6.28,-0.01,12,7536,卖盘,2017-06-28,2017-06-28 11:12:07
11:12:24,11:12:24,6.28,--,33,20724,卖盘,2017-06-28,2017-06-28 11:12:24
11:12:48,11:12:48,6.29,0.01,559,351611,买盘,2017-06-28,2017-06-28 11:12:48
11:12:54,11:12:54,6.28,-0.01,2,1256,卖盘,2017-06-28,2017-06-28 11:12:54
11:13:03,11:13:03,6.28,--,42,26376,卖盘,2017-06-28,2017-06-28 11:13:03
11:13:39,11:13:39,6.29,0.01,2,1258,买盘,2017-06-28,2017-06-28 11:13:39
11:13:54,11:13:54,6.28,-0.01,1,628,卖盘,2017-06-28,2017-06-28 11:13:54
11:14:00,11:14:00,6.29,0.01,1,629,买盘,2017-06-28,2017-06-28 11:14:00
11:14:03,11:14:03,6.28,-0.01,165,103620,卖盘,2017-06-28,2017-06-28 11:14:03
11:14:09,11:14:09,6.29,0.01,13,8177,买盘,2017-06-28,2017-06-28 11:14:09
11:14:18,11:14:18,6.29,--,117,73593,买盘,2017-06-28,2017-06-28 11:14:18
11:14:36,11:14:36,6.29,--,16,10064,买盘,2017-06-28,2017-06-28 11:14:36
11:14:45,11:14:45,6.29,--,10,6290,卖盘,2017-06-28,2017-06-28 11:14:45
11:15:03,11:15:03,6.29,--,10,6290,卖盘,2017-06-28,2017-06-28 11:15:03
11:15:06,11:15:06,6.29,--,9,5661,卖盘,2017-06-28,2017-06-28 11:15:06
11:15:27,11:15:27,6.3,0.01,218,137340,买盘,2017-06-28,2017-06-28 11:15:27
11:15:51,11:15:51,6.3,--,6,3780,买盘,2017-06-28,2017-06-28 11:15:51
11:15:57,11:15:57,6.29,-0.01,3,1887,卖盘,2017-06-28,2017-06-28 11:15:57
11:16:03,11:16:03,6.3,0.01,41,25830,买盘,2017-06-28,2017-06-28 11:16:03
11:16:21,11:16:21,6.29,-0.01,215,135235,卖盘,2017-06-28,2017-06-28 11:16:21
11:16:24,11:16:24,6.3,0.01,50,31500,买盘,2017-06-28,2017-06-28 11:16:24
11:17:30,11:17:30,6.3,--,25,15750,买盘,2017-06-28,2017-06-28 11:17:30
11:17:51,11:17:51,6.29,-0.01,49,30821,卖盘,2017-06-28,2017-06-28 11:17:51
11:18:00,11:18:00,6.3,0.01,15,9450,买盘,2017-06-28,2017-06-28 11:18:00
11:18:31,11:18:31,6.3,--,39,24570,买盘,2017-06-28,2017-06-28 11:18:31
11:18:40,11:18:40,6.3,--,267,168210,买盘,2017-06-28,2017-06-28 11:18:40
11:19:13,11:19:13,6.3,--,20,12600,买盘,2017-06-28,2017-06-28 11:19:13
11:19:19,11:19:19,6.29,-0.01,10,6290,卖盘,2017-06-28,2017-06-28 11:19:19
11:19:25,11:19:25,6.29,--,1,629,卖盘,2017-06-28,2017-06-28 11:19:25
11:19:31,11:19:31,6.31,0.02,189,119258,买盘,2017-06-28,2017-06-28 11:19:31
11:19:43,11:19:43,6.31,--,114,71934,卖盘,2017-06-28,2017-06-28 11:19:43
11:19:46,11:19:46,6.31,--,7,4417,卖盘,2017-06-28,2017-06-28 11:19:46
11:19:49,11:19:49,6.31,--,10,6310,买盘,2017-06-28,2017-06-28 11:19:49
11:19:58,11:19:58,6.31,--,32,20192,买盘,2017-06-28,2017-06-28 11:19:58
11:20:16,11:20:16,6.31,--,10,6310,卖盘,2017-06-28,2017-06-28 11:20:16
11:20:34,11:20:34,6.31,--,10,6310,买盘,2017-06-28,2017-06-28 11:20:34
11:20:37,11:20:37,6.3,-0.01,16,10080,卖盘,2017-06-28,2017-06-28 11:20:37
11:20:46,11:20:46,6.31,0.01,1,631,买盘,2017-06-28,2017-06-28 11:20:46
11:20:55,11:20:55,6.31,--,5,3155,买盘,2017-06-28,2017-06-28 11:20:55
11:21:07,11:21:07,6.31,--,23,14513,买盘,2017-06-28,2017-06-28 11:21:07
11:21:16,11:21:16,6.3,-0.01,117,73710,卖盘,2017-06-28,2017-06-28 11:21:16
11:21:22,11:21:22,6.31,0.01,19,11989,买盘,2017-06-28,2017-06-28 11:21:22
11:21:40,11:21:40,6.31,--,13,8203,买盘,2017-06-28,2017-06-28 11:21:40
11:21:43,11:21:43,6.3,-0.01,10,6300,卖盘,2017-06-28,2017-06-28 11:21:43
11:22:01,11:22:01,6.3,--,10,6300,卖盘,2017-06-28,2017-06-28 11:22:01
11:22:10,11:22:10,6.3,--,2,1260,卖盘,2017-06-28,2017-06-28 11:22:10
11:22:22,11:22:22,6.3,--,11,6930,买盘,2017-06-28,2017-06-28 11:22:22
11:22:40,11:22:40,6.3,--,4,2520,卖盘,2017-06-28,2017-06-28 11:22:40
11:22:58,11:22:58,6.31,0.01,10,6310,买盘,2017-06-28,2017-06-28 11:22:58
11:23:01,11:23:01,6.3,-0.01,20,12600,卖盘,2017-06-28,2017-06-28 11:23:01
11:23:10,11:23:10,6.3,--,18,11340,卖盘,2017-06-28,2017-06-28 11:23:10
11:23:22,11:23:22,6.3,--,7,4410,买盘,2017-06-28,2017-06-28 11:23:22
11:23:43,11:23:43,6.3,--,8,5040,买盘,2017-06-28,2017-06-28 11:23:43
11:23:55,11:23:55,6.29,-0.01,6,3774,卖盘,2017-06-28,2017-06-28 11:23:55
11:24:04,11:24:04,6.3,0.01,30,18900,买盘,2017-06-28,2017-06-28 11:24:04
11:24:10,11:24:10,6.29,-0.01,1,629,卖盘,2017-06-28,2017-06-28 11:24:10
11:24:22,11:24:22,6.3,0.01,12,7560,买盘,2017-06-28,2017-06-28 11:24:22
11:24:34,11:24:34,6.3,--,1,630,买盘,2017-06-28,2017-06-28 11:24:34
11:25:10,11:25:10,6.29,-0.01,1,629,卖盘,2017-06-28,2017-06-28 11:25:10
11:26:10,11:26:10,6.3,0.01,17,10710,买盘,2017-06-28,2017-06-28 11:26:10
11:26:34,11:26:34,6.3,--,10,6300,买盘,2017-06-28,2017-06-28 11:26:34
11:27:01,11:27:01,6.29,-0.01,100,62900,卖盘,2017-06-28,2017-06-28 11:27:01
11:27:04,11:27:04,6.29,--,5,3145,卖盘,2017-06-28,2017-06-28 11:27:04
11:27:25,11:27:25,6.29,--,20,12580,卖盘,2017-06-28,2017-06-28 11:27:25
11:27:28,11:27:28,6.29,--,85,53465,卖盘,2017-06-28,2017-06-28 11:27:28
11:27:55,11:27:55,6.29,--,9,5661,卖盘,2017-06-28,2017-06-28 11:27:55
11:28:10,11:28:10,6.29,--,162,101898,卖盘,2017-06-28,2017-06-28 11:28:10
11:28:34,11:28:34,6.29,--,18,11322,买盘,2017-06-28,2017-06-28 11:28:34
11:28:49,11:28:49,6.29,--,125,78625,买盘,2017-06-28,2017-06-28 11:28:49
11:28:55,11:28:55,6.29,--,35,22015,卖盘,2017-06-28,2017-06-28 11:28:55
11:29:01,11:29:01,6.29,--,3,1887,卖盘,2017-06-28,2017-06-28 11:29:01
11:29:22,11:29:22,6.3,0.01,80,50400,买盘,2017-06-28,2017-06-28 11:29:22
11:29:40,11:29:40,6.29,-0.01,10,6290,卖盘,2017-06-28,2017-06-28 11:29:40
11:29:49,11:29:49,6.29,--,100,62900,卖盘,2017-06-28,2017-06-28 11:29:49
11:29:55,11:29:55,6.29,--,31,19499,买盘,2017-06-28,2017-06-28 11:29:55
11:29:59,11:29:59,6.29,--,0,0,卖盘,2017-06-28,2017-06-28 11:29:59
11:30:00,11:30:00,6.29,--,0,0,卖盘,2017-06-28,2017-06-28 11:30:00
13:00:02,13:00:02,6.3,0.01,103,64890,买盘,2017-06-28,2017-06-28 13:00:02
13:00:05,13:00:05,6.29,-0.01,118,74222,中性盘,2017-06-28,2017-06-28 13:00:05
13:00:08,13:00:08,6.29,--,59,37111,卖盘,2017-06-28,2017-06-28 13:00:08
13:00:17,13:00:17,6.3,0.01,6,3780,买盘,2017-06-28,2017-06-28 13:00:17
13:00:20,13:00:20,6.29,-0.01,1,629,卖盘,2017-06-28,2017-06-28 13:00:20
13:00:44,13:00:44,6.3,0.01,10,6300,买盘,2017-06-28,2017-06-28 13:00:44
13:00:56,13:00:56,6.3,--,10,6300,买盘,2017-06-28,2017-06-28 13:00:56
13:01:05,13:01:05,6.3,--,200,126000,买盘,2017-06-28,2017-06-28 13:01:05
13:01:44,13:01:44,6.3,--,1,630,买盘,2017-06-28,2017-06-28 13:01:44
13:01:55,13:01:55,6.3,--,37,23310,买盘,2017-06-28,2017-06-28 13:01:55
13:02:11,13:02:11,6.31,0.01,87,54897,买盘,2017-06-28,2017-06-28 13:02:11
13:02:26,13:02:26,6.32,0.01,119,75208,买盘,2017-06-28,2017-06-28 13:02:26
13:02:32,13:02:32,6.31,-0.01,3,1892,卖盘,2017-06-28,2017-06-28 13:02:32
13:02:38,13:02:38,6.32,0.01,10,6320,买盘,2017-06-28,2017-06-28 13:02:38
13:02:50,13:02:50,6.32,--,10,6320,买盘,2017-06-28,2017-06-28 13:02:50
13:02:56,13:02:56,6.32,--,37,23384,买盘,2017-06-28,2017-06-28 13:02:56
13:02:59,13:02:59,6.31,-0.01,6,3785,卖盘,2017-06-28,2017-06-28 13:02:59
13:03:08,13:03:08,6.32,0.01,300,189600,买盘,2017-06-28,2017-06-28 13:03:08
13:03:26,13:03:26,6.32,--,5,3160,买盘,2017-06-28,2017-06-28 13:03:26
13:03:41,13:03:41,6.32,--,61,38552,买盘,2017-06-28,2017-06-28 13:03:41
13:04:27,13:04:27,6.31,-0.01,329,207599,卖盘,2017-06-28,2017-06-28 13:04:27
13:04:30,13:04:30,6.32,0.01,10,6320,买盘,2017-06-28,2017-06-28 13:04:30
13:04:36,13:04:36,6.31,-0.01,20,12620,卖盘,2017-06-28,2017-06-28 13:04:36
13:04:42,13:04:42,6.32,0.01,4,2528,买盘,2017-06-28,2017-06-28 13:04:42
13:04:48,13:04:48,6.32,--,125,79000,买盘,2017-06-28,2017-06-28 13:04:48
13:04:51,13:04:51,6.32,--,0,0,买盘,2017-06-28,2017-06-28 13:04:51
13:05:24,13:05:24,6.31,-0.01,1,631,买盘,2017-06-28,2017-06-28 13:05:24
13:05:30,13:05:30,6.31,--,41,25871,买盘,2017-06-28,2017-06-28 13:05:30
13:05:51,13:05:51,6.31,--,40,25240,卖盘,2017-06-28,2017-06-28 13:05:51
13:07:19,13:07:19,6.31,--,33,20823,卖盘,2017-06-28,2017-06-28 13:07:19
13:07:40,13:07:40,6.31,--,150,94650,买盘,2017-06-28,2017-06-28 13:07:40
13:08:04,13:08:04,6.3,-0.01,4,2520,卖盘,2017-06-28,2017-06-28 13:08:04
13:08:19,13:08:19,6.3,--,5,3150,卖盘,2017-06-28,2017-06-28 13:08:19
13:08:22,13:08:22,6.3,--,810,510300,卖盘,2017-06-28,2017-06-28 13:08:22
13:08:37,13:08:37,6.3,--,112,70560,卖盘,2017-06-28,2017-06-28 13:08:37
13:09:07,13:09:07,6.31,0.01,10,6310,买盘,2017-06-28,2017-06-28 13:09:07
13:09:10,13:09:10,6.3,-0.01,152,95760,卖盘,2017-06-28,2017-06-28 13:09:10
13:09:13,13:09:13,6.31,0.01,10,6310,买盘,2017-06-28,2017-06-28 13:09:13
13:09:46,13:09:46,6.3,-0.01,457,287910,卖盘,2017-06-28,2017-06-28 13:09:46
13:09:49,13:09:49,6.3,--,272,171360,卖盘,2017-06-28,2017-06-28 13:09:49
13:09:55,13:09:55,6.3,--,100,63000,买盘,2017-06-28,2017-06-28 13:09:55
13:10:40,13:10:40,6.29,-0.01,1,629,卖盘,2017-06-28,2017-06-28 13:10:40
13:10:49,13:10:49,6.29,--,15,9435,卖盘,2017-06-28,2017-06-28 13:10:49
13:10:55,13:10:55,6.29,--,1,629,卖盘,2017-06-28,2017-06-28 13:10:55
13:11:04,13:11:04,6.29,--,31,19499,卖盘,2017-06-28,2017-06-28 13:11:04
13:11:16,13:11:16,6.3,0.01,100,63000,买盘,2017-06-28,2017-06-28 13:11:16
13:11:40,13:11:40,6.29,-0.01,127,79883,卖盘,2017-06-28,2017-06-28 13:11:40
13:11:52,13:11:52,6.3,0.01,12,7560,买盘,2017-06-28,2017-06-28 13:11:52
13:12:04,13:12:04,6.29,-0.01,360,226440,卖盘,2017-06-28,2017-06-28 13:12:04
13:12:16,13:12:16,6.28,-0.01,40,25120,卖盘,2017-06-28,2017-06-28 13:12:16
13:12:29,13:12:29,6.29,0.01,2,1258,买盘,2017-06-28,2017-06-28 13:12:29
13:12:37,13:12:37,6.28,-0.01,159,99852,卖盘,2017-06-28,2017-06-28 13:12:37
13:12:53,13:12:53,6.28,--,1,628,卖盘,2017-06-28,2017-06-28 13:12:53
13:13:17,13:13:17,6.28,--,10,6280,卖盘,2017-06-28,2017-06-28 13:13:17
13:13:23,13:13:23,6.28,--,56,35168,卖盘,2017-06-28,2017-06-28 13:13:23
13:13:26,13:13:26,6.29,0.01,48,30192,买盘,2017-06-28,2017-06-28 13:13:26
13:13:29,13:13:29,6.29,--,31,19499,卖盘,2017-06-28,2017-06-28 13:13:29
13:13:41,13:13:41,6.29,--,10,6290,卖盘,2017-06-28,2017-06-28 13:13:41
13:13:50,13:13:50,6.29,--,8,5032,卖盘,2017-06-28,2017-06-28 13:13:50
13:14:23,13:14:23,6.29,--,38,23902,卖盘,2017-06-28,2017-06-28 13:14:23
13:14:26,13:14:26,6.29,--,2,1258,卖盘,2017-06-28,2017-06-28 13:14:26
13:14:29,13:14:29,6.29,--,10,6290,卖盘,2017-06-28,2017-06-28 13:14:29
13:14:50,13:14:50,6.29,--,24,15096,卖盘,2017-06-28,2017-06-28 13:14:50
13:14:53,13:14:53,6.28,-0.01,2,1256,卖盘,2017-06-28,2017-06-28 13:14:53
13:15:02,13:15:02,6.29,0.01,67,42143,买盘,2017-06-28,2017-06-28 13:15:02
13:16:05,13:16:05,6.29,--,20,12580,卖盘,2017-06-28,2017-06-28 13:16:05
13:16:17,13:16:17,6.3,0.01,18,11340,买盘,2017-06-28,2017-06-28 13:16:17
13:16:26,13:16:26,6.29,-0.01,5,3145,卖盘,2017-06-28,2017-06-28 13:16:26
13:16:41,13:16:41,6.29,--,11,6919,卖盘,2017-06-28,2017-06-28 13:16:41
13:16:56,13:16:56,6.29,--,6,3774,卖盘,2017-06-28,2017-06-28 13:16:56
13:17:14,13:17:14,6.29,--,13,8177,卖盘,2017-06-28,2017-06-28 13:17:14
13:17:29,13:17:29,6.29,--,8,5032,买盘,2017-06-28,2017-06-28 13:17:29
13:17:44,13:17:44,6.28,-0.01,1,628,卖盘,2017-06-28,2017-06-28 13:17:44
13:17:53,13:17:53,6.28,--,3,1884,卖盘,2017-06-28,2017-06-28 13:17:53
13:17:59,13:17:59,6.28,--,448,281344,卖盘,2017-06-28,2017-06-28 13:17:59
13:18:26,13:18:26,6.28,--,5,3140,卖盘,2017-06-28,2017-06-28 13:18:26
13:18:29,13:18:29,6.28,--,57,35796,卖盘,2017-06-28,2017-06-28 13:18:29
13:18:32,13:18:32,6.28,--,30,18840,卖盘,2017-06-28,2017-06-28 13:18:32
13:18:35,13:18:35,6.28,--,18,11304,卖盘,2017-06-28,2017-06-28 13:18:35
13:18:38,13:18:38,6.28,--,5,3140,卖盘,2017-06-28,2017-06-28 13:18:38
13:18:41,13:18:41,6.28,--,41,25748,卖盘,2017-06-28,2017-06-28 13:18:41
13:18:44,13:18:44,6.28,--,81,50868,卖盘,2017-06-28,2017-06-28 13:18:44
13:18:53,13:18:53,6.28,--,1,628,卖盘,2017-06-28,2017-06-28 13:18:53
13:19:05,13:19:05,6.28,--,176,110528,卖盘,2017-06-28,2017-06-28 13:19:05
13:19:11,13:19:11,6.29,0.01,7,4403,买盘,2017-06-28,2017-06-28 13:19:11
13:19:14,13:19:14,6.28,-0.01,35,21980,卖盘,2017-06-28,2017-06-28 13:19:14
13:20:35,13:20:35,6.28,--,18,11304,卖盘,2017-06-28,2017-06-28 13:20:35
13:20:38,13:20:38,6.28,--,13,8164,卖盘,2017-06-28,2017-06-28 13:20:38
13:20:50,13:20:50,6.28,--,3,1884,卖盘,2017-06-28,2017-06-28 13:20:50
13:20:56,13:20:56,6.29,0.01,20,12580,买盘,2017-06-28,2017-06-28 13:20:56
13:21:02,13:21:02,6.28,-0.01,50,31400,卖盘,2017-06-28,2017-06-28 13:21:02
13:21:08,13:21:08,6.28,--,36,22608,卖盘,2017-06-28,2017-06-28 13:21:08
13:21:47,13:21:47,6.28,--,3,1884,卖盘,2017-06-28,2017-06-28 13:21:47
13:21:53,13:21:53,6.28,--,8,5024,卖盘,2017-06-28,2017-06-28 13:21:53
13:22:11,13:22:11,6.28,--,73,45844,卖盘,2017-06-28,2017-06-28 13:22:11
13:22:14,13:22:14,6.28,--,21,13188,卖盘,2017-06-28,2017-06-28 13:22:14
13:22:17,13:22:17,6.28,--,8,5024,卖盘,2017-06-28,2017-06-28 13:22:17
13:22:35,13:22:35,6.28,--,3,1884,卖盘,2017-06-28,2017-06-28 13:22:35
13:22:53,13:22:53,6.28,--,18,11304,卖盘,2017-06-28,2017-06-28 13:22:53
13:22:59,13:22:59,6.28,--,5,3140,卖盘,2017-06-28,2017-06-28 13:22:59
13:23:11,13:23:11,6.28,--,3,1884,卖盘,2017-06-28,2017-06-28 13:23:11
13:23:44,13:23:44,6.28,--,182,114296,买盘,2017-06-28,2017-06-28 13:23:44
13:23:50,13:23:50,6.28,--,3,1884,卖盘,2017-06-28,2017-06-28 13:23:50
13:23:53,13:23:53,6.28,--,1,628,卖盘,2017-06-28,2017-06-28 13:23:53
13:24:05,13:24:05,6.29,0.01,30,18870,买盘,2017-06-28,2017-06-28 13:24:05
13:24:11,13:24:11,6.28,-0.01,81,50868,卖盘,2017-06-28,2017-06-28 13:24:11
13:24:51,13:24:51,6.29,0.01,2,1258,买盘,2017-06-28,2017-06-28 13:24:51
13:25:15,13:25:15,6.28,-0.01,12,7536,卖盘,2017-06-28,2017-06-28 13:25:15
13:25:21,13:25:21,6.29,0.01,3,1887,买盘,2017-06-28,2017-06-28 13:25:21
13:25:30,13:25:30,6.28,-0.01,20,12560,卖盘,2017-06-28,2017-06-28 13:25:30
13:25:51,13:25:51,6.29,0.01,1,629,买盘,2017-06-28,2017-06-28 13:25:51
13:26:15,13:26:15,6.28,-0.01,3,1884,卖盘,2017-06-28,2017-06-28 13:26:15
13:26:18,13:26:18,6.28,--,37,23236,卖盘,2017-06-28,2017-06-28 13:26:18
13:26:39,13:26:39,6.28,--,38,23864,卖盘,2017-06-28,2017-06-28 13:26:39
13:26:42,13:26:42,6.29,0.01,10,6290,买盘,2017-06-28,2017-06-28 13:26:42
13:26:48,13:26:48,6.28,-0.01,10,6280,卖盘,2017-06-28,2017-06-28 13:26:48
13:26:51,13:26:51,6.29,0.01,36,22644,买盘,2017-06-28,2017-06-28 13:26:51
13:27:18,13:27:18,6.28,-0.01,25,15700,卖盘,2017-06-28,2017-06-28 13:27:18
13:28:28,13:28:28,6.28,--,3,1884,卖盘,2017-06-28,2017-06-28 13:28:28
13:28:33,13:28:33,6.28,--,168,105504,卖盘,2017-06-28,2017-06-28 13:28:33
13:28:46,13:28:46,6.27,-0.01,15,9405,卖盘,2017-06-28,2017-06-28 13:28:46
13:29:13,13:29:13,6.27,--,24,15047,卖盘,2017-06-28,2017-06-28 13:29:13
13:29:40,13:29:40,6.27,--,7,4389,卖盘,2017-06-28,2017-06-28 13:29:40
13:29:43,13:29:43,6.27,--,25,15674,卖盘,2017-06-28,2017-06-28 13:29:43
13:29:55,13:29:55,6.27,--,1,627,卖盘,2017-06-28,2017-06-28 13:29:55
13:30:01,13:30:01,6.27,--,33,20691,卖盘,2017-06-28,2017-06-28 13:30:01
13:30:10,13:30:10,6.27,--,60,37620,卖盘,2017-06-28,2017-06-28 13:30:10
13:30:22,13:30:22,6.28,0.01,30,18840,买盘,2017-06-28,2017-06-28 13:30:22
13:30:25,13:30:25,6.27,-0.01,10,6270,卖盘,2017-06-28,2017-06-28 13:30:25
13:30:40,13:30:40,6.27,--,5,3135,卖盘,2017-06-28,2017-06-28 13:30:40
13:30:43,13:30:43,6.28,0.01,7,4396,买盘,2017-06-28,2017-06-28 13:30:43
13:30:46,13:30:46,6.27,-0.01,5,3135,卖盘,2017-06-28,2017-06-28 13:30:46
13:30:49,13:30:49,6.27,--,52,32603,卖盘,2017-06-28,2017-06-28 13:30:49
13:30:55,13:30:55,6.27,--,2,1254,卖盘,2017-06-28,2017-06-28 13:30:55
13:31:10,13:31:10,6.27,--,165,103455,卖盘,2017-06-28,2017-06-28 13:31:10
13:31:13,13:31:13,6.27,--,11,6896,卖盘,2017-06-28,2017-06-28 13:31:13
13:31:16,13:31:16,6.27,--,310,194370,卖盘,2017-06-28,2017-06-28 13:31:16
13:31:25,13:31:25,6.27,--,44,27587,卖盘,2017-06-28,2017-06-28 13:31:25
13:31:28,13:31:28,6.27,--,35,21945,卖盘,2017-06-28,2017-06-28 13:31:28
13:31:31,13:31:31,6.27,--,50,31349,卖盘,2017-06-28,2017-06-28 13:31:31
13:31:40,13:31:40,6.27,--,95,59564,卖盘,2017-06-28,2017-06-28 13:31:40
13:31:49,13:31:49,6.27,--,23,14420,卖盘,2017-06-28,2017-06-28 13:31:49
13:31:52,13:31:52,6.27,--,10,6270,卖盘,2017-06-28,2017-06-28 13:31:52
13:31:55,13:31:55,6.27,--,1,627,卖盘,2017-06-28,2017-06-28 13:31:55
13:31:58,13:31:58,6.27,--,10,6270,卖盘,2017-06-28,2017-06-28 13:31:58
13:32:07,13:32:07,6.27,--,1,627,卖盘,2017-06-28,2017-06-28 13:32:07
13:32:13,13:32:13,6.27,--,50,31349,卖盘,2017-06-28,2017-06-28 13:32:13
13:32:16,13:32:16,6.27,--,7,4389,卖盘,2017-06-28,2017-06-28 13:32:16
13:32:19,13:32:19,6.27,--,50,31349,卖盘,2017-06-28,2017-06-28 13:32:19
13:32:28,13:32:28,6.27,--,7,4389,卖盘,2017-06-28,2017-06-28 13:32:28
13:32:31,13:32:31,6.28,0.01,232,145696,买盘,2017-06-28,2017-06-28 13:32:31
13:32:37,13:32:37,6.28,--,0,0,买盘,2017-06-28,2017-06-28 13:32:37
13:32:49,13:32:49,6.28,--,447,280716,买盘,2017-06-28,2017-06-28 13:32:49
13:33:04,13:33:04,6.28,--,15,9420,卖盘,2017-06-28,2017-06-28 13:33:04
13:33:10,13:33:10,6.28,--,4,2512,卖盘,2017-06-28,2017-06-28 13:33:10
13:33:19,13:33:19,6.29,0.01,3,1887,买盘,2017-06-28,2017-06-28 13:33:19
13:33:22,13:33:22,6.29,--,3,1887,买盘,2017-06-28,2017-06-28 13:33:22
13:33:28,13:33:28,6.28,-0.01,97,60916,卖盘,2017-06-28,2017-06-28 13:33:28
13:33:34,13:33:34,6.28,--,25,15700,卖盘,2017-06-28,2017-06-28 13:33:34
13:33:44,13:33:44,6.29,0.01,32,20128,买盘,2017-06-28,2017-06-28 13:33:44
13:33:59,13:33:59,6.28,-0.01,288,180864,卖盘,2017-06-28,2017-06-28 13:33:59
13:34:14,13:34:14,6.28,--,8,5024,卖盘,2017-06-28,2017-06-28 13:34:14
13:34:20,13:34:20,6.28,--,1,628,卖盘,2017-06-28,2017-06-28 13:34:20
13:34:44,13:34:44,6.28,--,220,138160,卖盘,2017-06-28,2017-06-28 13:34:44
13:34:50,13:34:50,6.28,--,10,6280,卖盘,2017-06-28,2017-06-28 13:34:50
13:34:56,13:34:56,6.28,--,500,314000,卖盘,2017-06-28,2017-06-28 13:34:56
13:34:59,13:34:59,6.29,0.01,17,10693,买盘,2017-06-28,2017-06-28 13:34:59
13:35:02,13:35:02,6.28,-0.01,75,47100,卖盘,2017-06-28,2017-06-28 13:35:02
13:35:17,13:35:17,6.28,--,21,13188,买盘,2017-06-28,2017-06-28 13:35:17
13:35:29,13:35:29,6.27,-0.01,79,49533,卖盘,2017-06-28,2017-06-28 13:35:29
13:35:38,13:35:38,6.27,--,1,627,买盘,2017-06-28,2017-06-28 13:35:38
13:35:41,13:35:41,6.27,--,5,3135,买盘,2017-06-28,2017-06-28 13:35:41
13:35:44,13:35:44,6.27,--,2,1254,买盘,2017-06-28,2017-06-28 13:35:44
13:35:56,13:35:56,6.27,--,4,2508,买盘,2017-06-28,2017-06-28 13:35:56
13:35:59,13:35:59,6.27,--,5,3135,买盘,2017-06-28,2017-06-28 13:35:59
13:36:11,13:36:11,6.27,--,107,67089,买盘,2017-06-28,2017-06-28 13:36:11
13:36:23,13:36:23,6.26,-0.01,40,25040,卖盘,2017-06-28,2017-06-28 13:36:23
13:36:26,13:36:26,6.27,0.01,10,6270,买盘,2017-06-28,2017-06-28 13:36:26
13:36:29,13:36:29,6.27,--,1,627,买盘,2017-06-28,2017-06-28 13:36:29
13:36:47,13:36:47,6.26,-0.01,20,12520,卖盘,2017-06-28,2017-06-28 13:36:47
13:36:50,13:36:50,6.27,0.01,5,3135,买盘,2017-06-28,2017-06-28 13:36:50
13:37:02,13:37:02,6.26,-0.01,17,10642,卖盘,2017-06-28,2017-06-28 13:37:02
13:37:17,13:37:17,6.27,0.01,300,188100,买盘,2017-06-28,2017-06-28 13:37:17
13:37:23,13:37:23,6.26,-0.01,40,25040,卖盘,2017-06-28,2017-06-28 13:37:23
13:37:29,13:37:29,6.27,0.01,3,1880,买盘,2017-06-28,2017-06-28 13:37:29
13:37:32,13:37:32,6.27,--,9,5643,买盘,2017-06-28,2017-06-28 13:37:32
13:37:38,13:37:38,6.27,--,0,0,中性盘,2017-06-28,2017-06-28 13:37:38
13:37:41,13:37:41,6.26,-0.01,10,6260,卖盘,2017-06-28,2017-06-28 13:37:41
13:37:47,13:37:47,6.27,0.01,4,2508,买盘,2017-06-28,2017-06-28 13:37:47
13:37:53,13:37:53,6.27,--,16,10032,买盘,2017-06-28,2017-06-28 13:37:53
13:37:56,13:37:56,6.27,--,70,43890,买盘,2017-06-28,2017-06-28 13:37:56
13:38:02,13:38:02,6.27,--,10,6270,买盘,2017-06-28,2017-06-28 13:38:02
13:38:14,13:38:14,6.26,-0.01,3,1878,卖盘,2017-06-28,2017-06-28 13:38:14
13:38:17,13:38:17,6.27,0.01,2,1254,买盘,2017-06-28,2017-06-28 13:38:17
13:38:23,13:38:23,6.27,--,6,3761,卖盘,2017-06-28,2017-06-28 13:38:23
13:38:44,13:38:44,6.27,--,111,69597,卖盘,2017-06-28,2017-06-28 13:38:44
13:38:50,13:38:50,6.28,0.01,1,628,买盘,2017-06-28,2017-06-28 13:38:50
13:38:56,13:38:56,6.28,--,10,6280,买盘,2017-06-28,2017-06-28 13:38:56
13:39:11,13:39:11,6.27,-0.01,48,30095,卖盘,2017-06-28,2017-06-28 13:39:11
13:39:26,13:39:26,6.27,--,1,627,卖盘,2017-06-28,2017-06-28 13:39:26
13:40:17,13:40:17,6.27,--,15,9405,卖盘,2017-06-28,2017-06-28 13:40:17
13:40:23,13:40:23,6.27,--,259,162393,卖盘,2017-06-28,2017-06-28 13:40:23
13:40:32,13:40:32,6.27,--,24,15047,卖盘,2017-06-28,2017-06-28 13:40:32
13:40:35,13:40:35,6.27,--,50,31349,卖盘,2017-06-28,2017-06-28 13:40:35
13:40:44,13:40:44,6.27,--,17,10659,卖盘,2017-06-28,2017-06-28 13:40:44
13:40:50,13:40:50,6.26,-0.01,79,49454,卖盘,2017-06-28,2017-06-28 13:40:50
13:41:11,13:41:11,6.26,--,10,6260,卖盘,2017-06-28,2017-06-28 13:41:11
13:41:20,13:41:20,6.26,--,24,15024,卖盘,2017-06-28,2017-06-28 13:41:20
13:41:29,13:41:29,6.26,--,13,8138,卖盘,2017-06-28,2017-06-28 13:41:29
13:41:47,13:41:47,6.26,--,10,6260,卖盘,2017-06-28,2017-06-28 13:41:47
13:41:56,13:41:56,6.27,0.01,23,14420,买盘,2017-06-28,2017-06-28 13:41:56
13:42:20,13:42:20,6.27,--,127,79629,卖盘,2017-06-28,2017-06-28 13:42:20
13:42:32,13:42:32,6.26,-0.01,4,2504,卖盘,2017-06-28,2017-06-28 13:42:32
13:42:35,13:42:35,6.27,0.01,93,58310,买盘,2017-06-28,2017-06-28 13:42:35
13:42:41,13:42:41,6.27,--,5,3135,卖盘,2017-06-28,2017-06-28 13:42:41
13:42:56,13:42:56,6.27,--,1,627,卖盘,2017-06-28,2017-06-28 13:42:56
13:42:59,13:42:59,6.27,--,20,12540,卖盘,2017-06-28,2017-06-28 13:42:59
13:43:08,13:43:08,6.27,--,26,16301,卖盘,2017-06-28,2017-06-28 13:43:08
13:43:26,13:43:26,6.27,--,5,3135,买盘,2017-06-28,2017-06-28 13:43:26
13:43:50,13:43:50,6.26,-0.01,12,7512,卖盘,2017-06-28,2017-06-28 13:43:50
13:43:53,13:43:53,6.27,0.01,50,31349,买盘,2017-06-28,2017-06-28 13:43:53
13:43:59,13:43:59,6.27,--,16,10032,买盘,2017-06-28,2017-06-28 13:43:59
13:44:11,13:44:11,6.27,--,20,12540,卖盘,2017-06-28,2017-06-28 13:44:11
13:44:35,13:44:35,6.27,--,10,6270,卖盘,2017-06-28,2017-06-28 13:44:35
13:44:38,13:44:38,6.27,--,12,7523,卖盘,2017-06-28,2017-06-28 13:44:38
13:45:11,13:45:11,6.27,--,51,31976,卖盘,2017-06-28,2017-06-28 13:45:11
13:45:17,13:45:17,6.27,--,10,6270,买盘,2017-06-28,2017-06-28 13:45:17
13:45:38,13:45:38,6.26,-0.01,9,5634,卖盘,2017-06-28,2017-06-28 13:45:38
13:45:53,13:45:53,6.26,--,3,1878,卖盘,2017-06-28,2017-06-28 13:45:53
13:46:12,13:46:12,6.26,--,254,159004,卖盘,2017-06-28,2017-06-28 13:46:12
13:46:14,13:46:14,6.27,0.01,20,12540,买盘,2017-06-28,2017-06-28 13:46:14
13:46:42,13:46:42,6.26,-0.01,20,12520,卖盘,2017-06-28,2017-06-28 13:46:42
13:46:45,13:46:45,6.27,0.01,20,12540,买盘,2017-06-28,2017-06-28 13:46:45
13:47:00,13:47:00,6.26,-0.01,20,12520,卖盘,2017-06-28,2017-06-28 13:47:00
13:47:24,13:47:24,6.26,--,194,121444,卖盘,2017-06-28,2017-06-28 13:47:24
13:47:27,13:47:27,6.26,--,20,12520,卖盘,2017-06-28,2017-06-28 13:47:27
13:47:36,13:47:36,6.26,--,52,32552,卖盘,2017-06-28,2017-06-28 13:47:36
13:48:09,13:48:09,6.26,--,35,21910,卖盘,2017-06-28,2017-06-28 13:48:09
13:48:22,13:48:22,6.26,--,135,84510,卖盘,2017-06-28,2017-06-28 13:48:22
13:48:54,13:48:54,6.26,--,20,12520,卖盘,2017-06-28,2017-06-28 13:48:54
13:48:57,13:48:57,6.26,--,2,1252,卖盘,2017-06-28,2017-06-28 13:48:57
13:49:00,13:49:00,6.27,0.01,2,1254,买盘,2017-06-28,2017-06-28 13:49:00
13:49:28,13:49:28,6.26,-0.01,38,23788,卖盘,2017-06-28,2017-06-28 13:49:28
13:49:40,13:49:40,6.27,0.01,1,627,买盘,2017-06-28,2017-06-28 13:49:40
13:49:43,13:49:43,6.26,-0.01,19,11894,卖盘,2017-06-28,2017-06-28 13:49:43
13:49:49,13:49:49,6.27,0.01,5,3135,买盘,2017-06-28,2017-06-28 13:49:49
13:49:55,13:49:55,6.26,-0.01,1,626,卖盘,2017-06-28,2017-06-28 13:49:55
13:50:04,13:50:04,6.26,--,3,1878,卖盘,2017-06-28,2017-06-28 13:50:04
13:50:28,13:50:28,6.26,--,40,25040,卖盘,2017-06-28,2017-06-28 13:50:28
13:50:40,13:50:40,6.26,--,100,62600,卖盘,2017-06-28,2017-06-28 13:50:40
13:50:52,13:50:52,6.27,0.01,5,3135,买盘,2017-06-28,2017-06-28 13:50:52
13:50:55,13:50:55,6.26,-0.01,1,626,卖盘,2017-06-28,2017-06-28 13:50:55
13:51:22,13:51:22,6.27,0.01,30,18810,买盘,2017-06-28,2017-06-28 13:51:22
13:51:34,13:51:34,6.27,--,20,12540,买盘,2017-06-28,2017-06-28 13:51:34
13:51:40,13:51:40,6.27,--,7,4389,买盘,2017-06-28,2017-06-28 13:51:40
13:51:46,13:51:46,6.27,--,20,12540,买盘,2017-06-28,2017-06-28 13:51:46
13:51:49,13:51:49,6.23,-0.04,4105,2557415,卖盘,2017-06-28,2017-06-28 13:51:49
13:51:52,13:51:52,6.23,--,0,0,卖盘,2017-06-28,2017-06-28 13:51:52
13:52:10,13:52:10,6.26,0.03,5,3130,卖盘,2017-06-28,2017-06-28 13:52:10
13:52:16,13:52:16,6.26,--,1,626,买盘,2017-06-28,2017-06-28 13:52:16
13:52:19,13:52:19,6.26,--,50,31300,买盘,2017-06-28,2017-06-28 13:52:19
13:52:22,13:52:22,6.25,-0.01,22,13750,卖盘,2017-06-28,2017-06-28 13:52:22
13:52:25,13:52:25,6.27,0.02,63,39501,买盘,2017-06-28,2017-06-28 13:52:25
13:52:28,13:52:28,6.27,--,0,0,买盘,2017-06-28,2017-06-28 13:52:28
13:52:43,13:52:43,6.26,-0.01,1,626,买盘,2017-06-28,2017-06-28 13:52:43
13:52:46,13:52:46,6.26,--,41,25666,买盘,2017-06-28,2017-06-28 13:52:46
13:52:49,13:52:49,6.26,--,9,5634,买盘,2017-06-28,2017-06-28 13:52:49
13:52:55,13:52:55,6.24,-0.02,101,63024,卖盘,2017-06-28,2017-06-28 13:52:55
13:53:04,13:53:04,6.26,0.02,5,3130,买盘,2017-06-28,2017-06-28 13:53:04
13:53:07,13:53:07,6.26,--,37,23162,买盘,2017-06-28,2017-06-28 13:53:07
13:53:16,13:53:16,6.26,--,43,26918,卖盘,2017-06-28,2017-06-28 13:53:16
13:53:31,13:53:31,6.25,-0.01,1,625,卖盘,2017-06-28,2017-06-28 13:53:31
13:53:34,13:53:34,6.25,--,27,16875,卖盘,2017-06-28,2017-06-28 13:53:34
13:53:46,13:53:46,6.25,--,26,16250,卖盘,2017-06-28,2017-06-28 13:53:46
13:53:55,13:53:55,6.25,--,20,12500,买盘,2017-06-28,2017-06-28 13:53:55
13:53:58,13:53:58,6.25,--,22,13750,买盘,2017-06-28,2017-06-28 13:53:58
13:54:05,13:54:05,6.25,--,5,3125,卖盘,2017-06-28,2017-06-28 13:54:05
13:54:11,13:54:11,6.26,0.01,15,9390,买盘,2017-06-28,2017-06-28 13:54:11
13:54:13,13:54:13,6.26,--,2,1252,买盘,2017-06-28,2017-06-28 13:54:13
13:54:20,13:54:20,6.25,-0.01,5,3125,卖盘,2017-06-28,2017-06-28 13:54:20
13:54:32,13:54:32,6.25,--,68,42500,卖盘,2017-06-28,2017-06-28 13:54:32
13:54:35,13:54:35,6.26,0.01,26,16276,买盘,2017-06-28,2017-06-28 13:54:35
13:54:41,13:54:41,6.25,-0.01,6,3750,卖盘,2017-06-28,2017-06-28 13:54:41
13:54:47,13:54:47,6.25,--,0,0,卖盘,2017-06-28,2017-06-28 13:54:47
13:54:53,13:54:53,6.26,0.01,520,325520,买盘,2017-06-28,2017-06-28 13:54:53
13:54:56,13:54:56,6.26,--,0,0,买盘,2017-06-28,2017-06-28 13:54:56
13:54:59,13:54:59,6.26,--,23,14398,买盘,2017-06-28,2017-06-28 13:54:59
13:55:11,13:55:11,6.24,-0.02,33,20592,卖盘,2017-06-28,2017-06-28 13:55:11
13:55:50,13:55:50,6.24,--,1,624,卖盘,2017-06-28,2017-06-28 13:55:50
13:55:53,13:55:53,6.24,--,1,624,卖盘,2017-06-28,2017-06-28 13:55:53
13:55:56,13:55:56,6.24,--,19,11856,卖盘,2017-06-28,2017-06-28 13:55:56
13:55:59,13:55:59,6.24,--,0,0,卖盘,2017-06-28,2017-06-28 13:55:59
13:56:02,13:56:02,6.24,--,32,19968,卖盘,2017-06-28,2017-06-28 13:56:02
13:56:05,13:56:05,6.24,--,0,0,卖盘,2017-06-28,2017-06-28 13:56:05
13:56:20,13:56:20,6.26,0.02,103,64478,买盘,2017-06-28,2017-06-28 13:56:20
13:56:41,13:56:41,6.25,-0.01,20,12500,卖盘,2017-06-28,2017-06-28 13:56:41
13:56:47,13:56:47,6.25,--,1,625,卖盘,2017-06-28,2017-06-28 13:56:47
13:56:59,13:56:59,6.25,--,46,28750,卖盘,2017-06-28,2017-06-28 13:56:59
13:57:32,13:57:32,6.25,--,33,20625,卖盘,2017-06-28,2017-06-28 13:57:32
13:57:35,13:57:35,6.25,--,180,112500,卖盘,2017-06-28,2017-06-28 13:57:35
13:57:44,13:57:44,6.25,--,8,5000,卖盘,2017-06-28,2017-06-28 13:57:44
13:57:53,13:57:53,6.25,--,1,625,卖盘,2017-06-28,2017-06-28 13:57:53
13:57:56,13:57:56,6.25,--,39,24375,卖盘,2017-06-28,2017-06-28 13:57:56
13:57:59,13:57:59,6.25,--,120,75000,卖盘,2017-06-28,2017-06-28 13:57:59
13:58:02,13:58:02,6.25,--,5,3125,卖盘,2017-06-28,2017-06-28 13:58:02
13:58:26,13:58:26,6.25,--,30,18750,卖盘,2017-06-28,2017-06-28 13:58:26
13:58:38,13:58:38,6.25,--,35,21875,卖盘,2017-06-28,2017-06-28 13:58:38
13:58:41,13:58:41,6.25,--,6,3750,卖盘,2017-06-28,2017-06-28 13:58:41
13:58:50,13:58:50,6.25,--,167,104375,卖盘,2017-06-28,2017-06-28 13:58:50
13:58:53,13:58:53,6.25,--,1,625,卖盘,2017-06-28,2017-06-28 13:58:53
13:59:08,13:59:08,6.25,--,30,18750,卖盘,2017-06-28,2017-06-28 13:59:08
