idx_time,time,price,change,volume,amount,type,date,date_time
09:25:01,09:25:01,6.03,6.03,1341,808623,买盘,2017-06-27,2017-06-27 09:25:01
09:28:48,09:28:48,6.03,--,0,0,买盘,2017-06-27,2017-06-27 09:28:48
09:30:00,09:30:00,6.02,-0.01,54,32507,卖盘,2017-06-27,2017-06-27 09:30:00
09:30:03,09:30:03,6.01,-0.01,162,97362,卖盘,2017-06-27,2017-06-27 09:30:03
09:30:07,09:30:07,6.0,-0.01,56,33600,卖盘,2017-06-27,2017-06-27 09:30:07
09:30:10,09:30:10,6.0,--,1,600,卖盘,2017-06-27,2017-06-27 09:30:10
09:30:12,09:30:12,6.0,--,1,600,卖盘,2017-06-27,2017-06-27 09:30:12
09:30:15,09:30:15,6.0,--,0,0,卖盘,2017-06-27,2017-06-27 09:30:15
09:30:18,09:30:18,6.0,--,1,600,卖盘,2017-06-27,2017-06-27 09:30:18
09:30:22,09:30:22,6.0,--,1,600,卖盘,2017-06-27,2017-06-27 09:30:22
09:30:25,09:30:25,6.0,--,1,600,卖盘,2017-06-27,2017-06-27 09:30:25
09:30:28,09:30:28,6.0,--,5,3000,卖盘,2017-06-27,2017-06-27 09:30:28
09:30:31,09:30:31,6.01,0.01,15,9015,买盘,2017-06-27,2017-06-27 09:30:31
09:30:34,09:30:34,6.0,-0.01,5,3000,卖盘,2017-06-27,2017-06-27 09:30:34
09:30:40,09:30:40,6.01,0.01,6,3606,买盘,2017-06-27,2017-06-27 09:30:40
09:30:52,09:30:52,6.01,--,10,6010,卖盘,2017-06-27,2017-06-27 09:30:52
09:30:58,09:30:58,6.0,-0.01,3,1800,卖盘,2017-06-27,2017-06-27 09:30:58
09:31:01,09:31:01,6.01,0.01,3,1803,买盘,2017-06-27,2017-06-27 09:31:01
09:31:04,09:31:04,6.01,--,43,25843,买盘,2017-06-27,2017-06-27 09:31:04
09:31:07,09:31:07,6.0,-0.01,232,139200,卖盘,2017-06-27,2017-06-27 09:31:07
09:31:10,09:31:10,6.0,--,8,4800,买盘,2017-06-27,2017-06-27 09:31:10
09:31:13,09:31:13,6.0,--,12,7200,买盘,2017-06-27,2017-06-27 09:31:13
09:31:16,09:31:16,5.98,-0.02,419,250562,卖盘,2017-06-27,2017-06-27 09:31:16
09:31:22,09:31:22,6.0,0.02,32,19200,买盘,2017-06-27,2017-06-27 09:31:22
09:31:28,09:31:28,6.0,--,0,0,买盘,2017-06-27,2017-06-27 09:31:28
09:31:46,09:31:46,6.0,--,5,3000,买盘,2017-06-27,2017-06-27 09:31:46
09:31:49,09:31:49,5.98,-0.02,1,598,卖盘,2017-06-27,2017-06-27 09:31:49
09:32:07,09:32:07,5.98,--,150,89700,卖盘,2017-06-27,2017-06-27 09:32:07
09:32:18,09:32:18,5.97,-0.01,177,105669,卖盘,2017-06-27,2017-06-27 09:32:18
09:32:22,09:32:22,5.97,--,0,0,卖盘,2017-06-27,2017-06-27 09:32:22
09:32:25,09:32:25,5.98,0.01,3,1794,买盘,2017-06-27,2017-06-27 09:32:25
09:32:31,09:32:31,5.99,0.01,18,10782,买盘,2017-06-27,2017-06-27 09:32:31
09:32:40,09:32:40,5.99,--,12,7188,买盘,2017-06-27,2017-06-27 09:32:40
09:32:49,09:32:49,5.99,--,9,5391,卖盘,2017-06-27,2017-06-27 09:32:49
09:32:52,09:32:52,5.97,-0.02,143,85371,卖盘,2017-06-27,2017-06-27 09:32:52
09:32:55,09:32:55,5.98,0.01,1,598,买盘,2017-06-27,2017-06-27 09:32:55
09:33:01,09:33:01,5.98,--,13,7774,买盘,2017-06-27,2017-06-27 09:33:01
09:33:04,09:33:04,5.97,-0.01,8,4776,卖盘,2017-06-27,2017-06-27 09:33:04
09:33:10,09:33:10,5.97,--,0,0,卖盘,2017-06-27,2017-06-27 09:33:10
09:33:13,09:33:13,5.98,0.01,57,34086,卖盘,2017-06-27,2017-06-27 09:33:13
09:33:19,09:33:19,5.98,--,4,2392,卖盘,2017-06-27,2017-06-27 09:33:19
09:33:25,09:33:25,5.98,--,8,4784,卖盘,2017-06-27,2017-06-27 09:33:25
09:33:31,09:33:31,5.99,0.01,200,119800,买盘,2017-06-27,2017-06-27 09:33:31
09:33:34,09:33:34,5.99,--,22,13178,买盘,2017-06-27,2017-06-27 09:33:34
09:33:37,09:33:37,5.99,--,9,5391,卖盘,2017-06-27,2017-06-27 09:33:37
09:33:43,09:33:43,5.99,--,108,64692,卖盘,2017-06-27,2017-06-27 09:33:43
09:33:55,09:33:55,5.99,--,8,4792,卖盘,2017-06-27,2017-06-27 09:33:55
09:33:58,09:33:58,5.99,--,217,129983,卖盘,2017-06-27,2017-06-27 09:33:58
09:34:04,09:34:04,5.99,--,7,4193,卖盘,2017-06-27,2017-06-27 09:34:04
09:34:07,09:34:07,5.99,--,131,78469,卖盘,2017-06-27,2017-06-27 09:34:07
09:34:10,09:34:10,5.99,--,15,8985,卖盘,2017-06-27,2017-06-27 09:34:10
09:34:13,09:34:13,5.98,-0.01,33,19734,卖盘,2017-06-27,2017-06-27 09:34:13
09:34:16,09:34:16,5.99,0.01,5,2995,买盘,2017-06-27,2017-06-27 09:34:16
09:34:25,09:34:25,5.99,--,209,125191,买盘,2017-06-27,2017-06-27 09:34:25
09:34:28,09:34:28,5.99,--,9,5391,买盘,2017-06-27,2017-06-27 09:34:28
09:34:34,09:34:34,5.98,-0.01,8,4784,卖盘,2017-06-27,2017-06-27 09:34:34
09:34:37,09:34:37,5.99,0.01,5,2995,买盘,2017-06-27,2017-06-27 09:34:37
09:34:43,09:34:43,5.98,-0.01,8,4784,卖盘,2017-06-27,2017-06-27 09:34:43
09:34:46,09:34:46,5.99,0.01,74,44326,买盘,2017-06-27,2017-06-27 09:34:46
09:34:55,09:34:55,5.98,-0.01,7,4186,卖盘,2017-06-27,2017-06-27 09:34:55
09:34:58,09:34:58,5.99,0.01,295,176705,买盘,2017-06-27,2017-06-27 09:34:58
09:35:01,09:35:01,5.99,--,61,36539,买盘,2017-06-27,2017-06-27 09:35:01
09:35:04,09:35:04,5.98,-0.01,8,4784,卖盘,2017-06-27,2017-06-27 09:35:04
09:35:07,09:35:07,5.99,0.01,70,41930,买盘,2017-06-27,2017-06-27 09:35:07
09:35:13,09:35:13,5.99,--,7,4193,卖盘,2017-06-27,2017-06-27 09:35:13
09:35:16,09:35:16,6.0,0.01,44,26400,买盘,2017-06-27,2017-06-27 09:35:16
09:35:25,09:35:25,5.99,-0.01,8,4792,卖盘,2017-06-27,2017-06-27 09:35:25
09:35:34,09:35:34,5.99,--,32,19168,卖盘,2017-06-27,2017-06-27 09:35:34
09:35:37,09:35:37,5.99,--,8,4792,卖盘,2017-06-27,2017-06-27 09:35:37
09:35:43,09:35:43,5.99,--,7,4193,卖盘,2017-06-27,2017-06-27 09:35:43
09:35:46,09:35:46,6.0,0.01,10,6000,买盘,2017-06-27,2017-06-27 09:35:46
09:35:49,09:35:49,6.0,--,10,6000,买盘,2017-06-27,2017-06-27 09:35:49
09:35:52,09:35:52,6.0,--,147,88200,买盘,2017-06-27,2017-06-27 09:35:52
09:35:55,09:35:55,6.0,--,114,68400,买盘,2017-06-27,2017-06-27 09:35:55
09:35:58,09:35:58,6.0,--,3,1800,买盘,2017-06-27,2017-06-27 09:35:58
09:36:04,09:36:04,5.99,-0.01,11,6589,卖盘,2017-06-27,2017-06-27 09:36:04
09:36:13,09:36:13,6.0,0.01,28,16800,买盘,2017-06-27,2017-06-27 09:36:13
09:36:16,09:36:16,5.99,-0.01,8,4792,卖盘,2017-06-27,2017-06-27 09:36:16
09:36:19,09:36:19,5.99,--,34,20366,卖盘,2017-06-27,2017-06-27 09:36:19
09:36:25,09:36:25,6.0,0.01,60,36000,买盘,2017-06-27,2017-06-27 09:36:25
09:36:34,09:36:34,6.0,--,10,6000,买盘,2017-06-27,2017-06-27 09:36:34
09:36:58,09:36:58,5.99,-0.01,2,1198,卖盘,2017-06-27,2017-06-27 09:36:58
09:37:07,09:37:07,6.0,0.01,10,6000,买盘,2017-06-27,2017-06-27 09:37:07
09:37:19,09:37:19,5.99,-0.01,2,1198,卖盘,2017-06-27,2017-06-27 09:37:19
09:37:22,09:37:22,6.0,0.01,111,66600,买盘,2017-06-27,2017-06-27 09:37:22
09:37:25,09:37:25,6.0,--,70,42000,买盘,2017-06-27,2017-06-27 09:37:25
09:37:28,09:37:28,6.0,--,27,16200,买盘,2017-06-27,2017-06-27 09:37:28
09:37:31,09:37:31,6.0,--,24,14400,买盘,2017-06-27,2017-06-27 09:37:31
09:37:37,09:37:37,6.0,--,201,120600,买盘,2017-06-27,2017-06-27 09:37:37
09:37:40,09:37:40,5.99,-0.01,10,5990,卖盘,2017-06-27,2017-06-27 09:37:40
09:37:43,09:37:43,6.0,0.01,9,5400,买盘,2017-06-27,2017-06-27 09:37:43
09:38:01,09:38:01,6.0,--,63,37800,买盘,2017-06-27,2017-06-27 09:38:01
09:38:04,09:38:04,6.0,--,6,3600,卖盘,2017-06-27,2017-06-27 09:38:04
09:38:28,09:38:28,6.0,--,17,10200,卖盘,2017-06-27,2017-06-27 09:38:28
09:38:31,09:38:31,6.01,0.01,30,18030,买盘,2017-06-27,2017-06-27 09:38:31
09:38:52,09:38:52,6.0,-0.01,284,170400,卖盘,2017-06-27,2017-06-27 09:38:52
09:38:55,09:38:55,6.0,--,6,3600,买盘,2017-06-27,2017-06-27 09:38:55
09:38:58,09:38:58,6.0,--,21,12600,买盘,2017-06-27,2017-06-27 09:38:58
09:39:04,09:39:04,5.99,-0.01,11,6912,卖盘,2017-06-27,2017-06-27 09:39:04
09:39:07,09:39:07,6.0,0.01,52,31200,买盘,2017-06-27,2017-06-27 09:39:07
09:39:16,09:39:16,5.99,-0.01,92,55491,卖盘,2017-06-27,2017-06-27 09:39:16
09:39:22,09:39:22,5.99,--,20,11980,卖盘,2017-06-27,2017-06-27 09:39:22
09:39:28,09:39:28,6.0,0.01,40,24000,买盘,2017-06-27,2017-06-27 09:39:28
09:39:43,09:39:43,6.0,--,100,60000,买盘,2017-06-27,2017-06-27 09:39:43
09:39:46,09:39:46,5.99,-0.01,25,14975,卖盘,2017-06-27,2017-06-27 09:39:46
09:39:52,09:39:52,5.99,--,45,26955,卖盘,2017-06-27,2017-06-27 09:39:52
09:39:58,09:39:58,6.0,0.01,100,60000,买盘,2017-06-27,2017-06-27 09:39:58
09:40:04,09:40:04,6.0,--,333,199800,买盘,2017-06-27,2017-06-27 09:40:04
09:40:07,09:40:07,6.0,--,32,19458,卖盘,2017-06-27,2017-06-27 09:40:07
09:40:13,09:40:13,6.01,0.01,121,72973,买盘,2017-06-27,2017-06-27 09:40:13
09:40:16,09:40:16,6.0,-0.01,112,67200,卖盘,2017-06-27,2017-06-27 09:40:16
09:40:19,09:40:19,6.0,--,103,61800,卖盘,2017-06-27,2017-06-27 09:40:19
09:40:25,09:40:25,6.0,--,1,600,卖盘,2017-06-27,2017-06-27 09:40:25
09:40:49,09:40:49,6.0,--,70,42000,卖盘,2017-06-27,2017-06-27 09:40:49
09:40:52,09:40:52,6.0,--,37,22200,卖盘,2017-06-27,2017-06-27 09:40:52
09:40:58,09:40:58,6.01,0.01,42,25242,买盘,2017-06-27,2017-06-27 09:40:58
09:41:04,09:41:04,6.0,-0.01,102,61200,卖盘,2017-06-27,2017-06-27 09:41:04
09:41:07,09:41:07,6.0,--,13,7800,卖盘,2017-06-27,2017-06-27 09:41:07
09:41:13,09:41:13,6.0,--,11,6900,卖盘,2017-06-27,2017-06-27 09:41:13
09:41:16,09:41:16,6.0,--,8,5010,卖盘,2017-06-27,2017-06-27 09:41:16
09:41:19,09:41:19,6.01,0.01,9,5409,买盘,2017-06-27,2017-06-27 09:41:19
09:41:31,09:41:31,6.0,-0.01,236,141780,卖盘,2017-06-27,2017-06-27 09:41:31
09:41:34,09:41:34,6.0,--,3,1800,买盘,2017-06-27,2017-06-27 09:41:34
09:41:37,09:41:37,6.0,--,161,96600,买盘,2017-06-27,2017-06-27 09:41:37
09:41:58,09:41:58,5.99,-0.01,1,599,卖盘,2017-06-27,2017-06-27 09:41:58
09:42:01,09:42:01,5.99,--,2,1198,卖盘,2017-06-27,2017-06-27 09:42:01
09:42:10,09:42:10,5.99,--,315,189038,卖盘,2017-06-27,2017-06-27 09:42:10
09:42:13,09:42:13,5.99,--,8,4947,卖盘,2017-06-27,2017-06-27 09:42:13
09:42:34,09:42:34,5.99,--,4,2396,卖盘,2017-06-27,2017-06-27 09:42:34
09:42:37,09:42:37,6.0,0.01,10,6000,买盘,2017-06-27,2017-06-27 09:42:37
09:42:43,09:42:43,5.99,-0.01,21,12579,卖盘,2017-06-27,2017-06-27 09:42:43
09:42:46,09:42:46,5.99,--,4,2396,卖盘,2017-06-27,2017-06-27 09:42:46
09:42:49,09:42:49,5.99,--,30,17970,卖盘,2017-06-27,2017-06-27 09:42:49
09:43:13,09:43:13,5.99,--,11,6912,卖盘,2017-06-27,2017-06-27 09:43:13
09:43:19,09:43:19,5.99,--,8,4977,卖盘,2017-06-27,2017-06-27 09:43:19
09:43:22,09:43:22,5.99,--,20,11980,卖盘,2017-06-27,2017-06-27 09:43:22
09:43:28,09:43:28,5.99,--,2,1198,卖盘,2017-06-27,2017-06-27 09:43:28
09:43:43,09:43:43,5.99,--,19,11381,卖盘,2017-06-27,2017-06-27 09:43:43
09:43:55,09:43:55,6.0,0.01,6,3600,买盘,2017-06-27,2017-06-27 09:43:55
09:44:10,09:44:10,6.0,--,26,15600,买盘,2017-06-27,2017-06-27 09:44:10
09:44:13,09:44:13,6.0,--,693,416220,买盘,2017-06-27,2017-06-27 09:44:13
09:44:16,09:44:16,5.99,-0.01,41,24900,卖盘,2017-06-27,2017-06-27 09:44:16
09:44:19,09:44:19,5.99,--,8,4959,卖盘,2017-06-27,2017-06-27 09:44:19
09:44:46,09:44:46,6.0,0.01,33,19800,买盘,2017-06-27,2017-06-27 09:44:46
09:45:04,09:45:04,6.0,--,90,54000,卖盘,2017-06-27,2017-06-27 09:45:04
09:45:10,09:45:10,6.0,--,11,6600,买盘,2017-06-27,2017-06-27 09:45:10
09:45:19,09:45:19,5.99,-0.01,19,11890,卖盘,2017-06-27,2017-06-27 09:45:19
09:45:22,09:45:22,6.0,0.01,3,1800,买盘,2017-06-27,2017-06-27 09:45:22
09:45:37,09:45:37,5.99,-0.01,50,29950,卖盘,2017-06-27,2017-06-27 09:45:37
09:45:54,09:45:54,5.99,--,700,419300,卖盘,2017-06-27,2017-06-27 09:45:54
09:46:06,09:46:06,5.99,--,66,39534,卖盘,2017-06-27,2017-06-27 09:46:06
09:46:12,09:46:12,5.99,--,15,8985,卖盘,2017-06-27,2017-06-27 09:46:12
09:46:21,09:46:21,5.99,--,11,6936,卖盘,2017-06-27,2017-06-27 09:46:21
09:46:24,09:46:24,5.99,--,8,4953,卖盘,2017-06-27,2017-06-27 09:46:24
09:46:39,09:46:39,5.99,--,69,41852,卖盘,2017-06-27,2017-06-27 09:46:39
09:46:42,09:46:42,6.0,0.01,800,480000,买盘,2017-06-27,2017-06-27 09:46:42
09:46:45,09:46:45,5.99,-0.01,17,10183,卖盘,2017-06-27,2017-06-27 09:46:45
09:46:48,09:46:48,5.99,--,82,49118,买盘,2017-06-27,2017-06-27 09:46:48
09:46:51,09:46:51,5.99,--,25,14975,卖盘,2017-06-27,2017-06-27 09:46:51
09:47:00,09:47:00,5.99,--,5,2995,卖盘,2017-06-27,2017-06-27 09:47:00
09:47:24,09:47:24,5.99,--,11,6864,卖盘,2017-06-27,2017-06-27 09:47:24
09:47:27,09:47:27,5.99,--,8,5025,卖盘,2017-06-27,2017-06-27 09:47:27
09:47:45,09:47:45,5.99,--,1,599,卖盘,2017-06-27,2017-06-27 09:47:45
09:48:15,09:48:15,6.0,0.01,21,12600,买盘,2017-06-27,2017-06-27 09:48:15
09:48:18,09:48:18,6.0,--,100,60000,买盘,2017-06-27,2017-06-27 09:48:18
09:48:21,09:48:21,5.99,-0.01,11,6834,卖盘,2017-06-27,2017-06-27 09:48:21
09:48:24,09:48:24,5.99,--,8,5055,卖盘,2017-06-27,2017-06-27 09:48:24
09:48:36,09:48:36,6.0,0.01,10,6000,买盘,2017-06-27,2017-06-27 09:48:36
09:48:39,09:48:39,6.0,--,60,36000,买盘,2017-06-27,2017-06-27 09:48:39
09:48:45,09:48:45,6.0,--,130,78000,买盘,2017-06-27,2017-06-27 09:48:45
09:48:48,09:48:48,6.0,--,25,15000,买盘,2017-06-27,2017-06-27 09:48:48
09:48:57,09:48:57,6.0,--,3,1800,买盘,2017-06-27,2017-06-27 09:48:57
09:49:12,09:49:12,6.0,--,30,18000,买盘,2017-06-27,2017-06-27 09:49:12
09:49:18,09:49:18,6.0,--,139,83400,买盘,2017-06-27,2017-06-27 09:49:18
09:49:24,09:49:24,5.99,-0.01,11,6924,卖盘,2017-06-27,2017-06-27 09:49:24
09:49:27,09:49:27,5.99,--,13,7960,卖盘,2017-06-27,2017-06-27 09:49:27
09:49:30,09:49:30,6.0,0.01,23,13800,买盘,2017-06-27,2017-06-27 09:49:30
09:49:33,09:49:33,6.0,--,51,30600,买盘,2017-06-27,2017-06-27 09:49:33
09:49:36,09:49:36,6.0,--,30,18000,买盘,2017-06-27,2017-06-27 09:49:36
09:49:39,09:49:39,6.0,--,27,16200,买盘,2017-06-27,2017-06-27 09:49:39
09:49:42,09:49:42,6.0,--,55,33000,买盘,2017-06-27,2017-06-27 09:49:42
09:49:45,09:49:45,6.0,--,22,13200,买盘,2017-06-27,2017-06-27 09:49:45
09:49:49,09:49:49,6.0,--,100,60000,买盘,2017-06-27,2017-06-27 09:49:49
09:49:55,09:49:55,6.0,--,222,133200,买盘,2017-06-27,2017-06-27 09:49:55
09:49:57,09:49:57,6.0,--,70,42000,买盘,2017-06-27,2017-06-27 09:49:57
09:50:01,09:50:01,6.0,--,10,6000,买盘,2017-06-27,2017-06-27 09:50:01
09:50:04,09:50:04,6.0,--,8,4800,买盘,2017-06-27,2017-06-27 09:50:04
09:50:09,09:50:09,5.99,-0.01,13,7787,卖盘,2017-06-27,2017-06-27 09:50:09
09:50:12,09:50:12,6.0,0.01,131,78600,买盘,2017-06-27,2017-06-27 09:50:12
09:50:19,09:50:19,6.0,--,6,3600,买盘,2017-06-27,2017-06-27 09:50:19
09:50:24,09:50:24,6.0,--,13,8100,买盘,2017-06-27,2017-06-27 09:50:24
09:50:28,09:50:28,5.99,-0.01,8,5001,卖盘,2017-06-27,2017-06-27 09:50:28
09:50:31,09:50:31,5.99,--,1,599,卖盘,2017-06-27,2017-06-27 09:50:31
09:50:34,09:50:34,6.0,0.01,15,9000,买盘,2017-06-27,2017-06-27 09:50:34
09:50:46,09:50:46,6.0,--,30,18000,买盘,2017-06-27,2017-06-27 09:50:46
09:50:52,09:50:52,5.99,-0.01,5,2995,卖盘,2017-06-27,2017-06-27 09:50:52
09:50:55,09:50:55,6.0,0.01,0,78,买盘,2017-06-27,2017-06-27 09:50:55
09:51:04,09:51:04,5.99,-0.01,15,8985,卖盘,2017-06-27,2017-06-27 09:51:04
09:51:13,09:51:13,5.99,--,0,0,卖盘,2017-06-27,2017-06-27 09:51:13
09:51:25,09:51:25,5.99,--,184,110485,卖盘,2017-06-27,2017-06-27 09:51:25
09:51:28,09:51:28,6.0,0.01,8,5040,卖盘,2017-06-27,2017-06-27 09:51:28
09:51:37,09:51:37,6.0,--,10,6000,卖盘,2017-06-27,2017-06-27 09:51:37
09:51:49,09:51:49,6.0,--,1,600,卖盘,2017-06-27,2017-06-27 09:51:49
09:51:58,09:51:58,6.0,--,10,6000,卖盘,2017-06-27,2017-06-27 09:51:58
09:52:22,09:52:22,6.01,0.01,33,19833,买盘,2017-06-27,2017-06-27 09:52:22
09:52:28,09:52:28,6.0,-0.01,19,11910,卖盘,2017-06-27,2017-06-27 09:52:28
09:52:40,09:52:40,6.0,--,7,4200,卖盘,2017-06-27,2017-06-27 09:52:40
09:52:43,09:52:43,6.01,0.01,60,36060,买盘,2017-06-27,2017-06-27 09:52:43
09:53:04,09:53:04,6.01,--,300,180300,买盘,2017-06-27,2017-06-27 09:53:04
09:53:16,09:53:16,6.0,-0.01,10,6000,卖盘,2017-06-27,2017-06-27 09:53:16
09:53:28,09:53:28,6.0,--,11,6900,卖盘,2017-06-27,2017-06-27 09:53:28
09:53:31,09:53:31,6.0,--,8,5010,卖盘,2017-06-27,2017-06-27 09:53:31
09:53:43,09:53:43,6.0,--,212,127200,卖盘,2017-06-27,2017-06-27 09:53:43
09:54:28,09:54:28,6.0,--,11,6864,卖盘,2017-06-27,2017-06-27 09:54:28
09:54:34,09:54:34,6.0,--,8,5046,卖盘,2017-06-27,2017-06-27 09:54:34
09:54:37,09:54:37,6.01,0.01,20,12020,买盘,2017-06-27,2017-06-27 09:54:37
09:54:52,09:54:52,6.01,--,600,360600,买盘,2017-06-27,2017-06-27 09:54:52
09:55:10,09:55:10,6.0,-0.01,152,91200,卖盘,2017-06-27,2017-06-27 09:55:10
09:55:19,09:55:19,6.01,0.01,76,45676,买盘,2017-06-27,2017-06-27 09:55:19
09:55:31,09:55:31,6.0,-0.01,11,6894,卖盘,2017-06-27,2017-06-27 09:55:31
09:55:34,09:55:34,6.01,0.01,54,32670,买盘,2017-06-27,2017-06-27 09:55:34
09:55:37,09:55:37,6.01,--,14,8414,买盘,2017-06-27,2017-06-27 09:55:37
09:55:49,09:55:49,6.01,--,39,23439,买盘,2017-06-27,2017-06-27 09:55:49
09:55:52,09:55:52,6.01,--,8,4808,买盘,2017-06-27,2017-06-27 09:55:52
09:56:01,09:56:01,6.01,--,19,11419,买盘,2017-06-27,2017-06-27 09:56:01
09:56:13,09:56:13,6.01,--,1,601,买盘,2017-06-27,2017-06-27 09:56:13
09:56:25,09:56:25,6.01,--,176,105776,买盘,2017-06-27,2017-06-27 09:56:25
09:56:31,09:56:31,6.01,--,24,14682,买盘,2017-06-27,2017-06-27 09:56:31
09:56:34,09:56:34,6.0,-0.01,20,12252,卖盘,2017-06-27,2017-06-27 09:56:34
09:56:37,09:56:37,6.02,0.02,908,546616,买盘,2017-06-27,2017-06-27 09:56:37
09:56:43,09:56:43,6.02,--,0,0,买盘,2017-06-27,2017-06-27 09:56:43
09:56:52,09:56:52,6.03,0.01,1372,827316,买盘,2017-06-27,2017-06-27 09:56:52
09:57:07,09:57:07,6.03,--,389,234567,卖盘,2017-06-27,2017-06-27 09:57:07
09:57:10,09:57:10,6.02,-0.01,571,343742,买盘,2017-06-27,2017-06-27 09:57:10
09:57:22,09:57:22,6.02,--,49,29497,买盘,2017-06-27,2017-06-27 09:57:22
09:57:31,09:57:31,6.03,0.01,12,7561,买盘,2017-06-27,2017-06-27 09:57:31
09:57:37,09:57:37,6.02,-0.01,8,5002,卖盘,2017-06-27,2017-06-27 09:57:37
09:57:43,09:57:43,6.03,0.01,50,30150,买盘,2017-06-27,2017-06-27 09:57:43
09:57:55,09:57:55,6.03,--,112,67536,买盘,2017-06-27,2017-06-27 09:57:55
09:58:22,09:58:22,6.03,--,20,12060,买盘,2017-06-27,2017-06-27 09:58:22
09:58:31,09:58:31,6.03,--,1,603,买盘,2017-06-27,2017-06-27 09:58:31
09:58:34,09:58:34,6.02,-0.01,11,6983,卖盘,2017-06-27,2017-06-27 09:58:34
09:58:37,09:58:37,6.02,--,8,4966,卖盘,2017-06-27,2017-06-27 09:58:37
09:58:40,09:58:40,6.02,--,3,1805,卖盘,2017-06-27,2017-06-27 09:58:40
09:58:43,09:58:43,6.02,--,15,9030,卖盘,2017-06-27,2017-06-27 09:58:43
09:58:52,09:58:52,6.02,--,13,7825,卖盘,2017-06-27,2017-06-27 09:58:52
09:58:55,09:58:55,6.02,--,23,13845,卖盘,2017-06-27,2017-06-27 09:58:55
09:59:01,09:59:01,6.02,--,113,68026,卖盘,2017-06-27,2017-06-27 09:59:01
09:59:07,09:59:07,6.03,0.01,8,4824,买盘,2017-06-27,2017-06-27 09:59:07
09:59:10,09:59:10,6.03,--,779,469917,买盘,2017-06-27,2017-06-27 09:59:10
09:59:13,09:59:13,6.03,--,18,10854,买盘,2017-06-27,2017-06-27 09:59:13
09:59:16,09:59:16,6.03,--,0,0,买盘,2017-06-27,2017-06-27 09:59:16
09:59:19,09:59:19,6.02,-0.01,10,6020,卖盘,2017-06-27,2017-06-27 09:59:19
09:59:28,09:59:28,6.02,--,22,13243,卖盘,2017-06-27,2017-06-27 09:59:28
09:59:31,09:59:31,6.02,--,1,602,买盘,2017-06-27,2017-06-27 09:59:31
09:59:37,09:59:37,6.01,-0.01,11,6947,卖盘,2017-06-27,2017-06-27 09:59:37
09:59:40,09:59:40,6.01,--,8,4982,卖盘,2017-06-27,2017-06-27 09:59:40
09:59:58,09:59:58,6.02,0.01,1,602,买盘,2017-06-27,2017-06-27 09:59:58
10:00:25,10:00:25,6.02,--,10,6020,买盘,2017-06-27,2017-06-27 10:00:25
10:00:31,10:00:31,6.02,--,8,4816,买盘,2017-06-27,2017-06-27 10:00:31
10:00:37,10:00:37,6.01,-0.01,11,6893,卖盘,2017-06-27,2017-06-27 10:00:37
10:00:40,10:00:40,6.02,0.01,28,17084,买盘,2017-06-27,2017-06-27 10:00:40
10:00:46,10:00:46,6.02,--,200,120399,买盘,2017-06-27,2017-06-27 10:00:46
10:00:49,10:00:49,6.01,-0.01,20,12020,卖盘,2017-06-27,2017-06-27 10:00:49
10:00:52,10:00:52,6.02,0.01,99,59597,买盘,2017-06-27,2017-06-27 10:00:52
10:01:01,10:01:01,6.02,--,12,7223,买盘,2017-06-27,2017-06-27 10:01:01
10:01:07,10:01:07,6.02,--,8,4816,买盘,2017-06-27,2017-06-27 10:01:07
10:01:22,10:01:22,6.02,--,5,3010,买盘,2017-06-27,2017-06-27 10:01:22
10:01:31,10:01:31,6.02,--,1,602,买盘,2017-06-27,2017-06-27 10:01:31
10:01:34,10:01:34,6.01,-0.01,327,196527,卖盘,2017-06-27,2017-06-27 10:01:34
10:01:37,10:01:37,6.02,0.01,23,13845,买盘,2017-06-27,2017-06-27 10:01:37
10:01:40,10:01:40,6.01,-0.01,11,6869,卖盘,2017-06-27,2017-06-27 10:01:40
10:01:43,10:01:43,6.02,0.01,26,15904,买盘,2017-06-27,2017-06-27 10:01:43
10:01:49,10:01:49,6.01,-0.01,17,10217,卖盘,2017-06-27,2017-06-27 10:01:49
10:01:55,10:01:55,6.02,0.01,3,1805,买盘,2017-06-27,2017-06-27 10:01:55
10:02:01,10:02:01,6.02,--,1,602,买盘,2017-06-27,2017-06-27 10:02:01
10:02:31,10:02:31,6.02,--,1,602,买盘,2017-06-27,2017-06-27 10:02:31
10:02:40,10:02:40,6.01,-0.01,41,24923,卖盘,2017-06-27,2017-06-27 10:02:40
10:02:43,10:02:43,6.01,--,8,5036,卖盘,2017-06-27,2017-06-27 10:02:43
10:02:58,10:02:58,6.01,--,49,29449,卖盘,2017-06-27,2017-06-27 10:02:58
10:03:08,10:03:08,6.02,0.01,358,215515,买盘,2017-06-27,2017-06-27 10:03:08
10:03:31,10:03:31,6.02,--,301,181202,买盘,2017-06-27,2017-06-27 10:03:31
10:03:40,10:03:40,6.01,-0.01,11,6905,卖盘,2017-06-27,2017-06-27 10:03:40
10:03:43,10:03:43,6.02,0.01,8,4816,买盘,2017-06-27,2017-06-27 10:03:43
10:03:46,10:03:46,6.01,-0.01,8,5024,卖盘,2017-06-27,2017-06-27 10:03:46
10:03:58,10:03:58,6.01,--,5,3005,卖盘,2017-06-27,2017-06-27 10:03:58
10:04:10,10:04:10,6.02,0.01,1,602,买盘,2017-06-27,2017-06-27 10:04:10
10:04:13,10:04:13,6.02,--,50,30099,买盘,2017-06-27,2017-06-27 10:04:13
10:04:16,10:04:16,6.02,--,50,30099,买盘,2017-06-27,2017-06-27 10:04:16
10:04:20,10:04:20,6.02,--,113,68026,买盘,2017-06-27,2017-06-27 10:04:20
10:04:37,10:04:37,6.02,--,100,60199,买盘,2017-06-27,2017-06-27 10:04:37
10:04:46,10:04:46,6.01,-0.01,11,6971,卖盘,2017-06-27,2017-06-27 10:04:46
10:04:49,10:04:49,6.01,--,8,4958,卖盘,2017-06-27,2017-06-27 10:04:49
10:04:52,10:04:52,6.02,0.01,206,124011,买盘,2017-06-27,2017-06-27 10:04:52
10:05:01,10:05:01,6.02,--,1,602,买盘,2017-06-27,2017-06-27 10:05:01
10:05:04,10:05:04,6.02,--,75,45150,买盘,2017-06-27,2017-06-27 10:05:04
10:05:16,10:05:16,6.01,-0.01,4,2404,卖盘,2017-06-27,2017-06-27 10:05:16
10:05:22,10:05:22,6.02,0.01,10,6020,买盘,2017-06-27,2017-06-27 10:05:22
10:05:31,10:05:31,6.02,--,1,602,买盘,2017-06-27,2017-06-27 10:05:31
10:05:34,10:05:34,6.02,--,20,12040,买盘,2017-06-27,2017-06-27 10:05:34
10:05:37,10:05:37,6.02,--,1,602,买盘,2017-06-27,2017-06-27 10:05:37
10:05:40,10:05:40,6.01,-0.01,50,30050,卖盘,2017-06-27,2017-06-27 10:05:40
10:05:43,10:05:43,6.02,0.01,84,50568,买盘,2017-06-27,2017-06-27 10:05:43
10:05:47,10:05:47,6.01,-0.01,11,6911,卖盘,2017-06-27,2017-06-27 10:05:47
10:05:49,10:05:49,6.01,--,8,5018,卖盘,2017-06-27,2017-06-27 10:05:49
10:06:04,10:06:04,6.02,0.01,60,36120,买盘,2017-06-27,2017-06-27 10:06:04
10:06:21,10:06:21,6.02,--,5,3010,买盘,2017-06-27,2017-06-27 10:06:21
10:06:24,10:06:24,6.02,--,170,102340,买盘,2017-06-27,2017-06-27 10:06:24
10:06:27,10:06:27,6.02,--,115,69230,买盘,2017-06-27,2017-06-27 10:06:27
10:06:33,10:06:33,6.02,--,1,602,买盘,2017-06-27,2017-06-27 10:06:33
10:06:39,10:06:39,6.02,--,286,172172,买盘,2017-06-27,2017-06-27 10:06:39
10:06:48,10:06:48,6.02,--,14,8680,买盘,2017-06-27,2017-06-27 10:06:48
10:06:51,10:06:51,6.01,-0.01,8,5066,卖盘,2017-06-27,2017-06-27 10:06:51
10:07:00,10:07:00,6.02,0.01,159,95718,买盘,2017-06-27,2017-06-27 10:07:00
10:07:12,10:07:12,6.02,--,10,6020,买盘,2017-06-27,2017-06-27 10:07:12
10:07:18,10:07:18,6.01,-0.01,400,240400,卖盘,2017-06-27,2017-06-27 10:07:18
10:07:24,10:07:24,6.02,0.01,20,12040,买盘,2017-06-27,2017-06-27 10:07:24
10:07:30,10:07:30,6.02,--,2,1204,买盘,2017-06-27,2017-06-27 10:07:30
10:07:33,10:07:33,6.02,--,4,2408,买盘,2017-06-27,2017-06-27 10:07:33
10:07:45,10:07:45,6.01,-0.01,1,601,卖盘,2017-06-27,2017-06-27 10:07:45
10:07:48,10:07:48,6.01,--,61,36781,卖盘,2017-06-27,2017-06-27 10:07:48
10:07:51,10:07:51,6.02,0.01,2,1204,买盘,2017-06-27,2017-06-27 10:07:51
10:07:54,10:07:54,6.01,-0.01,100,60100,卖盘,2017-06-27,2017-06-27 10:07:54
10:08:03,10:08:03,6.02,0.01,2,1204,买盘,2017-06-27,2017-06-27 10:08:03
10:08:21,10:08:21,6.02,--,1,602,买盘,2017-06-27,2017-06-27 10:08:21
10:08:27,10:08:27,6.02,--,10,6020,买盘,2017-06-27,2017-06-27 10:08:27
10:08:33,10:08:33,6.02,--,1,602,买盘,2017-06-27,2017-06-27 10:08:33
10:08:42,10:08:42,6.02,--,60,36120,买盘,2017-06-27,2017-06-27 10:08:42
10:08:51,10:08:51,6.02,--,5,3010,买盘,2017-06-27,2017-06-27 10:08:51
10:09:06,10:09:06,6.02,--,21,12642,买盘,2017-06-27,2017-06-27 10:09:06
10:09:18,10:09:18,6.02,--,10,6020,买盘,2017-06-27,2017-06-27 10:09:18
10:09:27,10:09:27,6.02,--,78,46956,买盘,2017-06-27,2017-06-27 10:09:27
10:09:30,10:09:30,6.01,-0.01,2,1202,卖盘,2017-06-27,2017-06-27 10:09:30
10:09:33,10:09:33,6.02,0.01,1,602,买盘,2017-06-27,2017-06-27 10:09:33
10:09:48,10:09:48,6.02,--,2,1204,买盘,2017-06-27,2017-06-27 10:09:48
10:10:15,10:10:15,6.01,-0.01,35,21035,卖盘,2017-06-27,2017-06-27 10:10:15
10:10:27,10:10:27,6.02,0.01,633,381066,买盘,2017-06-27,2017-06-27 10:10:27
10:10:31,10:10:31,6.03,0.01,7,4221,买盘,2017-06-27,2017-06-27 10:10:31
10:10:39,10:10:39,6.03,--,1,603,买盘,2017-06-27,2017-06-27 10:10:39
10:11:01,10:11:01,6.03,--,4,2412,买盘,2017-06-27,2017-06-27 10:11:01
10:11:10,10:11:10,6.03,--,6,3618,买盘,2017-06-27,2017-06-27 10:11:10
10:11:13,10:11:13,6.03,--,30,18090,买盘,2017-06-27,2017-06-27 10:11:13
10:11:16,10:11:16,6.02,-0.01,4,2408,卖盘,2017-06-27,2017-06-27 10:11:16
10:11:19,10:11:19,6.02,--,1,602,卖盘,2017-06-27,2017-06-27 10:11:19
10:11:28,10:11:28,6.03,0.01,10,6030,买盘,2017-06-27,2017-06-27 10:11:28
10:11:31,10:11:31,6.03,--,1,603,买盘,2017-06-27,2017-06-27 10:11:31
10:11:37,10:11:37,6.03,--,1,603,买盘,2017-06-27,2017-06-27 10:11:37
10:11:52,10:11:52,6.03,--,60,36180,买盘,2017-06-27,2017-06-27 10:11:52
10:11:55,10:11:55,6.02,-0.01,21,12642,卖盘,2017-06-27,2017-06-27 10:11:55
10:11:58,10:11:58,6.03,0.01,10,6030,买盘,2017-06-27,2017-06-27 10:11:58
10:12:04,10:12:04,6.03,--,103,62109,买盘,2017-06-27,2017-06-27 10:12:04
10:12:31,10:12:31,6.03,--,20,12060,买盘,2017-06-27,2017-06-27 10:12:31
10:12:40,10:12:40,6.02,-0.01,19,11949,卖盘,2017-06-27,2017-06-27 10:12:40
10:12:49,10:12:49,6.03,0.01,919,554157,买盘,2017-06-27,2017-06-27 10:12:49
10:12:52,10:12:52,6.03,--,59,35577,买盘,2017-06-27,2017-06-27 10:12:52
10:13:07,10:13:07,6.03,--,10,6030,买盘,2017-06-27,2017-06-27 10:13:07
10:13:13,10:13:13,6.03,--,21,12663,买盘,2017-06-27,2017-06-27 10:13:13
10:13:22,10:13:22,6.03,--,20,12060,买盘,2017-06-27,2017-06-27 10:13:22
10:13:31,10:13:31,6.03,--,102,61506,买盘,2017-06-27,2017-06-27 10:13:31
10:13:43,10:13:43,6.02,-0.01,19,11949,卖盘,2017-06-27,2017-06-27 10:13:43
10:13:55,10:13:55,6.02,--,50,30099,卖盘,2017-06-27,2017-06-27 10:13:55
10:14:07,10:14:07,6.03,0.01,31,18693,买盘,2017-06-27,2017-06-27 10:14:07
10:14:10,10:14:10,6.02,-0.01,50,30099,卖盘,2017-06-27,2017-06-27 10:14:10
10:14:13,10:14:13,6.03,0.01,10,6030,买盘,2017-06-27,2017-06-27 10:14:13
10:14:31,10:14:31,6.03,--,1,603,买盘,2017-06-27,2017-06-27 10:14:31
10:14:34,10:14:34,6.03,--,10,6030,买盘,2017-06-27,2017-06-27 10:14:34
10:14:43,10:14:43,6.03,--,211,127534,买盘,2017-06-27,2017-06-27 10:14:43
10:14:46,10:14:46,6.02,-0.01,8,5026,卖盘,2017-06-27,2017-06-27 10:14:46
10:14:52,10:14:52,6.03,0.01,1,603,买盘,2017-06-27,2017-06-27 10:14:52
10:15:04,10:15:04,6.03,--,100,60300,买盘,2017-06-27,2017-06-27 10:15:04
10:15:10,10:15:10,6.03,--,112,67536,买盘,2017-06-27,2017-06-27 10:15:10
10:15:16,10:15:16,6.03,--,17,10251,买盘,2017-06-27,2017-06-27 10:15:16
10:15:19,10:15:19,6.03,--,1,603,买盘,2017-06-27,2017-06-27 10:15:19
10:15:22,10:15:22,6.03,--,50,30150,买盘,2017-06-27,2017-06-27 10:15:22
10:15:28,10:15:28,6.03,--,4,2412,买盘,2017-06-27,2017-06-27 10:15:28
10:15:31,10:15:31,6.03,--,151,91053,买盘,2017-06-27,2017-06-27 10:15:31
10:15:37,10:15:37,6.03,--,1,603,买盘,2017-06-27,2017-06-27 10:15:37
10:15:46,10:15:46,6.02,-0.01,19,11949,卖盘,2017-06-27,2017-06-27 10:15:46
10:15:49,10:15:49,6.02,--,15,9030,卖盘,2017-06-27,2017-06-27 10:15:49
10:15:55,10:15:55,6.03,0.01,34,20502,买盘,2017-06-27,2017-06-27 10:15:55
10:15:58,10:15:58,6.03,--,4,2412,买盘,2017-06-27,2017-06-27 10:15:58
10:16:04,10:16:04,6.03,--,184,111374,买盘,2017-06-27,2017-06-27 10:16:04
10:16:07,10:16:07,6.03,--,4,2412,卖盘,2017-06-27,2017-06-27 10:16:07
10:16:10,10:16:10,6.03,--,2,1386,卖盘,2017-06-27,2017-06-27 10:16:10
10:16:17,10:16:17,6.03,--,50,30150,买盘,2017-06-27,2017-06-27 10:16:17
10:16:20,10:16:20,6.03,--,47,28763,买盘,2017-06-27,2017-06-27 10:16:20
10:16:25,10:16:25,6.03,--,68,41184,卖盘,2017-06-27,2017-06-27 10:16:25
10:16:31,10:16:31,6.03,--,1,603,买盘,2017-06-27,2017-06-27 10:16:31
10:16:41,10:16:41,6.03,--,41,25145,买盘,2017-06-27,2017-06-27 10:16:41
10:16:46,10:16:46,6.02,-0.01,11,6868,卖盘,2017-06-27,2017-06-27 10:16:46
10:16:50,10:16:50,6.02,--,8,5080,卖盘,2017-06-27,2017-06-27 10:16:50
10:16:53,10:16:53,6.03,0.01,0,6,卖盘,2017-06-27,2017-06-27 10:16:53
10:17:07,10:17:07,6.04,0.01,8,4832,买盘,2017-06-27,2017-06-27 10:17:07
10:17:22,10:17:22,6.03,-0.01,168,101900,卖盘,2017-06-27,2017-06-27 10:17:22
10:17:31,10:17:31,6.03,--,131,78993,买盘,2017-06-27,2017-06-27 10:17:31
10:17:34,10:17:34,6.03,--,63,37995,买盘,2017-06-27,2017-06-27 10:17:34
10:17:38,10:17:38,6.03,--,27,16281,买盘,2017-06-27,2017-06-27 10:17:38
10:17:41,10:17:41,6.03,--,3,1809,买盘,2017-06-27,2017-06-27 10:17:41
10:17:43,10:17:43,6.03,--,48,28944,买盘,2017-06-27,2017-06-27 10:17:43
10:17:49,10:17:49,6.02,-0.01,19,11949,卖盘,2017-06-27,2017-06-27 10:17:49
10:17:52,10:17:52,6.03,0.01,41,24723,买盘,2017-06-27,2017-06-27 10:17:52
10:17:55,10:17:55,6.03,--,20,12060,买盘,2017-06-27,2017-06-27 10:17:55
10:18:02,10:18:02,6.03,--,0,0,买盘,2017-06-27,2017-06-27 10:18:02
10:18:05,10:18:05,6.03,--,0,0,中性盘,2017-06-27,2017-06-27 10:18:05
10:18:08,10:18:08,6.03,--,3,1809,买盘,2017-06-27,2017-06-27 10:18:08
10:18:14,10:18:14,6.04,0.01,200,120800,买盘,2017-06-27,2017-06-27 10:18:14
10:18:19,10:18:19,6.04,--,0,0,买盘,2017-06-27,2017-06-27 10:18:19
10:18:31,10:18:31,6.04,--,1,604,买盘,2017-06-27,2017-06-27 10:18:31
10:18:34,10:18:34,6.04,--,4,2416,买盘,2017-06-27,2017-06-27 10:18:34
10:18:50,10:18:50,6.04,--,1,604,买盘,2017-06-27,2017-06-27 10:18:50
10:18:53,10:18:53,6.03,-0.01,20,12572,卖盘,2017-06-27,2017-06-27 10:18:53
10:19:04,10:19:04,6.04,0.01,67,40468,买盘,2017-06-27,2017-06-27 10:19:04
10:19:10,10:19:10,6.04,--,7,4228,买盘,2017-06-27,2017-06-27 10:19:10
10:19:29,10:19:29,6.03,-0.01,1,603,卖盘,2017-06-27,2017-06-27 10:19:29
10:19:32,10:19:32,6.04,0.01,1,604,买盘,2017-06-27,2017-06-27 10:19:32
10:19:47,10:19:47,6.04,--,1,604,买盘,2017-06-27,2017-06-27 10:19:47
10:19:50,10:19:50,6.04,--,1,604,买盘,2017-06-27,2017-06-27 10:19:50
10:19:53,10:19:53,6.03,-0.01,11,6970,卖盘,2017-06-27,2017-06-27 10:19:53
10:19:55,10:19:55,6.04,0.01,14,8631,买盘,2017-06-27,2017-06-27 10:19:55
10:20:02,10:20:02,6.03,-0.01,5,3015,卖盘,2017-06-27,2017-06-27 10:20:02
10:20:20,10:20:20,6.03,--,50,30150,卖盘,2017-06-27,2017-06-27 10:20:20
10:20:32,10:20:32,6.04,0.01,2,1208,买盘,2017-06-27,2017-06-27 10:20:32
10:20:56,10:20:56,6.03,-0.01,19,11969,卖盘,2017-06-27,2017-06-27 10:20:56
10:21:02,10:21:02,6.04,0.01,5,3020,买盘,2017-06-27,2017-06-27 10:21:02
10:21:17,10:21:17,6.03,-0.01,4,2412,卖盘,2017-06-27,2017-06-27 10:21:17
10:21:20,10:21:20,6.04,0.01,2,1208,买盘,2017-06-27,2017-06-27 10:21:20
10:21:28,10:21:28,6.03,-0.01,1,603,卖盘,2017-06-27,2017-06-27 10:21:28
10:21:38,10:21:38,6.03,--,20,12060,卖盘,2017-06-27,2017-06-27 10:21:38
10:21:44,10:21:44,6.04,0.01,39,23556,买盘,2017-06-27,2017-06-27 10:21:44
10:21:47,10:21:47,6.04,--,594,358788,买盘,2017-06-27,2017-06-27 10:21:47
10:21:49,10:21:49,6.04,--,51,31395,卖盘,2017-06-27,2017-06-27 10:21:49
10:21:55,10:21:55,6.03,-0.01,11,6922,卖盘,2017-06-27,2017-06-27 10:21:55
10:21:59,10:21:59,6.03,--,8,5047,卖盘,2017-06-27,2017-06-27 10:21:59
10:22:02,10:22:02,6.04,0.01,194,117176,买盘,2017-06-27,2017-06-27 10:22:02
10:22:14,10:22:14,6.04,--,10,6040,买盘,2017-06-27,2017-06-27 10:22:14
10:22:16,10:22:16,6.04,--,111,67044,买盘,2017-06-27,2017-06-27 10:22:16
10:22:19,10:22:19,6.04,--,10,6040,买盘,2017-06-27,2017-06-27 10:22:19
10:22:32,10:22:32,6.04,--,2,1208,买盘,2017-06-27,2017-06-27 10:22:32
10:22:34,10:22:34,6.04,--,157,94828,买盘,2017-06-27,2017-06-27 10:22:34
10:22:41,10:22:41,6.03,-0.01,26,15678,卖盘,2017-06-27,2017-06-27 10:22:41
10:22:59,10:22:59,6.03,--,32,19808,卖盘,2017-06-27,2017-06-27 10:22:59
10:23:02,10:23:02,6.03,--,5,3015,卖盘,2017-06-27,2017-06-27 10:23:02
10:23:08,10:23:08,6.04,0.01,82,49528,买盘,2017-06-27,2017-06-27 10:23:08
10:23:14,10:23:14,6.04,--,28,16912,卖盘,2017-06-27,2017-06-27 10:23:14
10:23:17,10:23:17,6.04,--,100,60400,买盘,2017-06-27,2017-06-27 10:23:17
10:23:31,10:23:31,6.04,--,51,30804,买盘,2017-06-27,2017-06-27 10:23:31
10:23:44,10:23:44,6.04,--,10,6040,买盘,2017-06-27,2017-06-27 10:23:44
10:23:47,10:23:47,6.04,--,2,1208,买盘,2017-06-27,2017-06-27 10:23:47
10:23:50,10:23:50,6.04,--,5,3020,买盘,2017-06-27,2017-06-27 10:23:50
10:23:56,10:23:56,6.04,--,49,29994,买盘,2017-06-27,2017-06-27 10:23:56
10:23:59,10:23:59,6.04,--,11,6915,卖盘,2017-06-27,2017-06-27 10:23:59
10:24:02,10:24:02,6.04,--,30,18361,卖盘,2017-06-27,2017-06-27 10:24:02
10:24:05,10:24:05,6.04,--,2,1208,卖盘,2017-06-27,2017-06-27 10:24:05
10:24:26,10:24:26,6.04,--,8,4832,卖盘,2017-06-27,2017-06-27 10:24:26
10:24:29,10:24:29,6.04,--,10,6040,卖盘,2017-06-27,2017-06-27 10:24:29
10:24:41,10:24:41,6.04,--,10,6040,卖盘,2017-06-27,2017-06-27 10:24:41
10:24:55,10:24:55,6.04,--,20,12080,卖盘,2017-06-27,2017-06-27 10:24:55
10:25:01,10:25:01,6.04,--,11,6958,卖盘,2017-06-27,2017-06-27 10:25:01
10:25:05,10:25:05,6.04,--,8,5031,卖盘,2017-06-27,2017-06-27 10:25:05
10:25:11,10:25:11,6.05,0.01,18,10890,买盘,2017-06-27,2017-06-27 10:25:11
10:25:29,10:25:29,6.05,--,35,21175,买盘,2017-06-27,2017-06-27 10:25:29
10:25:35,10:25:35,6.05,--,33,19965,买盘,2017-06-27,2017-06-27 10:25:35
10:25:40,10:25:40,6.05,--,10,6050,买盘,2017-06-27,2017-06-27 10:25:40
10:25:51,10:25:51,6.05,--,10,6050,买盘,2017-06-27,2017-06-27 10:25:51
10:25:54,10:25:54,6.05,--,75,45375,买盘,2017-06-27,2017-06-27 10:25:54
10:26:06,10:26:06,6.04,-0.01,19,11989,卖盘,2017-06-27,2017-06-27 10:26:06
10:26:33,10:26:33,6.05,0.01,2,1210,买盘,2017-06-27,2017-06-27 10:26:33
10:26:39,10:26:39,6.05,--,34,20570,买盘,2017-06-27,2017-06-27 10:26:39
10:26:45,10:26:45,6.05,--,27,16335,买盘,2017-06-27,2017-06-27 10:26:45
10:27:03,10:27:03,6.05,--,1,605,买盘,2017-06-27,2017-06-27 10:27:03
10:27:06,10:27:06,6.04,-0.01,11,6988,卖盘,2017-06-27,2017-06-27 10:27:06
10:27:09,10:27:09,6.04,--,8,5001,卖盘,2017-06-27,2017-06-27 10:27:09
10:27:27,10:27:27,6.04,--,14,8456,卖盘,2017-06-27,2017-06-27 10:27:27
10:27:36,10:27:36,6.04,--,5,3020,卖盘,2017-06-27,2017-06-27 10:27:36
10:27:42,10:27:42,6.05,0.01,10,6050,买盘,2017-06-27,2017-06-27 10:27:42
10:27:51,10:27:51,6.05,--,15,9075,买盘,2017-06-27,2017-06-27 10:27:51
10:27:54,10:27:54,6.05,--,60,36300,买盘,2017-06-27,2017-06-27 10:27:54
10:28:03,10:28:03,6.04,-0.01,4,2416,卖盘,2017-06-27,2017-06-27 10:28:03
10:28:06,10:28:06,6.04,--,413,249542,卖盘,2017-06-27,2017-06-27 10:28:06
10:28:09,10:28:09,6.03,-0.01,19,11969,卖盘,2017-06-27,2017-06-27 10:28:09
10:28:33,10:28:33,6.04,0.01,1,604,买盘,2017-06-27,2017-06-27 10:28:33
10:29:00,10:29:00,6.04,--,4,2416,买盘,2017-06-27,2017-06-27 10:29:00
10:29:03,10:29:03,6.04,--,11,6644,买盘,2017-06-27,2017-06-27 10:29:03
10:29:06,10:29:06,6.04,--,16,9664,买盘,2017-06-27,2017-06-27 10:29:06
10:29:09,10:29:09,6.03,-0.01,11,6964,卖盘,2017-06-27,2017-06-27 10:29:09
10:29:12,10:29:12,6.04,0.01,21,12865,买盘,2017-06-27,2017-06-27 10:29:12
10:29:24,10:29:24,6.03,-0.01,25,15075,卖盘,2017-06-27,2017-06-27 10:29:24
10:29:48,10:29:48,6.04,0.01,12,7248,买盘,2017-06-27,2017-06-27 10:29:48
10:30:10,10:30:10,6.03,-0.01,19,11969,卖盘,2017-06-27,2017-06-27 10:30:10
10:30:37,10:30:37,6.04,0.01,1,604,买盘,2017-06-27,2017-06-27 10:30:37
10:30:43,10:30:43,6.03,-0.01,1058,638094,卖盘,2017-06-27,2017-06-27 10:30:43
10:30:55,10:30:55,6.03,--,2,1206,买盘,2017-06-27,2017-06-27 10:30:55
10:30:58,10:30:58,6.03,--,4,2412,买盘,2017-06-27,2017-06-27 10:30:58
10:31:04,10:31:04,6.03,--,30,18090,买盘,2017-06-27,2017-06-27 10:31:04
10:31:13,10:31:13,6.02,-0.01,19,11949,卖盘,2017-06-27,2017-06-27 10:31:13
10:31:16,10:31:16,6.03,0.01,10,6030,买盘,2017-06-27,2017-06-27 10:31:16
10:31:19,10:31:19,6.02,-0.01,83,49966,卖盘,2017-06-27,2017-06-27 10:31:19
10:31:31,10:31:31,6.02,--,902,543094,卖盘,2017-06-27,2017-06-27 10:31:31
10:31:43,10:31:43,6.02,--,1,602,买盘,2017-06-27,2017-06-27 10:31:43
10:31:55,10:31:55,6.01,-0.01,13,7813,卖盘,2017-06-27,2017-06-27 10:31:55
10:32:13,10:32:13,6.01,--,12,7566,卖盘,2017-06-27,2017-06-27 10:32:13
10:32:16,10:32:16,6.01,--,8,4964,卖盘,2017-06-27,2017-06-27 10:32:16
10:32:37,10:32:37,6.02,0.01,101,61313,买盘,2017-06-27,2017-06-27 10:32:37
10:32:46,10:32:46,6.02,--,15,9120,卖盘,2017-06-27,2017-06-27 10:32:46
10:32:55,10:32:55,6.02,--,10,6020,买盘,2017-06-27,2017-06-27 10:32:55
10:33:01,10:33:01,6.02,--,80,48160,买盘,2017-06-27,2017-06-27 10:33:01
10:33:16,10:33:16,6.01,-0.01,19,11929,卖盘,2017-06-27,2017-06-27 10:33:16
10:33:34,10:33:34,6.02,0.01,24,14959,买盘,2017-06-27,2017-06-27 10:33:34
10:33:37,10:33:37,6.02,--,8,4816,卖盘,2017-06-27,2017-06-27 10:33:37
10:34:10,10:34:10,6.02,--,44,26487,卖盘,2017-06-27,2017-06-27 10:34:10
10:34:13,10:34:13,6.03,0.01,326,196578,买盘,2017-06-27,2017-06-27 10:34:13
10:34:19,10:34:19,6.02,-0.01,19,11949,卖盘,2017-06-27,2017-06-27 10:34:19
10:34:22,10:34:22,6.02,--,11,6621,卖盘,2017-06-27,2017-06-27 10:34:22
10:34:25,10:34:25,6.03,0.01,1,603,买盘,2017-06-27,2017-06-27 10:34:25
10:34:31,10:34:31,6.03,--,2,1206,买盘,2017-06-27,2017-06-27 10:34:31
10:34:37,10:34:37,6.02,-0.01,1,602,卖盘,2017-06-27,2017-06-27 10:34:37
10:34:40,10:34:40,6.02,--,36,21672,卖盘,2017-06-27,2017-06-27 10:34:40
10:34:55,10:34:55,6.02,--,66,39912,卖盘,2017-06-27,2017-06-27 10:34:55
10:35:01,10:35:01,6.02,--,1,602,买盘,2017-06-27,2017-06-27 10:35:01
10:35:16,10:35:16,6.02,--,9,5418,买盘,2017-06-27,2017-06-27 10:35:16
10:35:19,10:35:19,6.01,-0.01,11,6857,卖盘,2017-06-27,2017-06-27 10:35:19
10:35:22,10:35:22,6.01,--,8,5072,卖盘,2017-06-27,2017-06-27 10:35:22
10:35:31,10:35:31,6.01,--,21,12621,卖盘,2017-06-27,2017-06-27 10:35:31
10:35:35,10:35:35,6.01,--,994,597664,卖盘,2017-06-27,2017-06-27 10:35:35
10:35:44,10:35:44,6.01,--,0,0,买盘,2017-06-27,2017-06-27 10:35:44
10:35:46,10:35:46,6.01,--,0,0,中性盘,2017-06-27,2017-06-27 10:35:46
10:35:53,10:35:53,6.01,--,2,1202,卖盘,2017-06-27,2017-06-27 10:35:53
10:36:02,10:36:02,6.01,--,160,96160,卖盘,2017-06-27,2017-06-27 10:36:02
10:36:14,10:36:14,6.02,0.01,40,24080,买盘,2017-06-27,2017-06-27 10:36:14
10:36:23,10:36:23,6.01,-0.01,19,11929,卖盘,2017-06-27,2017-06-27 10:36:23
10:36:26,10:36:26,6.02,0.01,3,1805,买盘,2017-06-27,2017-06-27 10:36:26
10:36:50,10:36:50,6.01,-0.01,1342,806542,卖盘,2017-06-27,2017-06-27 10:36:50
10:36:59,10:36:59,6.02,0.01,6,3611,买盘,2017-06-27,2017-06-27 10:36:59
10:37:02,10:37:02,6.02,--,20,12040,买盘,2017-06-27,2017-06-27 10:37:02
10:37:11,10:37:11,6.01,-0.01,71,42761,卖盘,2017-06-27,2017-06-27 10:37:11
10:37:17,10:37:17,6.01,--,100,60100,买盘,2017-06-27,2017-06-27 10:37:17
10:37:19,10:37:19,6.01,--,26,15626,买盘,2017-06-27,2017-06-27 10:37:19
10:37:22,10:37:22,6.0,-0.01,11,6858,卖盘,2017-06-27,2017-06-27 10:37:22
10:37:26,10:37:26,6.0,--,8,5052,卖盘,2017-06-27,2017-06-27 10:37:26
10:37:29,10:37:29,6.01,0.01,10,6010,买盘,2017-06-27,2017-06-27 10:37:29
10:37:32,10:37:32,6.01,--,37,22237,买盘,2017-06-27,2017-06-27 10:37:32
10:37:53,10:37:53,6.01,--,12,7212,买盘,2017-06-27,2017-06-27 10:37:53
10:38:08,10:38:08,6.01,--,1,601,买盘,2017-06-27,2017-06-27 10:38:08
10:38:26,10:38:26,6.0,-0.01,19,11910,卖盘,2017-06-27,2017-06-27 10:38:26
10:38:32,10:38:32,6.01,0.01,1,601,买盘,2017-06-27,2017-06-27 10:38:32
10:38:43,10:38:43,6.0,-0.01,1342,805200,卖盘,2017-06-27,2017-06-27 10:38:43
10:38:59,10:38:59,6.0,--,90,54000,卖盘,2017-06-27,2017-06-27 10:38:59
10:39:11,10:39:11,6.0,--,1235,741180,卖盘,2017-06-27,2017-06-27 10:39:11
10:39:14,10:39:14,6.0,--,20,12000,买盘,2017-06-27,2017-06-27 10:39:14
10:39:17,10:39:17,6.0,--,30,18000,买盘,2017-06-27,2017-06-27 10:39:17
10:39:19,10:39:19,6.0,--,30,18000,买盘,2017-06-27,2017-06-27 10:39:19
10:39:26,10:39:26,5.99,-0.01,68,41061,卖盘,2017-06-27,2017-06-27 10:39:26
10:39:29,10:39:29,5.99,--,0,0,卖盘,2017-06-27,2017-06-27 10:39:29
10:39:32,10:39:32,6.0,0.01,8,4800,卖盘,2017-06-27,2017-06-27 10:39:32
10:39:34,10:39:34,6.0,--,2,1200,卖盘,2017-06-27,2017-06-27 10:39:34
10:39:41,10:39:41,6.0,--,5,3000,卖盘,2017-06-27,2017-06-27 10:39:41
10:40:23,10:40:23,6.0,--,1,600,卖盘,2017-06-27,2017-06-27 10:40:23
10:40:26,10:40:26,6.0,--,18,10800,卖盘,2017-06-27,2017-06-27 10:40:26
10:40:29,10:40:29,6.0,--,19,11910,卖盘,2017-06-27,2017-06-27 10:40:29
10:40:44,10:40:44,6.0,--,27,16200,卖盘,2017-06-27,2017-06-27 10:40:44
10:40:49,10:40:49,6.01,0.01,2,1202,买盘,2017-06-27,2017-06-27 10:40:49
10:41:05,10:41:05,6.01,--,7,4207,买盘,2017-06-27,2017-06-27 10:41:05
10:41:29,10:41:29,6.0,-0.01,11,6720,卖盘,2017-06-27,2017-06-27 10:41:29
10:41:35,10:41:35,6.01,0.01,9,5409,买盘,2017-06-27,2017-06-27 10:41:35
10:41:41,10:41:41,6.0,-0.01,10,6000,卖盘,2017-06-27,2017-06-27 10:41:41
10:42:23,10:42:23,6.01,0.01,222,133422,买盘,2017-06-27,2017-06-27 10:42:23
10:42:25,10:42:25,6.01,--,9,5919,买盘,2017-06-27,2017-06-27 10:42:25
10:42:32,10:42:32,6.02,0.01,21,12642,买盘,2017-06-27,2017-06-27 10:42:32
10:42:41,10:42:41,6.01,-0.01,5,3005,卖盘,2017-06-27,2017-06-27 10:42:41
10:42:44,10:42:44,6.01,--,100,60100,卖盘,2017-06-27,2017-06-27 10:42:44
10:42:59,10:42:59,6.01,--,10,6010,卖盘,2017-06-27,2017-06-27 10:42:59
10:43:14,10:43:14,6.02,0.01,1,602,买盘,2017-06-27,2017-06-27 10:43:14
10:43:32,10:43:32,6.02,--,22,13243,买盘,2017-06-27,2017-06-27 10:43:32
10:43:41,10:43:41,6.02,--,2,1204,买盘,2017-06-27,2017-06-27 10:43:41
10:44:08,10:44:08,6.02,--,1,602,买盘,2017-06-27,2017-06-27 10:44:08
10:44:32,10:44:32,6.02,--,1,602,买盘,2017-06-27,2017-06-27 10:44:32
10:44:56,10:44:56,6.02,--,24,14447,买盘,2017-06-27,2017-06-27 10:44:56
10:45:14,10:45:14,6.02,--,191,115403,买盘,2017-06-27,2017-06-27 10:45:14
10:45:33,10:45:33,6.03,0.01,6,3618,买盘,2017-06-27,2017-06-27 10:45:33
10:45:36,10:45:36,6.02,-0.01,10,6020,卖盘,2017-06-27,2017-06-27 10:45:36
10:45:48,10:45:48,6.02,--,2,1204,卖盘,2017-06-27,2017-06-27 10:45:48
10:46:06,10:46:06,6.02,--,157,94694,卖盘,2017-06-27,2017-06-27 10:46:06
10:46:12,10:46:12,6.02,--,26,15651,买盘,2017-06-27,2017-06-27 10:46:12
10:46:15,10:46:15,6.02,--,2,1204,买盘,2017-06-27,2017-06-27 10:46:15
10:46:30,10:46:30,6.01,-0.01,41,24641,卖盘,2017-06-27,2017-06-27 10:46:30
10:47:09,10:47:09,6.01,--,5,3005,卖盘,2017-06-27,2017-06-27 10:47:09
10:47:51,10:47:51,6.01,--,33,19833,卖盘,2017-06-27,2017-06-27 10:47:51
10:48:06,10:48:06,6.02,0.01,500,301000,买盘,2017-06-27,2017-06-27 10:48:06
10:48:48,10:48:48,6.02,--,458,276137,买盘,2017-06-27,2017-06-27 10:48:48
10:48:54,10:48:54,6.02,--,1,602,卖盘,2017-06-27,2017-06-27 10:48:54
10:49:33,10:49:33,6.03,0.01,1,603,买盘,2017-06-27,2017-06-27 10:49:33
10:49:42,10:49:42,6.02,-0.01,12,7223,卖盘,2017-06-27,2017-06-27 10:49:42
10:49:51,10:49:51,6.02,--,10,6020,卖盘,2017-06-27,2017-06-27 10:49:51
10:50:21,10:50:21,6.02,--,27,16253,卖盘,2017-06-27,2017-06-27 10:50:21
10:50:31,10:50:31,6.03,0.01,1,603,买盘,2017-06-27,2017-06-27 10:50:31
10:50:40,10:50:40,6.01,-0.02,830,498830,卖盘,2017-06-27,2017-06-27 10:50:40
10:50:46,10:50:46,6.03,0.02,20,12060,买盘,2017-06-27,2017-06-27 10:50:46
10:51:46,10:51:46,6.01,-0.02,830,498830,卖盘,2017-06-27,2017-06-27 10:51:46
10:51:49,10:51:49,6.01,--,0,0,卖盘,2017-06-27,2017-06-27 10:51:49
10:52:10,10:52:10,6.01,--,831,499431,卖盘,2017-06-27,2017-06-27 10:52:10
10:52:43,10:52:43,6.02,0.01,7,4214,买盘,2017-06-27,2017-06-27 10:52:43
10:53:01,10:53:01,6.02,--,125,75250,卖盘,2017-06-27,2017-06-27 10:53:01
10:53:46,10:53:46,6.02,--,2,1204,买盘,2017-06-27,2017-06-27 10:53:46
10:54:04,10:54:04,6.01,-0.01,18,10818,卖盘,2017-06-27,2017-06-27 10:54:04
10:54:10,10:54:10,6.01,--,594,357264,卖盘,2017-06-27,2017-06-27 10:54:10
10:54:31,10:54:31,6.01,--,1,601,买盘,2017-06-27,2017-06-27 10:54:31
10:54:34,10:54:34,6.01,--,12,7212,买盘,2017-06-27,2017-06-27 10:54:34
10:54:40,10:54:40,6.0,-0.01,63,37800,卖盘,2017-06-27,2017-06-27 10:54:40
10:54:53,10:54:53,6.01,0.01,1,601,买盘,2017-06-27,2017-06-27 10:54:53
10:54:58,10:54:58,6.0,-0.01,2071,1242600,卖盘,2017-06-27,2017-06-27 10:54:58
10:55:10,10:55:10,6.01,0.01,20,12020,买盘,2017-06-27,2017-06-27 10:55:10
10:55:25,10:55:25,6.01,--,102,61302,买盘,2017-06-27,2017-06-27 10:55:25
10:55:35,10:55:35,6.01,--,19,11419,买盘,2017-06-27,2017-06-27 10:55:35
10:55:44,10:55:44,6.0,-0.01,33,19800,卖盘,2017-06-27,2017-06-27 10:55:44
10:55:53,10:55:53,6.0,--,1036,621600,卖盘,2017-06-27,2017-06-27 10:55:53
10:56:11,10:56:11,6.0,--,1036,621600,卖盘,2017-06-27,2017-06-27 10:56:11
10:56:20,10:56:20,6.01,0.01,305,183635,买盘,2017-06-27,2017-06-27 10:56:20
10:56:32,10:56:32,6.02,0.01,1,602,买盘,2017-06-27,2017-06-27 10:56:32
10:56:44,10:56:44,6.01,-0.01,63,37863,卖盘,2017-06-27,2017-06-27 10:56:44
10:56:53,10:56:53,6.02,0.01,10,6020,买盘,2017-06-27,2017-06-27 10:56:53
10:56:56,10:56:56,6.01,-0.01,55,33055,卖盘,2017-06-27,2017-06-27 10:56:56
10:57:02,10:57:02,6.02,0.01,1,602,买盘,2017-06-27,2017-06-27 10:57:02
10:57:17,10:57:17,6.01,-0.01,115,69115,卖盘,2017-06-27,2017-06-27 10:57:17
10:57:32,10:57:32,6.02,0.01,1,602,买盘,2017-06-27,2017-06-27 10:57:32
10:58:02,10:58:02,6.02,--,1,602,买盘,2017-06-27,2017-06-27 10:58:02
10:58:11,10:58:11,6.02,--,2,1204,买盘,2017-06-27,2017-06-27 10:58:11
10:58:32,10:58:32,6.02,--,1,602,买盘,2017-06-27,2017-06-27 10:58:32
10:58:44,10:58:44,6.02,--,16,9632,买盘,2017-06-27,2017-06-27 10:58:44
10:59:32,10:59:32,6.02,--,1,602,买盘,2017-06-27,2017-06-27 10:59:32
10:59:38,10:59:38,6.02,--,27,16253,买盘,2017-06-27,2017-06-27 10:59:38
10:59:53,10:59:53,6.02,--,27,16253,买盘,2017-06-27,2017-06-27 10:59:53
11:00:02,11:00:02,6.01,-0.01,50,30050,卖盘,2017-06-27,2017-06-27 11:00:02
11:00:11,11:00:11,6.01,--,16,9616,卖盘,2017-06-27,2017-06-27 11:00:11
11:00:32,11:00:32,6.02,0.01,4,2408,买盘,2017-06-27,2017-06-27 11:00:32
11:00:50,11:00:50,6.02,--,10,6020,买盘,2017-06-27,2017-06-27 11:00:50
11:01:02,11:01:02,6.02,--,1,602,买盘,2017-06-27,2017-06-27 11:01:02
11:01:08,11:01:08,6.02,--,1,602,买盘,2017-06-27,2017-06-27 11:01:08
11:01:32,11:01:32,6.02,--,1,602,买盘,2017-06-27,2017-06-27 11:01:32
11:01:38,11:01:38,6.01,-0.01,126,75726,卖盘,2017-06-27,2017-06-27 11:01:38
11:02:26,11:02:26,6.01,--,20,12020,卖盘,2017-06-27,2017-06-27 11:02:26
11:02:50,11:02:50,6.02,0.01,159,95718,买盘,2017-06-27,2017-06-27 11:02:50
11:02:53,11:02:53,6.02,--,3,1805,买盘,2017-06-27,2017-06-27 11:02:53
11:03:05,11:03:05,6.01,-0.01,50,30050,卖盘,2017-06-27,2017-06-27 11:03:05
11:03:35,11:03:35,6.01,--,10,6010,卖盘,2017-06-27,2017-06-27 11:03:35
11:04:23,11:04:23,6.02,0.01,10,6020,买盘,2017-06-27,2017-06-27 11:04:23
11:04:32,11:04:32,6.02,--,1,602,买盘,2017-06-27,2017-06-27 11:04:32
11:05:20,11:05:20,6.02,--,100,60199,买盘,2017-06-27,2017-06-27 11:05:20
11:05:23,11:05:23,6.01,-0.01,6,3606,卖盘,2017-06-27,2017-06-27 11:05:23
11:05:32,11:05:32,6.02,0.01,2,1204,买盘,2017-06-27,2017-06-27 11:05:32
11:05:38,11:05:38,6.01,-0.01,11,6611,卖盘,2017-06-27,2017-06-27 11:05:38
11:05:42,11:05:42,6.02,0.01,907,546014,买盘,2017-06-27,2017-06-27 11:05:42
11:05:51,11:05:51,6.02,--,10,6020,买盘,2017-06-27,2017-06-27 11:05:51
11:06:06,11:06:06,6.02,--,19,11438,买盘,2017-06-27,2017-06-27 11:06:06
11:06:33,11:06:33,6.02,--,1,602,买盘,2017-06-27,2017-06-27 11:06:33
11:06:48,11:06:48,6.02,--,1,602,买盘,2017-06-27,2017-06-27 11:06:48
11:07:00,11:07:00,6.02,--,3,1805,买盘,2017-06-27,2017-06-27 11:07:00
11:07:09,11:07:09,6.02,--,9,5418,买盘,2017-06-27,2017-06-27 11:07:09
11:07:33,11:07:33,6.02,--,61,36722,买盘,2017-06-27,2017-06-27 11:07:33
11:08:12,11:08:12,6.01,-0.01,140,84140,卖盘,2017-06-27,2017-06-27 11:08:12
11:08:21,11:08:21,6.01,--,47,28247,卖盘,2017-06-27,2017-06-27 11:08:21
11:08:33,11:08:33,6.02,0.01,2,1204,买盘,2017-06-27,2017-06-27 11:08:33
11:08:36,11:08:36,6.01,-0.01,20,12020,卖盘,2017-06-27,2017-06-27 11:08:36
11:08:51,11:08:51,6.01,--,5,3005,卖盘,2017-06-27,2017-06-27 11:08:51
11:09:09,11:09:09,6.01,--,20,12020,卖盘,2017-06-27,2017-06-27 11:09:09
11:09:33,11:09:33,6.02,0.01,1,602,买盘,2017-06-27,2017-06-27 11:09:33
11:09:48,11:09:48,6.01,-0.01,1,601,卖盘,2017-06-27,2017-06-27 11:09:48
11:10:06,11:10:06,6.01,--,20,12020,卖盘,2017-06-27,2017-06-27 11:10:06
11:10:21,11:10:21,6.01,--,15,9015,卖盘,2017-06-27,2017-06-27 11:10:21
11:10:33,11:10:33,6.02,0.01,1,602,买盘,2017-06-27,2017-06-27 11:10:33
11:11:19,11:11:19,6.02,--,54,32507,买盘,2017-06-27,2017-06-27 11:11:19
11:11:31,11:11:31,6.02,--,2,1204,买盘,2017-06-27,2017-06-27 11:11:31
11:11:40,11:11:40,6.02,--,5,3010,买盘,2017-06-27,2017-06-27 11:11:40
11:11:43,11:11:43,6.02,--,600,361200,买盘,2017-06-27,2017-06-27 11:11:43
11:11:49,11:11:49,6.02,--,85,51170,买盘,2017-06-27,2017-06-27 11:11:49
11:12:31,11:12:31,6.02,--,5,3010,卖盘,2017-06-27,2017-06-27 11:12:31
11:12:52,11:12:52,6.02,--,20,12040,卖盘,2017-06-27,2017-06-27 11:12:52
11:12:58,11:12:58,6.02,--,20,12040,卖盘,2017-06-27,2017-06-27 11:12:58
11:13:04,11:13:04,6.02,--,8,4816,卖盘,2017-06-27,2017-06-27 11:13:04
11:13:10,11:13:10,6.02,--,6,3611,卖盘,2017-06-27,2017-06-27 11:13:10
11:13:22,11:13:22,6.02,--,34,20468,卖盘,2017-06-27,2017-06-27 11:13:22
11:13:37,11:13:37,6.02,--,50,30099,卖盘,2017-06-27,2017-06-27 11:13:37
11:14:07,11:14:07,6.02,--,40,24080,卖盘,2017-06-27,2017-06-27 11:14:07
11:14:10,11:14:10,6.02,--,245,147490,卖盘,2017-06-27,2017-06-27 11:14:10
11:14:19,11:14:19,6.02,--,5,3010,卖盘,2017-06-27,2017-06-27 11:14:19
11:14:28,11:14:28,6.02,--,300,180600,卖盘,2017-06-27,2017-06-27 11:14:28
11:14:40,11:14:40,6.03,0.01,27,16281,买盘,2017-06-27,2017-06-27 11:14:40
11:14:52,11:14:52,6.03,--,1372,827316,买盘,2017-06-27,2017-06-27 11:14:52
11:15:10,11:15:10,6.03,--,231,139727,买盘,2017-06-27,2017-06-27 11:15:10
11:15:37,11:15:37,6.03,--,13,7839,卖盘,2017-06-27,2017-06-27 11:15:37
11:15:40,11:15:40,6.04,0.01,50,30200,买盘,2017-06-27,2017-06-27 11:15:40
11:15:49,11:15:49,6.03,-0.01,32,19464,卖盘,2017-06-27,2017-06-27 11:15:49
11:16:04,11:16:04,6.03,--,1,603,买盘,2017-06-27,2017-06-27 11:16:04
11:16:23,11:16:23,6.03,--,136,82442,买盘,2017-06-27,2017-06-27 11:16:23
11:16:35,11:16:35,6.03,--,165,99663,卖盘,2017-06-27,2017-06-27 11:16:35
11:16:47,11:16:47,6.03,--,20,12060,买盘,2017-06-27,2017-06-27 11:16:47
11:16:56,11:16:56,6.03,--,34,20502,买盘,2017-06-27,2017-06-27 11:16:56
11:17:05,11:17:05,6.03,--,6,3618,买盘,2017-06-27,2017-06-27 11:17:05
11:17:17,11:17:17,6.03,--,33,19899,买盘,2017-06-27,2017-06-27 11:17:17
11:17:26,11:17:26,6.03,--,95,57285,买盘,2017-06-27,2017-06-27 11:17:26
11:17:32,11:17:32,6.03,--,23,13869,买盘,2017-06-27,2017-06-27 11:17:32
11:17:53,11:17:53,6.02,-0.01,695,418498,卖盘,2017-06-27,2017-06-27 11:17:53
11:17:59,11:17:59,6.03,0.01,46,27738,买盘,2017-06-27,2017-06-27 11:17:59
11:18:11,11:18:11,6.03,--,4,2412,买盘,2017-06-27,2017-06-27 11:18:11
11:18:41,11:18:41,6.03,--,7,4221,买盘,2017-06-27,2017-06-27 11:18:41
11:19:05,11:19:05,6.03,--,50,30150,买盘,2017-06-27,2017-06-27 11:19:05
11:19:53,11:19:53,6.02,-0.01,179,107757,卖盘,2017-06-27,2017-06-27 11:19:53
11:20:08,11:20:08,6.02,--,11,6621,卖盘,2017-06-27,2017-06-27 11:20:08
11:20:17,11:20:17,6.03,0.01,5,3015,买盘,2017-06-27,2017-06-27 11:20:17
11:21:14,11:21:14,6.02,-0.01,15,9030,卖盘,2017-06-27,2017-06-27 11:21:14
11:22:05,11:22:05,6.02,--,5,3010,卖盘,2017-06-27,2017-06-27 11:22:05
11:22:08,11:22:08,6.02,--,10,6020,卖盘,2017-06-27,2017-06-27 11:22:08
11:22:53,11:22:53,6.02,--,36,21672,卖盘,2017-06-27,2017-06-27 11:22:53
11:23:05,11:23:05,6.02,--,1,602,卖盘,2017-06-27,2017-06-27 11:23:05
11:23:32,11:23:32,6.03,0.01,1,603,买盘,2017-06-27,2017-06-27 11:23:32
11:23:44,11:23:44,6.03,--,20,12060,买盘,2017-06-27,2017-06-27 11:23:44
11:24:32,11:24:32,6.03,--,1,603,买盘,2017-06-27,2017-06-27 11:24:32
11:25:05,11:25:05,6.03,--,1,603,买盘,2017-06-27,2017-06-27 11:25:05
11:25:26,11:25:26,6.02,-0.01,8,4816,卖盘,2017-06-27,2017-06-27 11:25:26
11:25:32,11:25:32,6.03,0.01,1,603,买盘,2017-06-27,2017-06-27 11:25:32
11:25:41,11:25:41,6.03,--,3,1809,买盘,2017-06-27,2017-06-27 11:25:41
11:26:02,11:26:02,6.02,-0.01,51,30701,卖盘,2017-06-27,2017-06-27 11:26:02
11:26:32,11:26:32,6.03,0.01,2,1206,买盘,2017-06-27,2017-06-27 11:26:32
11:26:42,11:26:42,6.02,-0.01,42,25284,卖盘,2017-06-27,2017-06-27 11:26:42
11:27:21,11:27:21,6.02,--,409,246217,卖盘,2017-06-27,2017-06-27 11:27:21
11:27:24,11:27:24,6.03,0.01,20,12060,买盘,2017-06-27,2017-06-27 11:27:24
11:27:39,11:27:39,6.02,-0.01,55,33110,卖盘,2017-06-27,2017-06-27 11:27:39
11:27:54,11:27:54,6.02,--,11,6621,买盘,2017-06-27,2017-06-27 11:27:54
11:28:00,11:28:00,6.02,--,100,60199,买盘,2017-06-27,2017-06-27 11:28:00
11:28:09,11:28:09,6.01,-0.01,10,6010,卖盘,2017-06-27,2017-06-27 11:28:09
11:28:45,11:28:45,6.02,0.01,9,5418,买盘,2017-06-27,2017-06-27 11:28:45
11:29:36,11:29:36,6.01,-0.01,18,10818,卖盘,2017-06-27,2017-06-27 11:29:36
11:29:39,11:29:39,6.02,0.01,1,602,买盘,2017-06-27,2017-06-27 11:29:39
11:30:00,11:30:00,6.02,--,0,0,买盘,2017-06-27,2017-06-27 11:30:00
11:30:00,11:30:00,6.02,--,0,0,买盘,2017-06-27,2017-06-27 11:30:00
13:00:02,13:00:02,6.01,-0.01,556,334156,卖盘,2017-06-27,2017-06-27 13:00:02
13:00:05,13:00:05,6.01,--,400,240400,卖盘,2017-06-27,2017-06-27 13:00:05
13:00:35,13:00:35,6.01,--,6,3606,卖盘,2017-06-27,2017-06-27 13:00:35
13:01:56,13:01:56,6.01,--,28,16828,卖盘,2017-06-27,2017-06-27 13:01:56
13:02:17,13:02:17,6.01,--,28,16828,卖盘,2017-06-27,2017-06-27 13:02:17
13:02:53,13:02:53,6.02,0.01,3,1805,买盘,2017-06-27,2017-06-27 13:02:53
13:04:17,13:04:17,6.01,-0.01,20,12020,卖盘,2017-06-27,2017-06-27 13:04:17
13:04:29,13:04:29,6.01,--,54,32454,卖盘,2017-06-27,2017-06-27 13:04:29
13:04:32,13:04:32,6.01,--,20,12020,卖盘,2017-06-27,2017-06-27 13:04:32
13:04:41,13:04:41,6.01,--,9,5409,卖盘,2017-06-27,2017-06-27 13:04:41
13:04:47,13:04:47,6.01,--,17,10217,卖盘,2017-06-27,2017-06-27 13:04:47
13:04:53,13:04:53,6.02,0.01,50,30099,买盘,2017-06-27,2017-06-27 13:04:53
13:06:11,13:06:11,6.01,-0.01,3,1803,卖盘,2017-06-27,2017-06-27 13:06:11
13:06:32,13:06:32,6.02,0.01,1,602,买盘,2017-06-27,2017-06-27 13:06:32
13:06:53,13:06:53,6.02,--,80,48160,买盘,2017-06-27,2017-06-27 13:06:53
13:06:56,13:06:56,6.01,-0.01,40,24040,卖盘,2017-06-27,2017-06-27 13:06:56
13:07:08,13:07:08,6.02,0.01,1,602,买盘,2017-06-27,2017-06-27 13:07:08
13:07:17,13:07:17,6.01,-0.01,1,601,卖盘,2017-06-27,2017-06-27 13:07:17
13:07:23,13:07:23,6.02,0.01,40,24080,买盘,2017-06-27,2017-06-27 13:07:23
13:07:32,13:07:32,6.02,--,1,602,买盘,2017-06-27,2017-06-27 13:07:32
13:07:35,13:07:35,6.01,-0.01,71,42671,卖盘,2017-06-27,2017-06-27 13:07:35
13:07:47,13:07:47,6.01,--,18,11310,卖盘,2017-06-27,2017-06-27 13:07:47
13:08:03,13:08:03,6.01,--,198,119106,卖盘,2017-06-27,2017-06-27 13:08:03
13:08:15,13:08:15,6.0,-0.01,3,1800,卖盘,2017-06-27,2017-06-27 13:08:15
13:08:33,13:08:33,6.01,0.01,1,601,买盘,2017-06-27,2017-06-27 13:08:33
13:08:55,13:08:55,6.0,-0.01,51,30600,卖盘,2017-06-27,2017-06-27 13:08:55
13:09:16,13:09:16,6.0,--,3,1800,卖盘,2017-06-27,2017-06-27 13:09:16
13:09:33,13:09:33,6.01,0.01,1,601,买盘,2017-06-27,2017-06-27 13:09:33
13:09:43,13:09:43,6.0,-0.01,234,140892,卖盘,2017-06-27,2017-06-27 13:09:43
13:09:49,13:09:49,6.0,--,22,13200,卖盘,2017-06-27,2017-06-27 13:09:49
13:10:16,13:10:16,6.0,--,2,1200,卖盘,2017-06-27,2017-06-27 13:10:16
13:10:34,13:10:34,6.0,--,32,19200,卖盘,2017-06-27,2017-06-27 13:10:34
13:10:40,13:10:40,6.01,0.01,82,49282,买盘,2017-06-27,2017-06-27 13:10:40
13:10:43,13:10:43,6.0,-0.01,186,111600,卖盘,2017-06-27,2017-06-27 13:10:43
13:10:52,13:10:52,6.0,--,22,13200,卖盘,2017-06-27,2017-06-27 13:10:52
13:10:58,13:10:58,6.0,--,17,10200,卖盘,2017-06-27,2017-06-27 13:10:58
13:11:04,13:11:04,6.01,0.01,1,601,买盘,2017-06-27,2017-06-27 13:11:04
13:11:19,13:11:19,6.0,-0.01,30,18000,卖盘,2017-06-27,2017-06-27 13:11:19
13:11:31,13:11:31,6.0,--,3,1800,卖盘,2017-06-27,2017-06-27 13:11:31
13:11:34,13:11:34,6.01,0.01,1,601,买盘,2017-06-27,2017-06-27 13:11:34
13:11:37,13:11:37,6.0,-0.01,110,66000,卖盘,2017-06-27,2017-06-27 13:11:37
13:11:46,13:11:46,6.0,--,10,6000,卖盘,2017-06-27,2017-06-27 13:11:46
13:11:52,13:11:52,6.01,0.01,10,6010,买盘,2017-06-27,2017-06-27 13:11:52
13:11:55,13:11:55,6.0,-0.01,580,348000,卖盘,2017-06-27,2017-06-27 13:11:55
13:12:07,13:12:07,6.0,--,4,2400,卖盘,2017-06-27,2017-06-27 13:12:07
13:12:16,13:12:16,6.0,--,20,12000,卖盘,2017-06-27,2017-06-27 13:12:16
13:12:25,13:12:25,6.0,--,124,74400,卖盘,2017-06-27,2017-06-27 13:12:25
13:12:34,13:12:34,6.01,0.01,1,601,买盘,2017-06-27,2017-06-27 13:12:34
13:12:46,13:12:46,6.01,--,166,99766,买盘,2017-06-27,2017-06-27 13:12:46
13:12:58,13:12:58,6.01,--,2,1202,买盘,2017-06-27,2017-06-27 13:12:58
13:13:34,13:13:34,6.01,--,1,601,买盘,2017-06-27,2017-06-27 13:13:34
13:13:37,13:13:37,6.0,-0.01,50,30000,卖盘,2017-06-27,2017-06-27 13:13:37
13:13:52,13:13:52,6.01,0.01,3,1803,买盘,2017-06-27,2017-06-27 13:13:52
13:13:58,13:13:58,6.0,-0.01,1,600,卖盘,2017-06-27,2017-06-27 13:13:58
13:14:02,13:14:02,6.01,0.01,1,601,买盘,2017-06-27,2017-06-27 13:14:02
13:14:04,13:14:04,6.0,-0.01,9,5400,卖盘,2017-06-27,2017-06-27 13:14:04
13:14:19,13:14:19,6.0,--,17,10200,卖盘,2017-06-27,2017-06-27 13:14:19
13:14:28,13:14:28,6.0,--,99,59400,卖盘,2017-06-27,2017-06-27 13:14:28
13:14:31,13:14:31,6.01,0.01,1,601,买盘,2017-06-27,2017-06-27 13:14:31
13:14:35,13:14:35,6.0,-0.01,1712,1027602,卖盘,2017-06-27,2017-06-27 13:14:35
13:14:44,13:14:44,6.0,--,384,230400,卖盘,2017-06-27,2017-06-27 13:14:44
13:14:47,13:14:47,6.0,--,8,4800,卖盘,2017-06-27,2017-06-27 13:14:47
13:14:50,13:14:50,6.0,--,136,81906,卖盘,2017-06-27,2017-06-27 13:14:50
13:15:20,13:15:20,5.99,-0.01,22,13178,卖盘,2017-06-27,2017-06-27 13:15:20
13:15:23,13:15:23,6.0,0.01,66,39600,买盘,2017-06-27,2017-06-27 13:15:23
13:15:32,13:15:32,6.0,--,1,600,买盘,2017-06-27,2017-06-27 13:15:32
13:15:38,13:15:38,6.0,--,25,15000,买盘,2017-06-27,2017-06-27 13:15:38
13:15:52,13:15:52,5.99,-0.01,200,119800,卖盘,2017-06-27,2017-06-27 13:15:52
13:16:08,13:16:08,5.99,--,10,5990,卖盘,2017-06-27,2017-06-27 13:16:08
13:16:20,13:16:20,5.99,--,22,13178,卖盘,2017-06-27,2017-06-27 13:16:20
13:16:35,13:16:35,5.99,--,3,1797,卖盘,2017-06-27,2017-06-27 13:16:35
13:16:50,13:16:50,6.0,0.01,10,6000,买盘,2017-06-27,2017-06-27 13:16:50
13:16:55,13:16:55,5.99,-0.01,10,5990,卖盘,2017-06-27,2017-06-27 13:16:55
13:17:02,13:17:02,5.99,--,300,179700,卖盘,2017-06-27,2017-06-27 13:17:02
13:17:05,13:17:05,5.99,--,154,92246,卖盘,2017-06-27,2017-06-27 13:17:05
13:17:11,13:17:11,6.0,0.01,10,6000,买盘,2017-06-27,2017-06-27 13:17:11
13:17:13,13:17:13,5.99,-0.01,148,88652,卖盘,2017-06-27,2017-06-27 13:17:13
13:17:17,13:17:17,5.99,--,15,8985,卖盘,2017-06-27,2017-06-27 13:17:17
13:17:20,13:17:20,5.99,--,22,13178,卖盘,2017-06-27,2017-06-27 13:17:20
13:17:23,13:17:23,5.99,--,100,59900,卖盘,2017-06-27,2017-06-27 13:17:23
13:17:32,13:17:32,5.99,--,17,10183,卖盘,2017-06-27,2017-06-27 13:17:32
13:17:35,13:17:35,5.99,--,13,7787,卖盘,2017-06-27,2017-06-27 13:17:35
13:17:53,13:17:53,5.99,--,98,58702,卖盘,2017-06-27,2017-06-27 13:17:53
13:17:55,13:17:55,5.99,--,3,1797,卖盘,2017-06-27,2017-06-27 13:17:55
13:18:11,13:18:11,5.99,--,30,17970,卖盘,2017-06-27,2017-06-27 13:18:11
13:18:17,13:18:17,5.99,--,31,18569,卖盘,2017-06-27,2017-06-27 13:18:17
13:18:35,13:18:35,5.99,--,3,1797,卖盘,2017-06-27,2017-06-27 13:18:35
13:18:59,13:18:59,5.99,--,1,599,卖盘,2017-06-27,2017-06-27 13:18:59
13:19:02,13:19:02,5.99,--,500,299500,卖盘,2017-06-27,2017-06-27 13:19:02
13:19:05,13:19:05,5.99,--,30,17970,卖盘,2017-06-27,2017-06-27 13:19:05
13:19:08,13:19:08,5.99,--,295,176974,卖盘,2017-06-27,2017-06-27 13:19:08
13:19:14,13:19:14,5.99,--,0,0,买盘,2017-06-27,2017-06-27 13:19:14
13:19:17,13:19:17,5.98,-0.01,33,20062,卖盘,2017-06-27,2017-06-27 13:19:17
13:19:29,13:19:29,5.98,--,0,0,卖盘,2017-06-27,2017-06-27 13:19:29
13:19:35,13:19:35,5.99,0.01,15,8985,卖盘,2017-06-27,2017-06-27 13:19:35
13:19:44,13:19:44,5.99,--,29,17371,卖盘,2017-06-27,2017-06-27 13:19:44
13:20:17,13:20:17,5.99,--,22,13178,卖盘,2017-06-27,2017-06-27 13:20:17
13:20:29,13:20:29,5.99,--,30,17970,卖盘,2017-06-27,2017-06-27 13:20:29
13:20:35,13:20:35,5.99,--,1,599,卖盘,2017-06-27,2017-06-27 13:20:35
13:21:17,13:21:17,5.99,--,22,13178,卖盘,2017-06-27,2017-06-27 13:21:17
13:21:29,13:21:29,5.99,--,112,67088,卖盘,2017-06-27,2017-06-27 13:21:29
13:21:50,13:21:50,5.99,--,6,3594,卖盘,2017-06-27,2017-06-27 13:21:50
13:21:56,13:21:56,5.99,--,10,5990,卖盘,2017-06-27,2017-06-27 13:21:56
13:22:08,13:22:08,5.99,--,240,143760,卖盘,2017-06-27,2017-06-27 13:22:08
13:22:14,13:22:14,5.99,--,15,8985,卖盘,2017-06-27,2017-06-27 13:22:14
13:22:17,13:22:17,5.99,--,22,13178,卖盘,2017-06-27,2017-06-27 13:22:17
13:22:38,13:22:38,5.99,--,20,11980,卖盘,2017-06-27,2017-06-27 13:22:38
13:23:05,13:23:05,6.0,0.01,167,100200,买盘,2017-06-27,2017-06-27 13:23:05
13:23:17,13:23:17,5.99,-0.01,32,19168,卖盘,2017-06-27,2017-06-27 13:23:17
13:23:35,13:23:35,5.99,--,17,10183,卖盘,2017-06-27,2017-06-27 13:23:35
13:24:05,13:24:05,5.99,--,24,14376,卖盘,2017-06-27,2017-06-27 13:24:05
13:24:08,13:24:08,6.0,0.01,11,6600,买盘,2017-06-27,2017-06-27 13:24:08
13:24:23,13:24:23,6.0,--,61,36600,买盘,2017-06-27,2017-06-27 13:24:23
13:24:29,13:24:29,5.99,-0.01,100,59900,卖盘,2017-06-27,2017-06-27 13:24:29
13:24:47,13:24:47,6.0,0.01,72,43200,买盘,2017-06-27,2017-06-27 13:24:47
13:24:50,13:24:50,5.99,-0.01,3,1797,卖盘,2017-06-27,2017-06-27 13:24:50
13:25:32,13:25:32,6.0,0.01,139,83400,买盘,2017-06-27,2017-06-27 13:25:32
13:25:44,13:25:44,5.99,-0.01,13,7787,卖盘,2017-06-27,2017-06-27 13:25:44
13:25:50,13:25:50,6.0,0.01,23,13800,买盘,2017-06-27,2017-06-27 13:25:50
13:25:56,13:25:56,5.99,-0.01,16,9584,卖盘,2017-06-27,2017-06-27 13:25:56
13:26:17,13:26:17,5.99,--,67,40133,卖盘,2017-06-27,2017-06-27 13:26:17
13:26:50,13:26:50,5.99,--,80,47920,卖盘,2017-06-27,2017-06-27 13:26:50
13:27:10,13:27:10,5.99,--,36,21564,卖盘,2017-06-27,2017-06-27 13:27:10
13:27:21,13:27:21,5.99,--,270,161730,卖盘,2017-06-27,2017-06-27 13:27:21
13:27:46,13:27:46,5.99,--,10,5990,卖盘,2017-06-27,2017-06-27 13:27:46
13:28:19,13:28:19,5.99,--,152,91048,卖盘,2017-06-27,2017-06-27 13:28:19
13:28:22,13:28:22,5.99,--,5,2995,卖盘,2017-06-27,2017-06-27 13:28:22
13:28:28,13:28:28,5.99,--,138,82662,卖盘,2017-06-27,2017-06-27 13:28:28
13:28:40,13:28:40,5.99,--,4,2396,卖盘,2017-06-27,2017-06-27 13:28:40
13:28:49,13:28:49,5.99,--,10,5990,卖盘,2017-06-27,2017-06-27 13:28:49
13:28:52,13:28:52,5.99,--,2,1198,卖盘,2017-06-27,2017-06-27 13:28:52
13:29:07,13:29:07,5.99,--,12,7188,卖盘,2017-06-27,2017-06-27 13:29:07
13:29:28,13:29:28,5.99,--,2,1198,卖盘,2017-06-27,2017-06-27 13:29:28
13:29:37,13:29:37,5.99,--,10,5990,卖盘,2017-06-27,2017-06-27 13:29:37
13:30:34,13:30:34,6.0,0.01,1,600,买盘,2017-06-27,2017-06-27 13:30:34
13:30:55,13:30:55,6.0,--,2,1200,买盘,2017-06-27,2017-06-27 13:30:55
13:31:19,13:31:19,6.0,--,46,27600,买盘,2017-06-27,2017-06-27 13:31:19
13:31:25,13:31:25,5.99,-0.01,1,599,卖盘,2017-06-27,2017-06-27 13:31:25
13:31:28,13:31:28,5.99,--,15,8985,卖盘,2017-06-27,2017-06-27 13:31:28
13:31:31,13:31:31,6.0,0.01,243,145800,买盘,2017-06-27,2017-06-27 13:31:31
13:31:34,13:31:34,6.0,--,31,18600,买盘,2017-06-27,2017-06-27 13:31:34
13:31:55,13:31:55,6.0,--,80,48000,买盘,2017-06-27,2017-06-27 13:31:55
13:32:34,13:32:34,6.0,--,2,1200,买盘,2017-06-27,2017-06-27 13:32:34
13:33:32,13:33:32,6.0,--,1,600,买盘,2017-06-27,2017-06-27 13:33:32
13:33:40,13:33:40,6.0,--,10,6000,买盘,2017-06-27,2017-06-27 13:33:40
13:33:44,13:33:44,6.0,--,29,17400,买盘,2017-06-27,2017-06-27 13:33:44
13:33:59,13:33:59,6.0,--,30,18000,买盘,2017-06-27,2017-06-27 13:33:59
13:34:08,13:34:08,5.99,-0.01,10,5990,卖盘,2017-06-27,2017-06-27 13:34:08
13:34:32,13:34:32,6.0,0.01,1,600,买盘,2017-06-27,2017-06-27 13:34:32
13:34:38,13:34:38,5.99,-0.01,5,2995,卖盘,2017-06-27,2017-06-27 13:34:38
13:34:56,13:34:56,5.99,--,10,5990,卖盘,2017-06-27,2017-06-27 13:34:56
13:35:02,13:35:02,5.99,--,185,110815,卖盘,2017-06-27,2017-06-27 13:35:02
13:35:32,13:35:32,6.0,0.01,2,1200,买盘,2017-06-27,2017-06-27 13:35:32
13:35:50,13:35:50,6.0,--,5,3000,买盘,2017-06-27,2017-06-27 13:35:50
13:35:53,13:35:53,6.0,--,1,600,买盘,2017-06-27,2017-06-27 13:35:53
13:36:17,13:36:17,6.0,--,377,226494,买盘,2017-06-27,2017-06-27 13:36:17
13:36:35,13:36:35,6.0,--,6,3600,卖盘,2017-06-27,2017-06-27 13:36:35
13:36:38,13:36:38,6.0,--,10,6000,卖盘,2017-06-27,2017-06-27 13:36:38
13:36:53,13:36:53,6.0,--,55,33000,卖盘,2017-06-27,2017-06-27 13:36:53
13:37:50,13:37:50,6.0,--,10,6000,卖盘,2017-06-27,2017-06-27 13:37:50
13:38:23,13:38:23,6.0,--,30,18000,卖盘,2017-06-27,2017-06-27 13:38:23
13:38:32,13:38:32,6.0,--,85,51306,卖盘,2017-06-27,2017-06-27 13:38:32
13:38:53,13:38:53,6.0,--,0,0,买盘,2017-06-27,2017-06-27 13:38:53
13:38:56,13:38:56,6.0,--,0,0,中性盘,2017-06-27,2017-06-27 13:38:56
13:39:14,13:39:14,6.0,--,19,11400,买盘,2017-06-27,2017-06-27 13:39:14
13:39:56,13:39:56,6.0,--,500,300000,买盘,2017-06-27,2017-06-27 13:39:56
13:39:59,13:39:59,6.0,--,5,3000,买盘,2017-06-27,2017-06-27 13:39:59
13:40:02,13:40:02,6.0,--,5,3000,买盘,2017-06-27,2017-06-27 13:40:02
13:40:05,13:40:05,6.0,--,2,1200,买盘,2017-06-27,2017-06-27 13:40:05
13:40:35,13:40:35,6.0,--,59,35400,买盘,2017-06-27,2017-06-27 13:40:35
13:40:47,13:40:47,6.0,--,102,61200,买盘,2017-06-27,2017-06-27 13:40:47
13:41:02,13:41:02,6.0,--,119,71400,买盘,2017-06-27,2017-06-27 13:41:02
13:41:14,13:41:14,6.0,--,30,18000,卖盘,2017-06-27,2017-06-27 13:41:14
13:42:23,13:42:23,6.0,--,50,30000,卖盘,2017-06-27,2017-06-27 13:42:23
13:42:26,13:42:26,6.0,--,10,6000,卖盘,2017-06-27,2017-06-27 13:42:26
13:42:44,13:42:44,6.0,--,30,18000,卖盘,2017-06-27,2017-06-27 13:42:44
13:43:02,13:43:02,6.0,--,14,8400,卖盘,2017-06-27,2017-06-27 13:43:02
13:43:23,13:43:23,6.0,--,2,1200,卖盘,2017-06-27,2017-06-27 13:43:23
13:44:14,13:44:14,6.0,--,46,27600,卖盘,2017-06-27,2017-06-27 13:44:14
13:44:20,13:44:20,6.01,0.01,34,20434,买盘,2017-06-27,2017-06-27 13:44:20
13:44:47,13:44:47,6.01,--,500,300500,买盘,2017-06-27,2017-06-27 13:44:47
13:45:06,13:45:06,6.01,--,143,85943,买盘,2017-06-27,2017-06-27 13:45:06
13:45:08,13:45:08,6.02,0.01,980,589960,买盘,2017-06-27,2017-06-27 13:45:08
13:45:11,13:45:11,6.03,0.01,529,319282,买盘,2017-06-27,2017-06-27 13:45:11
13:45:14,13:45:14,6.03,--,300,180900,买盘,2017-06-27,2017-06-27 13:45:14
13:45:17,13:45:17,6.02,-0.01,7,4214,卖盘,2017-06-27,2017-06-27 13:45:17
13:45:23,13:45:23,6.03,0.01,5,3015,买盘,2017-06-27,2017-06-27 13:45:23
13:45:32,13:45:32,6.02,-0.01,45,27089,卖盘,2017-06-27,2017-06-27 13:45:32
13:45:36,13:45:36,6.03,0.01,42,25326,买盘,2017-06-27,2017-06-27 13:45:36
13:45:38,13:45:38,6.02,-0.01,48,28895,卖盘,2017-06-27,2017-06-27 13:45:38
13:45:44,13:45:44,6.03,0.01,50,30150,买盘,2017-06-27,2017-06-27 13:45:44
13:45:53,13:45:53,6.03,--,60,36180,买盘,2017-06-27,2017-06-27 13:45:53
13:45:59,13:45:59,6.03,--,92,55476,买盘,2017-06-27,2017-06-27 13:45:59
13:46:02,13:46:02,6.03,--,20,12060,买盘,2017-06-27,2017-06-27 13:46:02
13:46:05,13:46:05,6.03,--,169,101907,买盘,2017-06-27,2017-06-27 13:46:05
13:46:12,13:46:12,6.03,--,68,41004,买盘,2017-06-27,2017-06-27 13:46:12
13:46:24,13:46:24,6.03,--,15,9045,买盘,2017-06-27,2017-06-27 13:46:24
13:46:35,13:46:35,6.03,--,24,14472,买盘,2017-06-27,2017-06-27 13:46:35
13:46:42,13:46:42,6.03,--,26,15678,买盘,2017-06-27,2017-06-27 13:46:42
13:46:44,13:46:44,6.03,--,39,23517,买盘,2017-06-27,2017-06-27 13:46:44
13:46:51,13:46:51,6.03,--,4,2412,买盘,2017-06-27,2017-06-27 13:46:51
13:47:00,13:47:00,6.02,-0.01,46,27691,卖盘,2017-06-27,2017-06-27 13:47:00
13:47:02,13:47:02,6.03,0.01,56,33768,买盘,2017-06-27,2017-06-27 13:47:02
13:47:08,13:47:08,6.02,-0.01,69,41538,卖盘,2017-06-27,2017-06-27 13:47:08
13:47:11,13:47:11,6.02,--,468,281736,卖盘,2017-06-27,2017-06-27 13:47:11
13:47:18,13:47:18,6.02,--,10,6020,买盘,2017-06-27,2017-06-27 13:47:18
13:47:27,13:47:27,6.02,--,22,13243,买盘,2017-06-27,2017-06-27 13:47:27
13:47:35,13:47:35,6.02,--,45,27089,卖盘,2017-06-27,2017-06-27 13:47:35
13:47:38,13:47:38,6.02,--,6,3611,买盘,2017-06-27,2017-06-27 13:47:38
13:47:44,13:47:44,6.02,--,23,13845,买盘,2017-06-27,2017-06-27 13:47:44
13:47:47,13:47:47,6.03,0.01,300,180900,买盘,2017-06-27,2017-06-27 13:47:47
13:47:51,13:47:51,6.02,-0.01,16,9632,卖盘,2017-06-27,2017-06-27 13:47:51
13:47:53,13:47:53,6.03,0.01,387,233361,买盘,2017-06-27,2017-06-27 13:47:53
13:48:00,13:48:00,6.03,--,74,45056,买盘,2017-06-27,2017-06-27 13:48:00
13:48:02,13:48:02,6.03,--,10,6030,卖盘,2017-06-27,2017-06-27 13:48:02
13:48:05,13:48:05,6.04,0.01,50,30200,买盘,2017-06-27,2017-06-27 13:48:05
13:48:13,13:48:13,6.04,--,250,151000,买盘,2017-06-27,2017-06-27 13:48:13
13:48:16,13:48:16,6.04,--,42,25368,买盘,2017-06-27,2017-06-27 13:48:16
13:48:19,13:48:19,6.03,-0.01,548,330444,卖盘,2017-06-27,2017-06-27 13:48:19
13:48:22,13:48:22,6.04,0.01,733,442732,买盘,2017-06-27,2017-06-27 13:48:22
13:48:24,13:48:24,6.04,--,160,97153,买盘,2017-06-27,2017-06-27 13:48:24
13:48:27,13:48:27,6.05,0.01,69,41745,买盘,2017-06-27,2017-06-27 13:48:27
13:48:30,13:48:30,6.05,--,80,48400,买盘,2017-06-27,2017-06-27 13:48:30
13:48:34,13:48:34,6.06,0.01,1828,1107768,买盘,2017-06-27,2017-06-27 13:48:34
13:48:37,13:48:37,6.07,0.01,1346,817022,买盘,2017-06-27,2017-06-27 13:48:37
13:48:40,13:48:40,6.07,--,462,280434,买盘,2017-06-27,2017-06-27 13:48:40
13:48:43,13:48:43,6.08,0.01,631,383648,买盘,2017-06-27,2017-06-27 13:48:43
13:48:45,13:48:45,6.09,0.01,363,221067,买盘,2017-06-27,2017-06-27 13:48:45
13:48:48,13:48:48,6.09,--,605,368445,买盘,2017-06-27,2017-06-27 13:48:48
13:48:52,13:48:52,6.1,0.01,1135,692752,买盘,2017-06-27,2017-06-27 13:48:52
13:48:55,13:48:55,6.1,--,565,344650,买盘,2017-06-27,2017-06-27 13:48:55
13:48:58,13:48:58,6.12,0.02,617,377604,买盘,2017-06-27,2017-06-27 13:48:58
13:49:01,13:49:01,6.12,--,77,47423,买盘,2017-06-27,2017-06-27 13:49:01
13:49:04,13:49:04,6.12,--,41,25092,买盘,2017-06-27,2017-06-27 13:49:04
13:49:07,13:49:07,6.12,--,14,8568,买盘,2017-06-27,2017-06-27 13:49:07
13:49:10,13:49:10,6.14,0.02,928,569792,买盘,2017-06-27,2017-06-27 13:49:10
13:49:13,13:49:13,6.14,--,70,42980,卖盘,2017-06-27,2017-06-27 13:49:13
13:49:16,13:49:16,6.14,--,119,73066,卖盘,2017-06-27,2017-06-27 13:49:16
13:49:19,13:49:19,6.15,0.01,90,55350,买盘,2017-06-27,2017-06-27 13:49:19
13:49:22,13:49:22,6.15,--,68,41820,买盘,2017-06-27,2017-06-27 13:49:22
13:49:25,13:49:25,6.15,--,1058,650670,买盘,2017-06-27,2017-06-27 13:49:25
13:49:28,13:49:28,6.16,0.01,100,61600,买盘,2017-06-27,2017-06-27 13:49:28
13:49:31,13:49:31,6.15,-0.01,343,210945,卖盘,2017-06-27,2017-06-27 13:49:31
13:49:34,13:49:34,6.16,0.01,195,120120,买盘,2017-06-27,2017-06-27 13:49:34
13:49:37,13:49:37,6.16,--,392,241472,买盘,2017-06-27,2017-06-27 13:49:37
13:49:40,13:49:40,6.15,-0.01,1150,707250,卖盘,2017-06-27,2017-06-27 13:49:40
13:49:43,13:49:43,6.15,--,180,110700,买盘,2017-06-27,2017-06-27 13:49:43
13:49:46,13:49:46,6.14,-0.01,301,184814,买盘,2017-06-27,2017-06-27 13:49:46
13:49:49,13:49:49,6.15,0.01,389,239235,买盘,2017-06-27,2017-06-27 13:49:49
13:49:52,13:49:52,6.15,--,153,94095,买盘,2017-06-27,2017-06-27 13:49:52
13:49:55,13:49:55,6.15,--,365,224475,买盘,2017-06-27,2017-06-27 13:49:55
13:49:58,13:49:58,6.14,-0.01,99,60786,卖盘,2017-06-27,2017-06-27 13:49:58
13:50:01,13:50:01,6.14,--,157,96398,卖盘,2017-06-27,2017-06-27 13:50:01
13:50:04,13:50:04,6.2,0.06,3376,2093120,买盘,2017-06-27,2017-06-27 13:50:04
13:50:07,13:50:07,6.2,--,285,176700,卖盘,2017-06-27,2017-06-27 13:50:07
13:50:10,13:50:10,6.2,--,921,571020,卖盘,2017-06-27,2017-06-27 13:50:10
13:50:13,13:50:13,6.21,0.01,975,605475,买盘,2017-06-27,2017-06-27 13:50:13
13:50:16,13:50:16,6.25,0.04,507,316875,买盘,2017-06-27,2017-06-27 13:50:16
13:50:19,13:50:19,6.25,--,219,136875,买盘,2017-06-27,2017-06-27 13:50:19
13:50:22,13:50:22,6.25,--,219,136875,买盘,2017-06-27,2017-06-27 13:50:22
13:50:25,13:50:25,6.27,0.02,680,426360,买盘,2017-06-27,2017-06-27 13:50:25
13:50:28,13:50:28,6.23,-0.04,873,543879,卖盘,2017-06-27,2017-06-27 13:50:28
13:50:31,13:50:31,6.23,--,299,186277,买盘,2017-06-27,2017-06-27 13:50:31
13:50:34,13:50:34,6.24,0.01,1206,752544,买盘,2017-06-27,2017-06-27 13:50:34
13:50:37,13:50:37,6.25,0.01,564,352500,买盘,2017-06-27,2017-06-27 13:50:37
13:50:40,13:50:40,6.23,-0.02,856,533288,卖盘,2017-06-27,2017-06-27 13:50:40
13:50:43,13:50:43,6.25,0.02,269,168125,买盘,2017-06-27,2017-06-27 13:50:43
13:50:46,13:50:46,6.26,0.01,322,201797,买盘,2017-06-27,2017-06-27 13:50:46
13:50:49,13:50:49,6.27,0.01,846,530442,买盘,2017-06-27,2017-06-27 13:50:49
13:50:52,13:50:52,6.26,-0.01,1011,632886,卖盘,2017-06-27,2017-06-27 13:50:52
13:50:55,13:50:55,6.29,0.03,1371,862359,买盘,2017-06-27,2017-06-27 13:50:55
13:50:58,13:50:58,6.28,-0.01,942,591576,卖盘,2017-06-27,2017-06-27 13:50:58
13:51:01,13:51:01,6.28,--,290,182120,卖盘,2017-06-27,2017-06-27 13:51:01
13:51:04,13:51:04,6.3,0.02,540,340200,买盘,2017-06-27,2017-06-27 13:51:04
13:51:07,13:51:07,6.28,-0.02,387,243036,中性盘,2017-06-27,2017-06-27 13:51:07
13:51:10,13:51:10,6.32,0.04,851,537832,买盘,2017-06-27,2017-06-27 13:51:10
13:51:13,13:51:13,6.29,-0.03,464,291856,卖盘,2017-06-27,2017-06-27 13:51:13
13:51:16,13:51:16,6.3,0.01,322,202860,卖盘,2017-06-27,2017-06-27 13:51:16
13:51:19,13:51:19,6.32,0.02,291,183912,买盘,2017-06-27,2017-06-27 13:51:19
13:51:22,13:51:22,6.31,-0.01,775,489024,中性盘,2017-06-27,2017-06-27 13:51:22
13:51:25,13:51:25,6.32,0.01,335,211720,买盘,2017-06-27,2017-06-27 13:51:25
13:51:28,13:51:28,6.3,-0.02,481,303030,卖盘,2017-06-27,2017-06-27 13:51:28
13:51:31,13:51:31,6.32,0.02,376,237632,买盘,2017-06-27,2017-06-27 13:51:31
13:51:34,13:51:34,6.32,--,232,146624,买盘,2017-06-27,2017-06-27 13:51:34
13:51:37,13:51:37,6.3,-0.02,564,355320,卖盘,2017-06-27,2017-06-27 13:51:37
13:51:40,13:51:40,6.3,--,932,587160,卖盘,2017-06-27,2017-06-27 13:51:40
13:51:43,13:51:43,6.31,0.01,219,138189,买盘,2017-06-27,2017-06-27 13:51:43
13:51:46,13:51:46,6.31,--,328,206968,卖盘,2017-06-27,2017-06-27 13:51:46
13:51:49,13:51:49,6.29,-0.02,738,464202,卖盘,2017-06-27,2017-06-27 13:51:49
13:51:52,13:51:52,6.3,0.01,272,171360,买盘,2017-06-27,2017-06-27 13:51:52
13:51:55,13:51:55,6.3,--,249,156870,买盘,2017-06-27,2017-06-27 13:51:55
13:51:58,13:51:58,6.31,0.01,360,227160,买盘,2017-06-27,2017-06-27 13:51:58
13:52:01,13:52:01,6.29,-0.02,38,23902,卖盘,2017-06-27,2017-06-27 13:52:01
13:52:04,13:52:04,6.3,0.01,172,108360,买盘,2017-06-27,2017-06-27 13:52:04
13:52:07,13:52:07,6.29,-0.01,882,554778,卖盘,2017-06-27,2017-06-27 13:52:07
13:52:10,13:52:10,6.29,--,436,274244,卖盘,2017-06-27,2017-06-27 13:52:10
13:52:13,13:52:13,6.29,--,680,427720,买盘,2017-06-27,2017-06-27 13:52:13
13:52:16,13:52:16,6.29,--,86,54094,买盘,2017-06-27,2017-06-27 13:52:16
13:52:19,13:52:19,6.28,-0.01,176,110528,卖盘,2017-06-27,2017-06-27 13:52:19
13:52:22,13:52:22,6.28,--,159,99852,买盘,2017-06-27,2017-06-27 13:52:22
13:52:25,13:52:25,6.28,--,309,194052,买盘,2017-06-27,2017-06-27 13:52:25
13:52:28,13:52:28,6.27,-0.01,1414,886577,卖盘,2017-06-27,2017-06-27 13:52:28
13:52:31,13:52:31,6.26,-0.01,677,423802,卖盘,2017-06-27,2017-06-27 13:52:31
13:52:34,13:52:34,6.27,0.01,86,53921,中性盘,2017-06-27,2017-06-27 13:52:34
13:52:37,13:52:37,6.27,--,278,174306,买盘,2017-06-27,2017-06-27 13:52:37
13:52:40,13:52:40,6.26,-0.01,591,369966,卖盘,2017-06-27,2017-06-27 13:52:40
13:52:43,13:52:43,6.25,-0.01,860,537500,卖盘,2017-06-27,2017-06-27 13:52:43
13:52:46,13:52:46,6.26,0.01,25,15650,买盘,2017-06-27,2017-06-27 13:52:46
13:52:49,13:52:49,6.25,-0.01,499,311875,卖盘,2017-06-27,2017-06-27 13:52:49
13:52:52,13:52:52,6.25,--,222,138750,买盘,2017-06-27,2017-06-27 13:52:52
13:52:55,13:52:55,6.24,-0.01,2,1248,卖盘,2017-06-27,2017-06-27 13:52:55
13:52:58,13:52:58,6.24,--,37,23088,卖盘,2017-06-27,2017-06-27 13:52:58
13:53:01,13:53:01,6.24,--,1349,841776,卖盘,2017-06-27,2017-06-27 13:53:01
13:53:04,13:53:04,6.25,0.01,93,58125,买盘,2017-06-27,2017-06-27 13:53:04
13:53:07,13:53:07,6.25,--,31,19375,卖盘,2017-06-27,2017-06-27 13:53:07
13:53:10,13:53:10,6.25,--,292,182500,卖盘,2017-06-27,2017-06-27 13:53:10
13:53:13,13:53:13,6.25,--,474,296250,卖盘,2017-06-27,2017-06-27 13:53:13
13:53:16,13:53:16,6.26,0.01,75,46950,买盘,2017-06-27,2017-06-27 13:53:16
13:53:19,13:53:19,6.26,--,351,219726,买盘,2017-06-27,2017-06-27 13:53:19
13:53:22,13:53:22,6.26,--,127,79502,买盘,2017-06-27,2017-06-27 13:53:22
13:53:25,13:53:25,6.25,-0.01,695,434375,卖盘,2017-06-27,2017-06-27 13:53:25
13:53:28,13:53:28,6.27,0.02,215,134805,买盘,2017-06-27,2017-06-27 13:53:28
13:53:31,13:53:31,6.26,-0.01,62,38812,卖盘,2017-06-27,2017-06-27 13:53:31
13:53:34,13:53:34,6.26,--,2085,1305742,卖盘,2017-06-27,2017-06-27 13:53:34
13:53:37,13:53:37,6.27,0.01,88,55175,卖盘,2017-06-27,2017-06-27 13:53:37
13:53:40,13:53:40,6.27,--,205,128534,卖盘,2017-06-27,2017-06-27 13:53:40
13:53:43,13:53:43,6.27,--,155,97185,卖盘,2017-06-27,2017-06-27 13:53:43
13:53:46,13:53:46,6.28,0.01,285,178980,买盘,2017-06-27,2017-06-27 13:53:46
13:53:49,13:53:49,6.28,--,426,267528,买盘,2017-06-27,2017-06-27 13:53:49
13:53:52,13:53:52,6.28,--,113,70964,买盘,2017-06-27,2017-06-27 13:53:52
13:53:55,13:53:55,6.28,--,427,268156,买盘,2017-06-27,2017-06-27 13:53:55
13:53:58,13:53:58,6.29,0.01,191,120139,买盘,2017-06-27,2017-06-27 13:53:58
13:54:01,13:54:01,6.29,--,298,187442,买盘,2017-06-27,2017-06-27 13:54:01
13:54:04,13:54:04,6.28,-0.01,243,152604,卖盘,2017-06-27,2017-06-27 13:54:04
13:54:07,13:54:07,6.29,0.01,336,211344,买盘,2017-06-27,2017-06-27 13:54:07
13:54:10,13:54:10,6.28,-0.01,687,431436,卖盘,2017-06-27,2017-06-27 13:54:10
13:54:13,13:54:13,6.27,-0.01,75,47025,卖盘,2017-06-27,2017-06-27 13:54:13
13:54:16,13:54:16,6.28,0.01,58,36424,买盘,2017-06-27,2017-06-27 13:54:16
13:54:19,13:54:19,6.27,-0.01,213,133551,卖盘,2017-06-27,2017-06-27 13:54:19
13:54:22,13:54:22,6.27,--,34,21318,买盘,2017-06-27,2017-06-27 13:54:22
13:54:25,13:54:25,6.27,--,60,37620,买盘,2017-06-27,2017-06-27 13:54:25
13:54:28,13:54:28,6.26,-0.01,495,309963,卖盘,2017-06-27,2017-06-27 13:54:28
13:54:31,13:54:31,6.25,-0.01,336,210000,卖盘,2017-06-27,2017-06-27 13:54:31
13:54:34,13:54:34,6.26,0.01,24,15024,买盘,2017-06-27,2017-06-27 13:54:34
13:54:38,13:54:38,6.25,-0.01,577,360625,卖盘,2017-06-27,2017-06-27 13:54:38
13:54:40,13:54:40,6.25,--,197,123125,卖盘,2017-06-27,2017-06-27 13:54:40
13:54:44,13:54:44,6.25,--,295,184375,买盘,2017-06-27,2017-06-27 13:54:44
13:54:46,13:54:46,6.25,--,31,19375,买盘,2017-06-27,2017-06-27 13:54:46
13:54:49,13:54:49,6.24,-0.01,259,161616,卖盘,2017-06-27,2017-06-27 13:54:49
13:54:52,13:54:52,6.25,0.01,4,2500,买盘,2017-06-27,2017-06-27 13:54:52
13:54:56,13:54:56,6.25,--,336,210000,买盘,2017-06-27,2017-06-27 13:54:56
13:54:58,13:54:58,6.24,-0.01,20,12480,卖盘,2017-06-27,2017-06-27 13:54:58
13:55:01,13:55:01,6.24,--,37,23088,卖盘,2017-06-27,2017-06-27 13:55:01
13:55:05,13:55:05,6.24,--,665,414966,卖盘,2017-06-27,2017-06-27 13:55:05
13:55:08,13:55:08,6.24,--,50,31200,卖盘,2017-06-27,2017-06-27 13:55:08
13:55:11,13:55:11,6.25,0.01,137,85625,买盘,2017-06-27,2017-06-27 13:55:11
13:55:13,13:55:13,6.23,-0.02,134,83874,卖盘,2017-06-27,2017-06-27 13:55:13
13:55:17,13:55:17,6.24,0.01,55,34320,买盘,2017-06-27,2017-06-27 13:55:17
13:55:23,13:55:23,6.23,-0.01,3,1869,卖盘,2017-06-27,2017-06-27 13:55:23
13:55:26,13:55:26,6.24,0.01,390,243360,买盘,2017-06-27,2017-06-27 13:55:26
13:55:29,13:55:29,6.24,--,109,68016,买盘,2017-06-27,2017-06-27 13:55:29
13:55:32,13:55:32,6.24,--,21,13104,买盘,2017-06-27,2017-06-27 13:55:32
13:55:34,13:55:34,6.24,--,15,9360,买盘,2017-06-27,2017-06-27 13:55:34
13:55:38,13:55:38,6.22,-0.02,91,56602,卖盘,2017-06-27,2017-06-27 13:55:38
13:55:41,13:55:41,6.23,0.01,333,207459,买盘,2017-06-27,2017-06-27 13:55:41
13:55:44,13:55:44,6.22,-0.01,87,54114,卖盘,2017-06-27,2017-06-27 13:55:44
13:55:47,13:55:47,6.23,0.01,26,16198,中性盘,2017-06-27,2017-06-27 13:55:47
13:55:50,13:55:50,6.23,--,54,33642,卖盘,2017-06-27,2017-06-27 13:55:50
13:55:53,13:55:53,6.24,0.01,40,24960,买盘,2017-06-27,2017-06-27 13:55:53
13:55:56,13:55:56,6.23,-0.01,23,14329,卖盘,2017-06-27,2017-06-27 13:55:56
13:55:59,13:55:59,6.24,0.01,357,222768,买盘,2017-06-27,2017-06-27 13:55:59
13:56:02,13:56:02,6.24,--,50,31200,买盘,2017-06-27,2017-06-27 13:56:02
13:56:05,13:56:05,6.23,-0.01,256,159488,卖盘,2017-06-27,2017-06-27 13:56:05
13:56:08,13:56:08,6.24,0.01,234,146016,买盘,2017-06-27,2017-06-27 13:56:08
13:56:14,13:56:14,6.26,0.02,588,368088,买盘,2017-06-27,2017-06-27 13:56:14
13:56:17,13:56:17,6.24,-0.02,126,78624,卖盘,2017-06-27,2017-06-27 13:56:17
13:56:20,13:56:20,6.24,--,5,3120,卖盘,2017-06-27,2017-06-27 13:56:20
13:56:23,13:56:23,6.25,0.01,18,11250,买盘,2017-06-27,2017-06-27 13:56:23
13:56:26,13:56:26,6.26,0.01,17,10642,买盘,2017-06-27,2017-06-27 13:56:26
13:56:29,13:56:29,6.26,--,236,147736,买盘,2017-06-27,2017-06-27 13:56:29
13:56:32,13:56:32,6.25,-0.01,243,151875,中性盘,2017-06-27,2017-06-27 13:56:32
13:56:35,13:56:35,6.25,--,235,146875,卖盘,2017-06-27,2017-06-27 13:56:35
13:56:38,13:56:38,6.25,--,101,63125,卖盘,2017-06-27,2017-06-27 13:56:38
13:56:41,13:56:41,6.24,-0.01,70,43680,卖盘,2017-06-27,2017-06-27 13:56:41
13:56:44,13:56:44,6.25,0.01,25,15625,买盘,2017-06-27,2017-06-27 13:56:44
13:56:47,13:56:47,6.25,--,149,93125,买盘,2017-06-27,2017-06-27 13:56:47
13:56:50,13:56:50,6.25,--,204,127500,买盘,2017-06-27,2017-06-27 13:56:50
13:56:53,13:56:53,6.24,-0.01,116,72384,卖盘,2017-06-27,2017-06-27 13:56:53
13:56:56,13:56:56,6.25,0.01,151,94375,买盘,2017-06-27,2017-06-27 13:56:56
13:56:59,13:56:59,6.24,-0.01,160,99840,卖盘,2017-06-27,2017-06-27 13:56:59
13:57:02,13:57:02,6.25,0.01,235,146875,买盘,2017-06-27,2017-06-27 13:57:02
13:57:05,13:57:05,6.25,--,195,121875,买盘,2017-06-27,2017-06-27 13:57:05
13:57:08,13:57:08,6.25,--,498,311250,买盘,2017-06-27,2017-06-27 13:57:08
13:57:11,13:57:11,6.25,--,48,30000,买盘,2017-06-27,2017-06-27 13:57:11
13:57:14,13:57:14,6.25,--,15,9375,买盘,2017-06-27,2017-06-27 13:57:14
13:57:17,13:57:17,6.24,-0.01,64,39936,卖盘,2017-06-27,2017-06-27 13:57:17
13:57:20,13:57:20,6.24,--,17,10608,卖盘,2017-06-27,2017-06-27 13:57:20
13:57:23,13:57:23,6.24,--,77,48048,卖盘,2017-06-27,2017-06-27 13:57:23
13:57:29,13:57:29,6.24,--,188,117312,卖盘,2017-06-27,2017-06-27 13:57:29
13:57:32,13:57:32,6.23,-0.01,479,298417,卖盘,2017-06-27,2017-06-27 13:57:32
13:57:35,13:57:35,6.24,0.01,77,48048,买盘,2017-06-27,2017-06-27 13:57:35
13:57:41,13:57:41,6.24,--,6,3744,买盘,2017-06-27,2017-06-27 13:57:41
13:57:44,13:57:44,6.25,0.01,1158,723750,买盘,2017-06-27,2017-06-27 13:57:44
13:57:47,13:57:47,6.24,-0.01,210,131040,买盘,2017-06-27,2017-06-27 13:57:47
13:57:50,13:57:50,6.25,0.01,305,190625,买盘,2017-06-27,2017-06-27 13:57:50
13:57:53,13:57:53,6.24,-0.01,31,19344,中性盘,2017-06-27,2017-06-27 13:57:53
13:57:56,13:57:56,6.24,--,155,96720,买盘,2017-06-27,2017-06-27 13:57:56
13:57:59,13:57:59,6.24,--,71,44304,买盘,2017-06-27,2017-06-27 13:57:59
13:58:02,13:58:02,6.24,--,89,55536,买盘,2017-06-27,2017-06-27 13:58:02
13:58:05,13:58:05,6.25,0.01,120,75000,买盘,2017-06-27,2017-06-27 13:58:05
13:58:08,13:58:08,6.24,-0.01,81,50544,卖盘,2017-06-27,2017-06-27 13:58:08
13:58:11,13:58:11,6.25,0.01,29,18125,买盘,2017-06-27,2017-06-27 13:58:11
13:58:17,13:58:17,6.24,-0.01,395,246480,卖盘,2017-06-27,2017-06-27 13:58:17
13:58:20,13:58:20,6.25,0.01,79,49375,买盘,2017-06-27,2017-06-27 13:58:20
13:58:23,13:58:23,6.24,-0.01,10,6240,卖盘,2017-06-27,2017-06-27 13:58:23
13:58:26,13:58:26,6.25,0.01,328,205000,买盘,2017-06-27,2017-06-27 13:58:26
13:58:29,13:58:29,6.25,--,495,309375,卖盘,2017-06-27,2017-06-27 13:58:29
13:58:32,13:58:32,6.26,0.01,530,332011,买盘,2017-06-27,2017-06-27 13:58:32
13:58:35,13:58:35,6.26,--,93,58218,卖盘,2017-06-27,2017-06-27 13:58:35
13:58:41,13:58:41,6.26,--,85,53210,卖盘,2017-06-27,2017-06-27 13:58:41
13:58:44,13:58:44,6.27,0.01,722,452693,买盘,2017-06-27,2017-06-27 13:58:44
13:58:47,13:58:47,6.27,--,48,30095,买盘,2017-06-27,2017-06-27 13:58:47
13:58:50,13:58:50,6.27,--,106,66462,买盘,2017-06-27,2017-06-27 13:58:50
13:58:53,13:58:53,6.27,--,9,5643,买盘,2017-06-27,2017-06-27 13:58:53
13:58:56,13:58:56,6.27,--,107,67089,买盘,2017-06-27,2017-06-27 13:58:56
13:58:59,13:58:59,6.28,0.01,1100,690800,买盘,2017-06-27,2017-06-27 13:58:59
13:59:02,13:59:02,6.28,--,6,3768,卖盘,2017-06-27,2017-06-27 13:59:02
13:59:05,13:59:05,6.29,0.01,107,67303,买盘,2017-06-27,2017-06-27 13:59:05
13:59:08,13:59:08,6.29,--,406,255374,买盘,2017-06-27,2017-06-27 13:59:08
13:59:11,13:59:11,6.28,-0.01,108,67824,卖盘,2017-06-27,2017-06-27 13:59:11
13:59:14,13:59:14,6.28,--,77,48356,买盘,2017-06-27,2017-06-27 13:59:14
13:59:17,13:59:17,6.29,0.01,78,49062,买盘,2017-06-27,2017-06-27 13:59:17
13:59:20,13:59:20,6.27,-0.02,292,183084,卖盘,2017-06-27,2017-06-27 13:59:20
13:59:23,13:59:23,6.28,0.01,40,25120,买盘,2017-06-27,2017-06-27 13:59:23
13:59:26,13:59:26,6.29,0.01,161,101269,买盘,2017-06-27,2017-06-27 13:59:26
13:59:29,13:59:29,6.29,--,316,198764,买盘,2017-06-27,2017-06-27 13:59:29
13:59:32,13:59:32,6.29,--,10,6290,卖盘,2017-06-27,2017-06-27 13:59:32
13:59:35,13:59:35,6.29,--,214,134606,卖盘,2017-06-27,2017-06-27 13:59:35
13:59:38,13:59:38,6.29,--,37,23273,卖盘,2017-06-27,2017-06-27 13:59:38
13:59:41,13:59:41,6.29,--,94,59126,卖盘,2017-06-27,2017-06-27 13:59:41
13:59:44,13:59:44,6.29,--,441,277389,卖盘,2017-06-27,2017-06-27 13:59:44
13:59:47,13:59:47,6.28,-0.01,148,92944,卖盘,2017-06-27,2017-06-27 13:59:47
13:59:50,13:59:50,6.29,0.01,39,24531,卖盘,2017-06-27,2017-06-27 13:59:50
13:59:53,13:59:53,6.3,0.01,909,572670,买盘,2017-06-27,2017-06-27 13:59:53
13:59:56,13:59:56,6.3,--,58,36540,买盘,2017-06-27,2017-06-27 13:59:56
13:59:59,13:59:59,6.3,--,207,130410,卖盘,2017-06-27,2017-06-27 13:59:59
14:00:02,14:00:02,6.3,--,115,72450,卖盘,2017-06-27,2017-06-27 14:00:02
14:00:05,14:00:05,6.3,--,316,199080,卖盘,2017-06-27,2017-06-27 14:00:05
14:00:08,14:00:08,6.3,--,57,35910,卖盘,2017-06-27,2017-06-27 14:00:08
14:00:11,14:00:11,6.31,0.01,286,180466,买盘,2017-06-27,2017-06-27 14:00:11
14:00:14,14:00:14,6.31,--,1203,759093,买盘,2017-06-27,2017-06-27 14:00:14
14:00:17,14:00:17,6.31,--,236,148916,卖盘,2017-06-27,2017-06-27 14:00:17
14:00:20,14:00:20,6.32,0.01,44,27808,买盘,2017-06-27,2017-06-27 14:00:20
14:00:23,14:00:23,6.31,-0.01,210,132510,卖盘,2017-06-27,2017-06-27 14:00:23
14:00:26,14:00:26,6.32,0.01,35,22120,买盘,2017-06-27,2017-06-27 14:00:26
14:00:29,14:00:29,6.32,--,1129,713528,买盘,2017-06-27,2017-06-27 14:00:29
14:00:32,14:00:32,6.32,--,79,49928,中性盘,2017-06-27,2017-06-27 14:00:32
14:00:35,14:00:35,6.33,0.01,181,114573,中性盘,2017-06-27,2017-06-27 14:00:35
14:00:38,14:00:38,6.33,--,243,153819,卖盘,2017-06-27,2017-06-27 14:00:38
14:00:41,14:00:41,6.33,--,128,81024,买盘,2017-06-27,2017-06-27 14:00:41
14:00:44,14:00:44,6.34,0.01,100,63400,买盘,2017-06-27,2017-06-27 14:00:44
14:00:47,14:00:47,6.33,-0.01,593,375369,买盘,2017-06-27,2017-06-27 14:00:47
14:00:50,14:00:50,6.33,--,220,139260,卖盘,2017-06-27,2017-06-27 14:00:50
14:00:53,14:00:53,6.32,-0.01,579,365928,卖盘,2017-06-27,2017-06-27 14:00:53
14:00:56,14:00:56,6.33,0.01,340,215220,中性盘,2017-06-27,2017-06-27 14:00:56
14:00:59,14:00:59,6.33,--,561,355113,卖盘,2017-06-27,2017-06-27 14:00:59
14:01:02,14:01:02,6.34,0.01,59,37406,买盘,2017-06-27,2017-06-27 14:01:02
14:01:05,14:01:05,6.34,--,185,117290,买盘,2017-06-27,2017-06-27 14:01:05
14:01:08,14:01:08,6.32,-0.02,555,350760,卖盘,2017-06-27,2017-06-27 14:01:08
14:01:11,14:01:11,6.35,0.03,816,518566,买盘,2017-06-27,2017-06-27 14:01:11
14:01:15,14:01:15,6.34,-0.01,145,91930,卖盘,2017-06-27,2017-06-27 14:01:15
14:01:18,14:01:18,6.34,--,305,193370,卖盘,2017-06-27,2017-06-27 14:01:18
14:01:21,14:01:21,6.35,0.01,339,215265,买盘,2017-06-27,2017-06-27 14:01:21
14:01:23,14:01:23,6.34,-0.01,667,422878,卖盘,2017-06-27,2017-06-27 14:01:23
14:01:26,14:01:26,6.35,0.01,577,366395,买盘,2017-06-27,2017-06-27 14:01:26
14:01:29,14:01:29,6.35,--,135,85725,买盘,2017-06-27,2017-06-27 14:01:29
14:01:33,14:01:33,6.35,--,630,400050,买盘,2017-06-27,2017-06-27 14:01:33
14:01:36,14:01:36,6.36,0.01,195,124020,买盘,2017-06-27,2017-06-27 14:01:36
14:01:39,14:01:39,6.36,--,159,101124,买盘,2017-06-27,2017-06-27 14:01:39
14:01:42,14:01:42,6.36,--,78,49608,买盘,2017-06-27,2017-06-27 14:01:42
14:01:45,14:01:45,6.37,0.01,371,236327,买盘,2017-06-27,2017-06-27 14:01:45
14:01:48,14:01:48,6.36,-0.01,424,269664,卖盘,2017-06-27,2017-06-27 14:01:48
14:01:51,14:01:51,6.37,0.01,2003,1275911,买盘,2017-06-27,2017-06-27 14:01:51
14:01:54,14:01:54,6.39,0.02,61,38979,买盘,2017-06-27,2017-06-27 14:01:54
14:01:57,14:01:57,6.39,--,182,116298,买盘,2017-06-27,2017-06-27 14:01:57
14:02:00,14:02:00,6.37,-0.02,104,66248,卖盘,2017-06-27,2017-06-27 14:02:00
14:02:02,14:02:02,6.39,0.02,801,511839,中性盘,2017-06-27,2017-06-27 14:02:02
14:02:06,14:02:06,6.41,0.02,386,247426,买盘,2017-06-27,2017-06-27 14:02:06
14:02:08,14:02:08,6.42,0.01,114,73188,买盘,2017-06-27,2017-06-27 14:02:08
14:02:11,14:02:11,6.41,-0.01,288,184608,中性盘,2017-06-27,2017-06-27 14:02:11
14:02:15,14:02:15,6.41,--,210,134610,卖盘,2017-06-27,2017-06-27 14:02:15
14:02:18,14:02:18,6.4,-0.01,383,245120,卖盘,2017-06-27,2017-06-27 14:02:18
14:02:21,14:02:21,6.42,0.02,244,156648,买盘,2017-06-27,2017-06-27 14:02:21
14:02:24,14:02:24,6.42,--,21,13482,买盘,2017-06-27,2017-06-27 14:02:24
14:02:27,14:02:27,6.42,--,206,132252,买盘,2017-06-27,2017-06-27 14:02:27
14:02:29,14:02:29,6.4,-0.02,639,408960,卖盘,2017-06-27,2017-06-27 14:02:29
14:02:32,14:02:32,6.41,0.01,549,351909,买盘,2017-06-27,2017-06-27 14:02:32
14:02:36,14:02:36,6.4,-0.01,507,324480,卖盘,2017-06-27,2017-06-27 14:02:36
14:02:39,14:02:39,6.43,0.03,324,208332,买盘,2017-06-27,2017-06-27 14:02:39
14:02:42,14:02:42,6.42,-0.01,264,169488,卖盘,2017-06-27,2017-06-27 14:02:42
14:02:45,14:02:45,6.4,-0.02,486,311040,卖盘,2017-06-27,2017-06-27 14:02:45
14:02:48,14:02:48,6.41,0.01,62,39742,买盘,2017-06-27,2017-06-27 14:02:48
14:02:51,14:02:51,6.42,0.01,150,96300,买盘,2017-06-27,2017-06-27 14:02:51
14:02:54,14:02:54,6.42,--,150,96300,卖盘,2017-06-27,2017-06-27 14:02:54
14:02:57,14:02:57,6.49,0.07,1845,1197405,买盘,2017-06-27,2017-06-27 14:02:57
14:03:00,14:03:00,6.43,-0.06,314,201902,卖盘,2017-06-27,2017-06-27 14:03:00
14:03:03,14:03:03,6.43,--,280,180592,卖盘,2017-06-27,2017-06-27 14:03:03
14:03:05,14:03:05,6.43,--,108,69444,卖盘,2017-06-27,2017-06-27 14:03:05
14:03:09,14:03:09,6.45,0.02,255,164475,中性盘,2017-06-27,2017-06-27 14:03:09
14:03:12,14:03:12,6.44,-0.01,202,130088,中性盘,2017-06-27,2017-06-27 14:03:12
14:03:15,14:03:15,6.45,0.01,40,25800,买盘,2017-06-27,2017-06-27 14:03:15
14:03:18,14:03:18,6.45,--,147,94815,买盘,2017-06-27,2017-06-27 14:03:18
14:03:20,14:03:20,6.44,-0.01,217,139748,卖盘,2017-06-27,2017-06-27 14:03:20
14:03:24,14:03:24,6.45,0.01,181,116745,买盘,2017-06-27,2017-06-27 14:03:24
14:03:26,14:03:26,6.45,--,121,78045,卖盘,2017-06-27,2017-06-27 14:03:26
14:03:30,14:03:30,6.45,--,705,454725,卖盘,2017-06-27,2017-06-27 14:03:30
14:03:32,14:03:32,6.44,-0.01,224,144256,卖盘,2017-06-27,2017-06-27 14:03:32
14:03:36,14:03:36,6.44,--,33,21252,买盘,2017-06-27,2017-06-27 14:03:36
14:03:39,14:03:39,6.45,0.01,643,414735,买盘,2017-06-27,2017-06-27 14:03:39
14:03:42,14:03:42,6.44,-0.01,131,84364,卖盘,2017-06-27,2017-06-27 14:03:42
14:03:45,14:03:45,6.44,--,44,28336,买盘,2017-06-27,2017-06-27 14:03:45
14:03:48,14:03:48,6.44,--,118,75992,买盘,2017-06-27,2017-06-27 14:03:48
14:03:50,14:03:50,6.44,--,665,428260,买盘,2017-06-27,2017-06-27 14:03:50
14:03:54,14:03:54,6.44,--,294,189503,买盘,2017-06-27,2017-06-27 14:03:54
14:03:57,14:03:57,6.44,--,55,35896,卖盘,2017-06-27,2017-06-27 14:03:57
14:04:00,14:04:00,6.43,-0.01,6,3858,买盘,2017-06-27,2017-06-27 14:04:00
14:04:03,14:04:03,6.43,--,67,43081,买盘,2017-06-27,2017-06-27 14:04:03
14:04:06,14:04:06,6.43,--,304,195472,买盘,2017-06-27,2017-06-27 14:04:06
14:04:09,14:04:09,6.42,-0.01,149,95747,卖盘,2017-06-27,2017-06-27 14:04:09
14:04:12,14:04:12,6.41,-0.01,120,76920,卖盘,2017-06-27,2017-06-27 14:04:12
14:04:14,14:04:14,6.42,0.01,18,11556,买盘,2017-06-27,2017-06-27 14:04:14
14:04:17,14:04:17,6.42,--,145,93090,买盘,2017-06-27,2017-06-27 14:04:17
14:04:20,14:04:20,6.41,-0.01,1202,770482,卖盘,2017-06-27,2017-06-27 14:04:20
14:04:24,14:04:24,6.41,--,100,64100,买盘,2017-06-27,2017-06-27 14:04:24
14:04:27,14:04:27,6.4,-0.01,160,102400,卖盘,2017-06-27,2017-06-27 14:04:27
14:04:30,14:04:30,6.4,--,97,62080,卖盘,2017-06-27,2017-06-27 14:04:30
14:04:33,14:04:33,6.4,--,203,129920,卖盘,2017-06-27,2017-06-27 14:04:33
14:04:36,14:04:36,6.41,0.01,533,341653,买盘,2017-06-27,2017-06-27 14:04:36
14:04:39,14:04:39,6.4,-0.01,209,133760,卖盘,2017-06-27,2017-06-27 14:04:39
14:04:41,14:04:41,6.4,--,231,147840,卖盘,2017-06-27,2017-06-27 14:04:41
14:04:45,14:04:45,6.4,--,97,62080,买盘,2017-06-27,2017-06-27 14:04:45
14:04:48,14:04:48,6.4,--,19,12160,买盘,2017-06-27,2017-06-27 14:04:48
14:04:51,14:04:51,6.41,0.01,1018,652538,买盘,2017-06-27,2017-06-27 14:04:51
14:04:54,14:04:54,6.4,-0.01,98,62720,卖盘,2017-06-27,2017-06-27 14:04:54
14:04:57,14:04:57,6.4,--,93,59520,买盘,2017-06-27,2017-06-27 14:04:57
14:04:59,14:04:59,6.4,--,326,208640,买盘,2017-06-27,2017-06-27 14:04:59
14:05:03,14:05:03,6.4,--,374,239360,卖盘,2017-06-27,2017-06-27 14:05:03
14:05:05,14:05:05,6.4,--,13,8320,买盘,2017-06-27,2017-06-27 14:05:05
14:05:09,14:05:09,6.4,--,389,248960,买盘,2017-06-27,2017-06-27 14:05:09
14:05:12,14:05:12,6.39,-0.01,4,2556,中性盘,2017-06-27,2017-06-27 14:05:12
14:05:15,14:05:15,6.39,--,35,22365,买盘,2017-06-27,2017-06-27 14:05:15
14:05:18,14:05:18,6.38,-0.01,146,93148,卖盘,2017-06-27,2017-06-27 14:05:18
14:05:21,14:05:21,6.38,--,333,212454,卖盘,2017-06-27,2017-06-27 14:05:21
14:05:24,14:05:24,6.4,0.02,50,32000,买盘,2017-06-27,2017-06-27 14:05:24
14:05:27,14:05:27,6.4,--,116,74240,买盘,2017-06-27,2017-06-27 14:05:27
14:05:30,14:05:30,6.39,-0.01,1,639,卖盘,2017-06-27,2017-06-27 14:05:30
14:05:32,14:05:32,6.39,--,17,10863,卖盘,2017-06-27,2017-06-27 14:05:32
14:05:36,14:05:36,6.39,--,26,16614,卖盘,2017-06-27,2017-06-27 14:05:36
14:05:39,14:05:39,6.38,-0.01,287,183106,卖盘,2017-06-27,2017-06-27 14:05:39
14:05:45,14:05:45,6.38,--,164,104632,买盘,2017-06-27,2017-06-27 14:05:45
14:05:48,14:05:48,6.38,--,18,11484,买盘,2017-06-27,2017-06-27 14:05:48
14:05:51,14:05:51,6.38,--,43,27434,买盘,2017-06-27,2017-06-27 14:05:51
14:05:54,14:05:54,6.38,--,29,18502,买盘,2017-06-27,2017-06-27 14:05:54
14:05:57,14:05:57,6.37,-0.01,30,19110,卖盘,2017-06-27,2017-06-27 14:05:57
14:06:00,14:06:00,6.38,0.01,10,6380,买盘,2017-06-27,2017-06-27 14:06:00
14:06:02,14:06:02,6.38,--,126,80388,买盘,2017-06-27,2017-06-27 14:06:02
14:06:06,14:06:06,6.38,--,56,35728,买盘,2017-06-27,2017-06-27 14:06:06
14:06:09,14:06:09,6.37,-0.01,37,23569,卖盘,2017-06-27,2017-06-27 14:06:09
14:06:12,14:06:12,6.36,-0.01,781,496716,卖盘,2017-06-27,2017-06-27 14:06:12
14:06:15,14:06:15,6.38,0.02,79,50402,买盘,2017-06-27,2017-06-27 14:06:15
14:06:18,14:06:18,6.38,--,17,10846,买盘,2017-06-27,2017-06-27 14:06:18
14:06:21,14:06:21,6.35,-0.03,402,255270,卖盘,2017-06-27,2017-06-27 14:06:21
14:06:24,14:06:24,6.37,0.02,135,85995,中性盘,2017-06-27,2017-06-27 14:06:24
14:06:27,14:06:27,6.37,--,10,6370,买盘,2017-06-27,2017-06-27 14:06:27
14:06:30,14:06:30,6.36,-0.01,15,9540,买盘,2017-06-27,2017-06-27 14:06:30
14:06:32,14:06:32,6.35,-0.01,20,12700,卖盘,2017-06-27,2017-06-27 14:06:32
14:06:36,14:06:36,6.35,--,86,54610,卖盘,2017-06-27,2017-06-27 14:06:36
14:06:38,14:06:38,6.36,0.01,25,15900,买盘,2017-06-27,2017-06-27 14:06:38
14:06:42,14:06:42,6.36,--,0,0,中性盘,2017-06-27,2017-06-27 14:06:42
14:06:45,14:06:45,6.37,0.01,461,293657,买盘,2017-06-27,2017-06-27 14:06:45
14:06:51,14:06:51,6.37,--,34,21658,卖盘,2017-06-27,2017-06-27 14:06:51
14:06:54,14:06:54,6.37,--,10,6370,卖盘,2017-06-27,2017-06-27 14:06:54
14:06:57,14:06:57,6.38,0.01,50,31900,买盘,2017-06-27,2017-06-27 14:06:57
14:06:59,14:06:59,6.37,-0.01,465,296205,卖盘,2017-06-27,2017-06-27 14:06:59
14:07:03,14:07:03,6.37,--,29,18473,买盘,2017-06-27,2017-06-27 14:07:03
14:07:06,14:07:06,6.37,--,34,21658,买盘,2017-06-27,2017-06-27 14:07:06
14:07:09,14:07:09,6.36,-0.01,32,20352,卖盘,2017-06-27,2017-06-27 14:07:09
14:07:12,14:07:12,6.36,--,101,64236,卖盘,2017-06-27,2017-06-27 14:07:12
14:07:15,14:07:15,6.37,0.01,211,134407,买盘,2017-06-27,2017-06-27 14:07:15
14:07:18,14:07:18,6.37,--,5,3185,买盘,2017-06-27,2017-06-27 14:07:18
14:07:20,14:07:20,6.37,--,124,78988,买盘,2017-06-27,2017-06-27 14:07:20
14:07:24,14:07:24,6.36,-0.01,17,10812,卖盘,2017-06-27,2017-06-27 14:07:24
14:07:27,14:07:27,6.37,0.01,245,156065,买盘,2017-06-27,2017-06-27 14:07:27
14:07:30,14:07:30,6.37,--,33,21021,买盘,2017-06-27,2017-06-27 14:07:30
14:07:32,14:07:32,6.36,-0.01,42,26712,卖盘,2017-06-27,2017-06-27 14:07:32
14:07:36,14:07:36,6.36,--,108,68688,卖盘,2017-06-27,2017-06-27 14:07:36
14:07:38,14:07:38,6.36,--,58,36888,买盘,2017-06-27,2017-06-27 14:07:38
14:07:42,14:07:42,6.36,--,138,87768,卖盘,2017-06-27,2017-06-27 14:07:42
14:07:45,14:07:45,6.37,0.01,430,273910,买盘,2017-06-27,2017-06-27 14:07:45
14:07:48,14:07:48,6.37,--,4,2548,买盘,2017-06-27,2017-06-27 14:07:48
14:07:50,14:07:50,6.36,-0.01,5,3180,卖盘,2017-06-27,2017-06-27 14:07:50
14:07:54,14:07:54,6.36,--,21,13356,卖盘,2017-06-27,2017-06-27 14:07:54
14:07:57,14:07:57,6.36,--,15,9540,买盘,2017-06-27,2017-06-27 14:07:57
14:08:00,14:08:00,6.36,--,20,12720,买盘,2017-06-27,2017-06-27 14:08:00
14:08:03,14:08:03,6.36,--,1,636,买盘,2017-06-27,2017-06-27 14:08:03
14:08:06,14:08:06,6.36,--,196,124656,买盘,2017-06-27,2017-06-27 14:08:06
14:08:09,14:08:09,6.36,--,4,2544,买盘,2017-06-27,2017-06-27 14:08:09
14:08:11,14:08:11,6.36,--,55,34980,买盘,2017-06-27,2017-06-27 14:08:11
14:08:15,14:08:15,6.36,--,125,79500,买盘,2017-06-27,2017-06-27 14:08:15
14:08:18,14:08:18,6.35,-0.01,440,279400,卖盘,2017-06-27,2017-06-27 14:08:18
14:08:21,14:08:21,6.35,--,2,1270,卖盘,2017-06-27,2017-06-27 14:08:21
14:08:26,14:08:26,6.35,--,47,29845,卖盘,2017-06-27,2017-06-27 14:08:26
14:08:30,14:08:30,6.37,0.02,37,23569,买盘,2017-06-27,2017-06-27 14:08:30
14:08:33,14:08:33,6.36,-0.01,10,6360,中性盘,2017-06-27,2017-06-27 14:08:33
14:08:36,14:08:36,6.36,--,50,31800,买盘,2017-06-27,2017-06-27 14:08:36
14:08:38,14:08:38,6.35,-0.01,9,5715,卖盘,2017-06-27,2017-06-27 14:08:38
14:08:42,14:08:42,6.36,0.01,57,36252,买盘,2017-06-27,2017-06-27 14:08:42
14:08:46,14:08:46,6.37,0.01,11,7007,买盘,2017-06-27,2017-06-27 14:08:46
14:08:49,14:08:49,6.36,-0.01,60,38160,卖盘,2017-06-27,2017-06-27 14:08:49
14:08:52,14:08:52,6.36,--,10,6360,卖盘,2017-06-27,2017-06-27 14:08:52
14:08:54,14:08:54,6.37,0.01,206,131222,买盘,2017-06-27,2017-06-27 14:08:54
14:08:58,14:08:58,6.36,-0.01,505,321180,卖盘,2017-06-27,2017-06-27 14:08:58
14:09:00,14:09:00,6.37,0.01,91,57967,买盘,2017-06-27,2017-06-27 14:09:00
14:09:04,14:09:04,6.36,-0.01,25,15900,中性盘,2017-06-27,2017-06-27 14:09:04
14:09:06,14:09:06,6.36,--,89,56604,买盘,2017-06-27,2017-06-27 14:09:06
14:09:09,14:09:09,6.36,--,116,73776,买盘,2017-06-27,2017-06-27 14:09:09
14:09:13,14:09:13,6.36,--,87,55332,买盘,2017-06-27,2017-06-27 14:09:13
14:09:16,14:09:16,6.36,--,41,26076,卖盘,2017-06-27,2017-06-27 14:09:16
14:09:25,14:09:25,6.37,0.01,30,19110,买盘,2017-06-27,2017-06-27 14:09:25
14:09:31,14:09:31,6.36,-0.01,65,41340,卖盘,2017-06-27,2017-06-27 14:09:31
14:09:34,14:09:34,6.36,--,121,76956,卖盘,2017-06-27,2017-06-27 14:09:34
14:09:37,14:09:37,6.37,0.01,800,509600,买盘,2017-06-27,2017-06-27 14:09:37
14:09:40,14:09:40,6.37,--,0,0,买盘,2017-06-27,2017-06-27 14:09:40
14:09:43,14:09:43,6.36,-0.01,78,49608,卖盘,2017-06-27,2017-06-27 14:09:43
14:09:46,14:09:46,6.36,--,22,13992,卖盘,2017-06-27,2017-06-27 14:09:46
14:09:49,14:09:49,6.36,--,91,57876,卖盘,2017-06-27,2017-06-27 14:09:49
14:09:52,14:09:52,6.37,0.01,223,142051,买盘,2017-06-27,2017-06-27 14:09:52
14:09:55,14:09:55,6.36,-0.01,219,139284,卖盘,2017-06-27,2017-06-27 14:09:55
14:09:58,14:09:58,6.36,--,62,39432,卖盘,2017-06-27,2017-06-27 14:09:58
14:10:01,14:10:01,6.37,0.01,23,14651,买盘,2017-06-27,2017-06-27 14:10:01
14:10:04,14:10:04,6.36,-0.01,2163,1375668,卖盘,2017-06-27,2017-06-27 14:10:04
14:10:07,14:10:07,6.37,0.01,211,134407,买盘,2017-06-27,2017-06-27 14:10:07
14:10:10,14:10:10,6.37,--,138,87906,卖盘,2017-06-27,2017-06-27 14:10:10
14:10:13,14:10:13,6.35,-0.02,55,34925,卖盘,2017-06-27,2017-06-27 14:10:13
14:10:22,14:10:22,6.36,0.01,6,3816,买盘,2017-06-27,2017-06-27 14:10:22
14:10:25,14:10:25,6.36,--,9,5724,买盘,2017-06-27,2017-06-27 14:10:25
14:10:28,14:10:28,6.36,--,80,50880,买盘,2017-06-27,2017-06-27 14:10:28
14:10:31,14:10:31,6.36,--,186,118296,卖盘,2017-06-27,2017-06-27 14:10:31
14:10:34,14:10:34,6.36,--,61,38796,卖盘,2017-06-27,2017-06-27 14:10:34
14:10:37,14:10:37,6.36,--,14,8904,卖盘,2017-06-27,2017-06-27 14:10:37
14:10:40,14:10:40,6.37,0.01,42,26754,买盘,2017-06-27,2017-06-27 14:10:40
14:10:43,14:10:43,6.37,--,42,26754,买盘,2017-06-27,2017-06-27 14:10:43
14:10:49,14:10:49,6.37,--,20,12740,买盘,2017-06-27,2017-06-27 14:10:49
14:10:52,14:10:52,6.37,--,9,5733,买盘,2017-06-27,2017-06-27 14:10:52
14:10:55,14:10:55,6.37,--,20,12740,买盘,2017-06-27,2017-06-27 14:10:55
14:10:58,14:10:58,6.37,--,14,8918,买盘,2017-06-27,2017-06-27 14:10:58
14:11:01,14:11:01,6.37,--,41,26117,卖盘,2017-06-27,2017-06-27 14:11:01
14:11:04,14:11:04,6.37,--,20,12740,卖盘,2017-06-27,2017-06-27 14:11:04
14:11:07,14:11:07,6.37,--,21,13377,卖盘,2017-06-27,2017-06-27 14:11:07
14:11:10,14:11:10,6.38,0.01,164,104632,买盘,2017-06-27,2017-06-27 14:11:10
14:11:13,14:11:13,6.38,--,10,6380,卖盘,2017-06-27,2017-06-27 14:11:13
14:11:16,14:11:16,6.38,--,250,159500,卖盘,2017-06-27,2017-06-27 14:11:16
14:11:19,14:11:19,6.38,--,30,19140,卖盘,2017-06-27,2017-06-27 14:11:19
14:11:22,14:11:22,6.39,0.01,47,30033,买盘,2017-06-27,2017-06-27 14:11:22
14:11:25,14:11:25,6.38,-0.01,98,62524,卖盘,2017-06-27,2017-06-27 14:11:25
14:11:28,14:11:28,6.39,0.01,26,16614,买盘,2017-06-27,2017-06-27 14:11:28
14:11:31,14:11:31,6.38,-0.01,111,70818,卖盘,2017-06-27,2017-06-27 14:11:31
14:11:34,14:11:34,6.38,--,10,6380,买盘,2017-06-27,2017-06-27 14:11:34
14:11:37,14:11:37,6.38,--,1,638,买盘,2017-06-27,2017-06-27 14:11:37
14:11:40,14:11:40,6.38,--,54,34452,买盘,2017-06-27,2017-06-27 14:11:40
14:11:43,14:11:43,6.39,0.01,154,98406,买盘,2017-06-27,2017-06-27 14:11:43
14:11:46,14:11:46,6.38,-0.01,7,4466,买盘,2017-06-27,2017-06-27 14:11:46
14:11:49,14:11:49,6.38,--,75,47850,买盘,2017-06-27,2017-06-27 14:11:49
14:11:52,14:11:52,6.38,--,107,68266,买盘,2017-06-27,2017-06-27 14:11:52
14:11:55,14:11:55,6.38,--,3,1914,买盘,2017-06-27,2017-06-27 14:11:55
14:11:58,14:11:58,6.38,--,270,172260,买盘,2017-06-27,2017-06-27 14:11:58
14:12:01,14:12:01,6.38,--,37,23606,买盘,2017-06-27,2017-06-27 14:12:01
14:12:04,14:12:04,6.37,-0.01,21,13377,卖盘,2017-06-27,2017-06-27 14:12:04
14:12:07,14:12:07,6.37,--,2,1274,买盘,2017-06-27,2017-06-27 14:12:07
14:12:10,14:12:10,6.39,0.02,1515,968085,买盘,2017-06-27,2017-06-27 14:12:10
14:12:13,14:12:13,6.38,-0.01,17,10846,买盘,2017-06-27,2017-06-27 14:12:13
14:12:16,14:12:16,6.37,-0.01,88,56056,卖盘,2017-06-27,2017-06-27 14:12:16
14:12:19,14:12:19,6.38,0.01,61,38918,买盘,2017-06-27,2017-06-27 14:12:19
14:12:22,14:12:22,6.37,-0.01,219,139503,卖盘,2017-06-27,2017-06-27 14:12:22
14:12:25,14:12:25,6.37,--,100,63700,买盘,2017-06-27,2017-06-27 14:12:25
14:12:28,14:12:28,6.38,0.01,152,96976,买盘,2017-06-27,2017-06-27 14:12:28
14:12:31,14:12:31,6.39,0.01,3,1917,买盘,2017-06-27,2017-06-27 14:12:31
14:12:34,14:12:34,6.38,-0.01,61,38918,卖盘,2017-06-27,2017-06-27 14:12:34
14:12:40,14:12:40,6.38,--,11,7018,买盘,2017-06-27,2017-06-27 14:12:40
14:12:43,14:12:43,6.37,-0.01,26,16562,卖盘,2017-06-27,2017-06-27 14:12:43
14:12:49,14:12:49,6.37,--,85,54145,卖盘,2017-06-27,2017-06-27 14:12:49
14:12:52,14:12:52,6.37,--,5,3185,卖盘,2017-06-27,2017-06-27 14:12:52
14:12:55,14:12:55,6.37,--,65,41405,卖盘,2017-06-27,2017-06-27 14:12:55
14:12:58,14:12:58,6.37,--,34,21658,卖盘,2017-06-27,2017-06-27 14:12:58
14:13:01,14:13:01,6.37,--,26,16562,卖盘,2017-06-27,2017-06-27 14:13:01
14:13:04,14:13:04,6.37,--,4,2548,卖盘,2017-06-27,2017-06-27 14:13:04
14:13:07,14:13:07,6.37,--,29,18473,卖盘,2017-06-27,2017-06-27 14:13:07
14:13:10,14:13:10,6.37,--,26,16562,卖盘,2017-06-27,2017-06-27 14:13:10
14:13:13,14:13:13,6.37,--,90,57330,卖盘,2017-06-27,2017-06-27 14:13:13
