idx_time,time,price,change,volume,amount,type,date,date_time
09:25:03,09:25:03,35.58,35.58,2119,7539402,买盘,2017-07-19,2017-07-19 09:25:03
09:29:00,09:29:00,35.58,--,0,0,买盘,2017-07-19,2017-07-19 09:29:00
09:30:01,09:30:01,35.51,-0.07,67,237917,卖盘,2017-07-19,2017-07-19 09:30:01
09:30:04,09:30:04,35.58,0.07,3349,11915742,买盘,2017-07-19,2017-07-19 09:30:04
09:30:07,09:30:07,35.53,-0.05,724,2572372,卖盘,2017-07-19,2017-07-19 09:30:07
09:30:10,09:30:10,35.47,-0.06,116,411452,卖盘,2017-07-19,2017-07-19 09:30:10
09:30:13,09:30:13,35.48,0.01,68,241263,买盘,2017-07-19,2017-07-19 09:30:13
09:30:16,09:30:16,35.5,0.02,242,859100,买盘,2017-07-19,2017-07-19 09:30:16
09:30:19,09:30:19,35.53,0.03,146,518738,买盘,2017-07-19,2017-07-19 09:30:19
09:30:22,09:30:22,35.56,0.03,699,2485644,买盘,2017-07-19,2017-07-19 09:30:22
09:30:25,09:30:25,35.48,-0.08,40,141920,中性盘,2017-07-19,2017-07-19 09:30:25
09:30:28,09:30:28,35.55,0.07,213,757214,买盘,2017-07-19,2017-07-19 09:30:28
09:30:31,09:30:31,35.49,-0.06,129,457821,卖盘,2017-07-19,2017-07-19 09:30:31
09:30:34,09:30:34,35.55,0.06,68,241739,买盘,2017-07-19,2017-07-19 09:30:34
09:30:37,09:30:37,35.47,-0.08,76,269572,买盘,2017-07-19,2017-07-19 09:30:37
09:30:40,09:30:40,35.55,0.08,234,831869,买盘,2017-07-19,2017-07-19 09:30:40
09:30:43,09:30:43,35.58,0.03,233,829014,买盘,2017-07-19,2017-07-19 09:30:43
09:30:46,09:30:46,35.45,-0.13,58,205610,卖盘,2017-07-19,2017-07-19 09:30:46
09:30:49,09:30:49,35.55,0.1,127,454115,买盘,2017-07-19,2017-07-19 09:30:49
09:30:52,09:30:52,35.6,0.05,82,291920,买盘,2017-07-19,2017-07-19 09:30:52
09:30:55,09:30:55,35.55,-0.05,68,241739,卖盘,2017-07-19,2017-07-19 09:30:55
09:30:58,09:30:58,35.55,--,16,56879,卖盘,2017-07-19,2017-07-19 09:30:58
09:31:01,09:31:01,35.59,0.04,18,64062,买盘,2017-07-19,2017-07-19 09:31:01
09:31:04,09:31:04,35.58,-0.01,67,238386,中性盘,2017-07-19,2017-07-19 09:31:04
09:31:07,09:31:07,35.59,0.01,651,2316909,买盘,2017-07-19,2017-07-19 09:31:07
09:31:10,09:31:10,35.59,--,48,170832,卖盘,2017-07-19,2017-07-19 09:31:10
09:31:13,09:31:13,35.65,0.06,287,1023155,买盘,2017-07-19,2017-07-19 09:31:13
09:31:16,09:31:16,35.65,--,1871,6670115,买盘,2017-07-19,2017-07-19 09:31:16
09:31:19,09:31:19,35.48,-0.17,949,3367974,卖盘,2017-07-19,2017-07-19 09:31:19
09:31:22,09:31:22,35.67,0.19,63,227360,买盘,2017-07-19,2017-07-19 09:31:22
09:31:25,09:31:25,35.75,0.08,46,164450,中性盘,2017-07-19,2017-07-19 09:31:25
09:31:28,09:31:28,35.99,0.24,62,223138,买盘,2017-07-19,2017-07-19 09:31:28
09:31:31,09:31:31,35.65,-0.34,689,2456285,卖盘,2017-07-19,2017-07-19 09:31:31
09:31:34,09:31:34,35.56,-0.09,420,1493520,卖盘,2017-07-19,2017-07-19 09:31:34
09:31:37,09:31:37,35.98,0.42,48,172703,中性盘,2017-07-19,2017-07-19 09:31:37
09:31:40,09:31:40,35.89,-0.09,22,78958,买盘,2017-07-19,2017-07-19 09:31:40
09:31:43,09:31:43,35.98,0.09,173,622454,买盘,2017-07-19,2017-07-19 09:31:43
09:31:46,09:31:46,35.69,-0.29,156,556764,卖盘,2017-07-19,2017-07-19 09:31:46
09:31:49,09:31:49,35.9,0.21,166,595940,买盘,2017-07-19,2017-07-19 09:31:49
09:31:52,09:31:52,35.88,-0.02,27,96876,买盘,2017-07-19,2017-07-19 09:31:52
09:31:55,09:31:55,35.88,--,113,405444,买盘,2017-07-19,2017-07-19 09:31:55
09:31:58,09:31:58,35.88,--,122,437736,买盘,2017-07-19,2017-07-19 09:31:58
09:32:01,09:32:01,35.86,-0.02,147,527142,卖盘,2017-07-19,2017-07-19 09:32:01
09:32:04,09:32:04,35.76,-0.1,251,897576,卖盘,2017-07-19,2017-07-19 09:32:04
09:32:07,09:32:07,35.89,0.13,202,724978,买盘,2017-07-19,2017-07-19 09:32:07
09:32:10,09:32:10,35.9,0.01,320,1148800,买盘,2017-07-19,2017-07-19 09:32:10
09:32:13,09:32:13,35.89,-0.01,288,1033632,卖盘,2017-07-19,2017-07-19 09:32:13
09:32:16,09:32:16,35.79,-0.1,264,944856,卖盘,2017-07-19,2017-07-19 09:32:16
09:32:19,09:32:19,35.88,0.09,190,681720,买盘,2017-07-19,2017-07-19 09:32:19
09:32:22,09:32:22,35.75,-0.13,857,3063775,卖盘,2017-07-19,2017-07-19 09:32:22
09:32:25,09:32:25,35.75,--,199,711425,买盘,2017-07-19,2017-07-19 09:32:25
09:32:28,09:32:28,35.75,--,59,210925,买盘,2017-07-19,2017-07-19 09:32:28
09:32:31,09:32:31,35.8,0.05,169,605020,买盘,2017-07-19,2017-07-19 09:32:31
09:32:34,09:32:34,35.85,0.05,187,670395,买盘,2017-07-19,2017-07-19 09:32:34
09:32:37,09:32:37,35.84,-0.01,320,1146880,中性盘,2017-07-19,2017-07-19 09:32:37
09:32:40,09:32:40,35.77,-0.07,70,250390,卖盘,2017-07-19,2017-07-19 09:32:40
09:32:43,09:32:43,35.79,0.02,62,221898,卖盘,2017-07-19,2017-07-19 09:32:43
09:32:46,09:32:46,35.8,0.01,132,472559,中性盘,2017-07-19,2017-07-19 09:32:46
09:32:49,09:32:49,35.77,-0.03,284,1015868,卖盘,2017-07-19,2017-07-19 09:32:49
09:32:52,09:32:52,35.87,0.1,271,972076,买盘,2017-07-19,2017-07-19 09:32:52
09:32:55,09:32:55,35.8,-0.07,61,218379,卖盘,2017-07-19,2017-07-19 09:32:55
09:32:58,09:32:58,35.84,0.04,118,423091,中性盘,2017-07-19,2017-07-19 09:32:58
09:33:01,09:33:01,35.88,0.04,239,857532,买盘,2017-07-19,2017-07-19 09:33:01
09:33:04,09:33:04,35.89,0.01,81,290709,买盘,2017-07-19,2017-07-19 09:33:04
09:33:07,09:33:07,35.88,-0.01,92,330096,卖盘,2017-07-19,2017-07-19 09:33:07
09:33:10,09:33:10,35.9,0.02,178,641102,买盘,2017-07-19,2017-07-19 09:33:10
09:33:13,09:33:13,35.93,0.03,221,794053,买盘,2017-07-19,2017-07-19 09:33:13
09:33:16,09:33:16,35.92,-0.01,31,111352,中性盘,2017-07-19,2017-07-19 09:33:16
09:33:19,09:33:19,35.95,0.03,190,683050,买盘,2017-07-19,2017-07-19 09:33:19
09:33:22,09:33:22,35.98,0.03,535,1924929,买盘,2017-07-19,2017-07-19 09:33:22
09:33:25,09:33:25,35.99,0.01,116,417484,中性盘,2017-07-19,2017-07-19 09:33:25
09:33:28,09:33:28,36.0,0.01,226,813600,买盘,2017-07-19,2017-07-19 09:33:28
09:33:31,09:33:31,36.03,0.03,398,1435867,买盘,2017-07-19,2017-07-19 09:33:31
09:33:34,09:33:34,36.05,0.02,78,281190,买盘,2017-07-19,2017-07-19 09:33:34
09:33:37,09:33:37,36.06,0.01,139,501234,买盘,2017-07-19,2017-07-19 09:33:37
09:33:40,09:33:40,36.05,-0.01,92,331660,卖盘,2017-07-19,2017-07-19 09:33:40
09:33:43,09:33:43,36.09,0.04,110,396990,买盘,2017-07-19,2017-07-19 09:33:43
09:33:46,09:33:46,36.11,0.02,205,740255,买盘,2017-07-19,2017-07-19 09:33:46
09:33:49,09:33:49,36.1,-0.01,57,205770,卖盘,2017-07-19,2017-07-19 09:33:49
09:33:52,09:33:52,36.14,0.04,188,679432,中性盘,2017-07-19,2017-07-19 09:33:52
09:33:55,09:33:55,36.17,0.03,85,307445,中性盘,2017-07-19,2017-07-19 09:33:55
09:33:58,09:33:58,36.15,-0.02,582,2103930,卖盘,2017-07-19,2017-07-19 09:33:58
09:34:01,09:34:01,36.16,0.01,424,1533183,买盘,2017-07-19,2017-07-19 09:34:01
09:34:04,09:34:04,36.18,0.02,486,1758348,买盘,2017-07-19,2017-07-19 09:34:04
09:34:07,09:34:07,36.19,0.01,654,2366826,买盘,2017-07-19,2017-07-19 09:34:07
09:34:10,09:34:10,36.11,-0.08,819,2957409,卖盘,2017-07-19,2017-07-19 09:34:10
09:34:13,09:34:13,36.2,0.09,767,2776540,买盘,2017-07-19,2017-07-19 09:34:13
09:34:16,09:34:16,36.15,-0.05,402,1453230,卖盘,2017-07-19,2017-07-19 09:34:16
09:34:19,09:34:19,36.15,--,723,2613645,买盘,2017-07-19,2017-07-19 09:34:19
09:34:22,09:34:22,36.1,-0.05,592,2137120,卖盘,2017-07-19,2017-07-19 09:34:22
09:34:25,09:34:25,36.15,0.05,524,1894260,买盘,2017-07-19,2017-07-19 09:34:25
09:34:28,09:34:28,36.14,-0.01,202,730028,卖盘,2017-07-19,2017-07-19 09:34:28
09:34:31,09:34:31,36.12,-0.02,292,1054704,买盘,2017-07-19,2017-07-19 09:34:31
09:34:34,09:34:34,36.1,-0.02,276,996360,卖盘,2017-07-19,2017-07-19 09:34:34
09:34:37,09:34:37,36.12,0.02,340,1228080,买盘,2017-07-19,2017-07-19 09:34:37
09:34:40,09:34:40,36.06,-0.06,197,710382,卖盘,2017-07-19,2017-07-19 09:34:40
09:34:43,09:34:43,36.1,0.04,461,1664210,中性盘,2017-07-19,2017-07-19 09:34:43
09:34:46,09:34:46,36.09,-0.01,321,1158489,卖盘,2017-07-19,2017-07-19 09:34:46
09:34:49,09:34:49,36.08,-0.01,126,454608,卖盘,2017-07-19,2017-07-19 09:34:49
09:34:52,09:34:52,36.08,--,182,656656,买盘,2017-07-19,2017-07-19 09:34:52
09:34:55,09:34:55,36.06,-0.02,208,750048,中性盘,2017-07-19,2017-07-19 09:34:55
09:34:58,09:34:58,36.06,--,196,706776,卖盘,2017-07-19,2017-07-19 09:34:58
09:35:01,09:35:01,36.05,-0.01,193,695765,买盘,2017-07-19,2017-07-19 09:35:01
09:35:04,09:35:04,36.02,-0.03,291,1048182,卖盘,2017-07-19,2017-07-19 09:35:04
09:35:07,09:35:07,36.06,0.04,150,540900,买盘,2017-07-19,2017-07-19 09:35:07
09:35:10,09:35:10,36.0,-0.06,520,1873728,卖盘,2017-07-19,2017-07-19 09:35:10
09:35:13,09:35:13,36.0,--,159,572400,买盘,2017-07-19,2017-07-19 09:35:13
09:35:16,09:35:16,36.0,--,95,342000,买盘,2017-07-19,2017-07-19 09:35:16
09:35:19,09:35:19,35.95,-0.05,180,647100,卖盘,2017-07-19,2017-07-19 09:35:19
09:35:22,09:35:22,35.95,--,106,381070,卖盘,2017-07-19,2017-07-19 09:35:22
09:35:25,09:35:25,35.95,--,606,2178570,卖盘,2017-07-19,2017-07-19 09:35:25
09:35:28,09:35:28,35.95,--,100,359500,卖盘,2017-07-19,2017-07-19 09:35:28
09:35:31,09:35:31,35.83,-0.12,429,1537107,卖盘,2017-07-19,2017-07-19 09:35:31
09:35:34,09:35:34,35.93,0.1,88,316184,中性盘,2017-07-19,2017-07-19 09:35:34
09:35:37,09:35:37,35.9,-0.03,184,660560,卖盘,2017-07-19,2017-07-19 09:35:37
09:35:40,09:35:40,35.9,--,26,93340,买盘,2017-07-19,2017-07-19 09:35:40
09:35:43,09:35:43,35.83,-0.07,13,46579,卖盘,2017-07-19,2017-07-19 09:35:43
09:35:46,09:35:46,35.81,-0.02,165,590865,卖盘,2017-07-19,2017-07-19 09:35:46
09:35:49,09:35:49,35.81,--,123,440463,卖盘,2017-07-19,2017-07-19 09:35:49
09:35:52,09:35:52,35.8,-0.01,116,415279,卖盘,2017-07-19,2017-07-19 09:35:52
09:35:55,09:35:55,35.8,--,171,612180,卖盘,2017-07-19,2017-07-19 09:35:55
09:35:58,09:35:58,35.8,--,178,637240,买盘,2017-07-19,2017-07-19 09:35:58
09:36:01,09:36:01,35.8,--,47,168260,买盘,2017-07-19,2017-07-19 09:36:01
09:36:04,09:36:04,35.8,--,207,741059,买盘,2017-07-19,2017-07-19 09:36:04
09:36:07,09:36:07,35.8,--,38,136040,卖盘,2017-07-19,2017-07-19 09:36:07
09:36:10,09:36:10,35.82,0.02,541,1937862,买盘,2017-07-19,2017-07-19 09:36:10
09:36:13,09:36:13,35.82,--,138,494316,买盘,2017-07-19,2017-07-19 09:36:13
09:36:16,09:36:16,35.82,--,310,1110420,买盘,2017-07-19,2017-07-19 09:36:16
09:36:19,09:36:19,35.8,-0.02,555,1986899,卖盘,2017-07-19,2017-07-19 09:36:19
09:36:22,09:36:22,35.88,0.08,153,548964,买盘,2017-07-19,2017-07-19 09:36:22
09:36:25,09:36:25,35.85,-0.03,127,455295,卖盘,2017-07-19,2017-07-19 09:36:25
09:36:28,09:36:28,35.88,0.03,31,111228,买盘,2017-07-19,2017-07-19 09:36:28
09:36:31,09:36:31,35.85,-0.03,189,677565,中性盘,2017-07-19,2017-07-19 09:36:31
09:36:34,09:36:34,35.88,0.03,67,240396,卖盘,2017-07-19,2017-07-19 09:36:34
09:36:37,09:36:37,35.85,-0.03,113,405105,卖盘,2017-07-19,2017-07-19 09:36:37
09:36:40,09:36:40,35.91,0.06,14,50273,中性盘,2017-07-19,2017-07-19 09:36:40
09:36:43,09:36:43,35.93,0.02,35,125755,中性盘,2017-07-19,2017-07-19 09:36:43
09:36:46,09:36:46,35.93,--,44,158092,买盘,2017-07-19,2017-07-19 09:36:46
09:36:49,09:36:49,35.93,--,35,125755,买盘,2017-07-19,2017-07-19 09:36:49
09:36:52,09:36:52,35.91,-0.02,98,351917,中性盘,2017-07-19,2017-07-19 09:36:52
09:36:55,09:36:55,35.95,0.04,545,1959275,买盘,2017-07-19,2017-07-19 09:36:55
09:36:58,09:36:58,35.95,--,65,233675,卖盘,2017-07-19,2017-07-19 09:36:58
09:37:01,09:37:01,35.98,0.03,74,266252,买盘,2017-07-19,2017-07-19 09:37:01
09:37:04,09:37:04,36.0,0.02,150,540000,买盘,2017-07-19,2017-07-19 09:37:04
09:37:07,09:37:07,35.99,-0.01,61,219539,卖盘,2017-07-19,2017-07-19 09:37:07
09:37:10,09:37:10,35.98,-0.01,184,662032,卖盘,2017-07-19,2017-07-19 09:37:10
09:37:13,09:37:13,35.95,-0.03,254,913130,卖盘,2017-07-19,2017-07-19 09:37:13
09:37:16,09:37:16,36.01,0.06,220,792220,买盘,2017-07-19,2017-07-19 09:37:16
09:37:21,09:37:21,36.0,-0.01,217,781200,卖盘,2017-07-19,2017-07-19 09:37:21
09:37:24,09:37:24,36.0,--,134,482400,卖盘,2017-07-19,2017-07-19 09:37:24
09:37:27,09:37:27,35.98,-0.02,74,266252,卖盘,2017-07-19,2017-07-19 09:37:27
09:37:30,09:37:30,35.97,-0.01,331,1190607,卖盘,2017-07-19,2017-07-19 09:37:30
09:37:32,09:37:32,35.98,0.01,642,2309916,买盘,2017-07-19,2017-07-19 09:37:32
09:37:36,09:37:36,35.9,-0.08,543,1949370,卖盘,2017-07-19,2017-07-19 09:37:36
09:37:39,09:37:39,35.89,-0.01,126,452214,中性盘,2017-07-19,2017-07-19 09:37:39
09:37:42,09:37:42,35.89,--,34,122026,买盘,2017-07-19,2017-07-19 09:37:42
09:37:45,09:37:45,35.9,0.01,153,549270,买盘,2017-07-19,2017-07-19 09:37:45
09:37:48,09:37:48,35.85,-0.05,477,1710045,卖盘,2017-07-19,2017-07-19 09:37:48
09:37:51,09:37:51,35.85,--,418,1498530,卖盘,2017-07-19,2017-07-19 09:37:51
09:37:54,09:37:54,35.89,0.04,453,1627790,买盘,2017-07-19,2017-07-19 09:37:54
09:37:57,09:37:57,35.85,-0.04,155,557288,卖盘,2017-07-19,2017-07-19 09:37:57
09:38:00,09:38:00,35.82,-0.03,342,1225044,卖盘,2017-07-19,2017-07-19 09:38:00
09:38:03,09:38:03,35.84,0.02,91,326144,买盘,2017-07-19,2017-07-19 09:38:03
09:38:06,09:38:06,35.82,-0.02,40,143280,卖盘,2017-07-19,2017-07-19 09:38:06
09:38:09,09:38:09,35.82,--,228,816696,卖盘,2017-07-19,2017-07-19 09:38:09
09:38:12,09:38:12,35.85,0.03,210,752850,卖盘,2017-07-19,2017-07-19 09:38:12
09:38:15,09:38:15,35.81,-0.04,203,726943,卖盘,2017-07-19,2017-07-19 09:38:15
09:38:18,09:38:18,35.82,0.01,177,634014,买盘,2017-07-19,2017-07-19 09:38:18
09:38:21,09:38:21,35.84,0.02,191,684544,买盘,2017-07-19,2017-07-19 09:38:21
09:38:24,09:38:24,35.79,-0.05,207,740853,卖盘,2017-07-19,2017-07-19 09:38:24
09:38:27,09:38:27,35.8,0.01,130,465399,买盘,2017-07-19,2017-07-19 09:38:27
09:38:30,09:38:30,35.78,-0.02,339,1212942,卖盘,2017-07-19,2017-07-19 09:38:30
09:38:33,09:38:33,35.8,0.02,332,1188560,买盘,2017-07-19,2017-07-19 09:38:33
09:38:36,09:38:36,35.75,-0.05,75,268125,卖盘,2017-07-19,2017-07-19 09:38:36
09:38:39,09:38:39,35.76,0.01,349,1248024,买盘,2017-07-19,2017-07-19 09:38:39
09:38:42,09:38:42,35.76,--,70,250320,买盘,2017-07-19,2017-07-19 09:38:42
09:38:45,09:38:45,35.76,--,244,872544,买盘,2017-07-19,2017-07-19 09:38:45
09:38:48,09:38:48,35.75,-0.01,134,479050,卖盘,2017-07-19,2017-07-19 09:38:48
09:38:51,09:38:51,35.7,-0.05,234,835380,卖盘,2017-07-19,2017-07-19 09:38:51
09:38:54,09:38:54,35.74,0.04,60,214440,买盘,2017-07-19,2017-07-19 09:38:54
09:38:57,09:38:57,35.73,-0.01,71,253682,买盘,2017-07-19,2017-07-19 09:38:57
09:39:00,09:39:00,35.7,-0.03,393,1403010,中性盘,2017-07-19,2017-07-19 09:39:00
09:39:03,09:39:03,35.67,-0.03,640,2282880,卖盘,2017-07-19,2017-07-19 09:39:03
09:39:06,09:39:06,35.62,-0.05,107,381134,卖盘,2017-07-19,2017-07-19 09:39:06
09:39:09,09:39:09,35.68,0.06,241,859888,买盘,2017-07-19,2017-07-19 09:39:09
09:39:12,09:39:12,35.62,-0.06,72,256463,卖盘,2017-07-19,2017-07-19 09:39:12
09:39:15,09:39:15,35.62,--,123,438125,卖盘,2017-07-19,2017-07-19 09:39:15
09:39:18,09:39:18,35.62,--,93,331266,卖盘,2017-07-19,2017-07-19 09:39:18
09:39:21,09:39:21,35.62,--,153,544986,卖盘,2017-07-19,2017-07-19 09:39:21
09:39:24,09:39:24,35.62,--,202,719524,买盘,2017-07-19,2017-07-19 09:39:24
09:39:27,09:39:27,35.62,--,421,1499602,买盘,2017-07-19,2017-07-19 09:39:27
09:39:30,09:39:30,35.62,--,331,1179022,卖盘,2017-07-19,2017-07-19 09:39:30
09:39:33,09:39:33,35.66,0.04,101,360165,中性盘,2017-07-19,2017-07-19 09:39:33
09:39:36,09:39:36,35.62,-0.04,107,381134,卖盘,2017-07-19,2017-07-19 09:39:36
09:39:39,09:39:39,35.66,0.04,126,449315,中性盘,2017-07-19,2017-07-19 09:39:39
09:39:42,09:39:42,35.67,0.01,58,206886,买盘,2017-07-19,2017-07-19 09:39:42
09:39:45,09:39:45,35.67,--,129,460143,卖盘,2017-07-19,2017-07-19 09:39:45
09:39:48,09:39:48,35.62,-0.05,491,1748941,卖盘,2017-07-19,2017-07-19 09:39:48
09:39:51,09:39:51,35.66,0.04,122,435051,买盘,2017-07-19,2017-07-19 09:39:51
09:39:54,09:39:54,35.7,0.04,185,660450,买盘,2017-07-19,2017-07-19 09:39:54
09:39:57,09:39:57,35.66,-0.04,171,609785,卖盘,2017-07-19,2017-07-19 09:39:57
09:40:00,09:40:00,35.66,--,100,356599,卖盘,2017-07-19,2017-07-19 09:40:00
09:40:03,09:40:03,35.67,0.01,238,848946,中性盘,2017-07-19,2017-07-19 09:40:03
09:40:06,09:40:06,35.7,0.03,121,431970,买盘,2017-07-19,2017-07-19 09:40:06
09:40:09,09:40:09,35.7,--,24,85680,卖盘,2017-07-19,2017-07-19 09:40:09
09:40:12,09:40:12,35.7,--,138,492660,卖盘,2017-07-19,2017-07-19 09:40:12
09:40:15,09:40:15,35.75,0.05,158,564850,买盘,2017-07-19,2017-07-19 09:40:15
09:40:21,09:40:21,35.76,0.01,95,339720,买盘,2017-07-19,2017-07-19 09:40:21
09:40:24,09:40:24,35.76,--,286,1022736,买盘,2017-07-19,2017-07-19 09:40:24
09:40:27,09:40:27,35.75,-0.01,384,1372800,卖盘,2017-07-19,2017-07-19 09:40:27
09:40:30,09:40:30,35.8,0.05,74,264920,买盘,2017-07-19,2017-07-19 09:40:30
09:40:33,09:40:33,35.78,-0.02,66,236148,卖盘,2017-07-19,2017-07-19 09:40:33
09:40:36,09:40:36,35.78,--,105,375690,卖盘,2017-07-19,2017-07-19 09:40:36
09:40:39,09:40:39,35.78,--,83,296974,卖盘,2017-07-19,2017-07-19 09:40:39
09:40:42,09:40:42,35.8,0.02,120,429599,买盘,2017-07-19,2017-07-19 09:40:42
09:40:45,09:40:45,35.8,--,154,551320,卖盘,2017-07-19,2017-07-19 09:40:45
09:40:48,09:40:48,35.8,--,89,318620,卖盘,2017-07-19,2017-07-19 09:40:48
09:40:51,09:40:51,35.8,--,156,558480,卖盘,2017-07-19,2017-07-19 09:40:51
09:40:54,09:40:54,35.82,0.02,374,1339668,买盘,2017-07-19,2017-07-19 09:40:54
09:40:57,09:40:57,35.82,--,408,1461456,买盘,2017-07-19,2017-07-19 09:40:57
09:41:00,09:41:00,35.82,--,36,128952,卖盘,2017-07-19,2017-07-19 09:41:00
09:41:03,09:41:03,35.82,--,21,75222,卖盘,2017-07-19,2017-07-19 09:41:03
09:41:06,09:41:06,35.84,0.02,94,336896,买盘,2017-07-19,2017-07-19 09:41:06
09:41:09,09:41:09,35.83,-0.01,82,293806,卖盘,2017-07-19,2017-07-19 09:41:09
09:41:12,09:41:12,35.84,0.01,15,53760,中性盘,2017-07-19,2017-07-19 09:41:12
09:41:15,09:41:15,35.83,-0.01,44,157652,卖盘,2017-07-19,2017-07-19 09:41:15
09:41:18,09:41:18,35.83,--,88,315304,卖盘,2017-07-19,2017-07-19 09:41:18
09:41:21,09:41:21,35.84,0.01,52,186368,中性盘,2017-07-19,2017-07-19 09:41:21
09:41:24,09:41:24,35.85,0.01,129,462465,买盘,2017-07-19,2017-07-19 09:41:24
09:41:27,09:41:27,35.88,0.03,83,297804,买盘,2017-07-19,2017-07-19 09:41:27
09:41:30,09:41:30,35.87,-0.01,82,294134,卖盘,2017-07-19,2017-07-19 09:41:30
09:41:33,09:41:33,35.85,-0.02,533,1910805,卖盘,2017-07-19,2017-07-19 09:41:33
09:41:36,09:41:36,35.85,--,115,412275,卖盘,2017-07-19,2017-07-19 09:41:36
09:41:39,09:41:39,35.87,0.02,41,147067,买盘,2017-07-19,2017-07-19 09:41:39
09:41:42,09:41:42,35.85,-0.02,92,329820,卖盘,2017-07-19,2017-07-19 09:41:42
09:41:45,09:41:45,35.86,0.01,131,469766,卖盘,2017-07-19,2017-07-19 09:41:45
09:41:49,09:41:49,35.85,-0.01,113,405105,卖盘,2017-07-19,2017-07-19 09:41:49
09:41:52,09:41:52,35.87,0.02,111,398157,中性盘,2017-07-19,2017-07-19 09:41:52
09:41:55,09:41:55,35.9,0.03,236,849214,买盘,2017-07-19,2017-07-19 09:41:55
09:41:58,09:41:58,35.84,-0.06,336,1205836,卖盘,2017-07-19,2017-07-19 09:41:58
09:42:00,09:42:00,35.85,0.01,45,161325,买盘,2017-07-19,2017-07-19 09:42:00
09:42:03,09:42:03,35.85,--,80,286800,买盘,2017-07-19,2017-07-19 09:42:03
09:42:07,09:42:07,35.88,0.03,88,317717,买盘,2017-07-19,2017-07-19 09:42:07
09:42:10,09:42:10,35.88,--,49,175812,买盘,2017-07-19,2017-07-19 09:42:10
09:42:13,09:42:13,35.87,-0.01,62,222393,卖盘,2017-07-19,2017-07-19 09:42:13
09:42:16,09:42:16,35.89,0.02,60,215340,买盘,2017-07-19,2017-07-19 09:42:16
09:42:19,09:42:19,35.87,-0.02,158,568360,卖盘,2017-07-19,2017-07-19 09:42:19
09:42:22,09:42:22,35.87,--,144,516527,买盘,2017-07-19,2017-07-19 09:42:22
09:42:25,09:42:25,35.87,--,21,75327,买盘,2017-07-19,2017-07-19 09:42:25
09:42:28,09:42:28,35.88,0.01,191,685308,买盘,2017-07-19,2017-07-19 09:42:28
09:42:31,09:42:31,35.88,--,41,147108,买盘,2017-07-19,2017-07-19 09:42:31
09:42:34,09:42:34,35.88,--,99,357185,买盘,2017-07-19,2017-07-19 09:42:34
09:42:37,09:42:37,35.86,-0.02,71,256219,卖盘,2017-07-19,2017-07-19 09:42:37
09:42:40,09:42:40,35.85,-0.01,135,483975,卖盘,2017-07-19,2017-07-19 09:42:40
09:42:43,09:42:43,35.85,--,13,46605,买盘,2017-07-19,2017-07-19 09:42:43
09:42:46,09:42:46,35.85,--,31,113106,买盘,2017-07-19,2017-07-19 09:42:46
09:42:49,09:42:49,35.85,--,89,320678,卖盘,2017-07-19,2017-07-19 09:42:49
09:42:52,09:42:52,35.87,0.02,237,850118,买盘,2017-07-19,2017-07-19 09:42:52
09:42:55,09:42:55,35.86,-0.01,44,157784,卖盘,2017-07-19,2017-07-19 09:42:55
09:42:58,09:42:58,35.85,-0.01,108,387180,卖盘,2017-07-19,2017-07-19 09:42:58
09:43:01,09:43:01,35.86,0.01,114,408804,买盘,2017-07-19,2017-07-19 09:43:01
09:43:04,09:43:04,35.86,--,198,710028,卖盘,2017-07-19,2017-07-19 09:43:04
09:43:07,09:43:07,35.87,0.01,95,340765,买盘,2017-07-19,2017-07-19 09:43:07
09:43:10,09:43:10,35.86,-0.01,129,462594,买盘,2017-07-19,2017-07-19 09:43:10
09:43:13,09:43:13,35.86,--,68,243848,买盘,2017-07-19,2017-07-19 09:43:13
09:43:16,09:43:16,35.85,-0.01,197,706245,卖盘,2017-07-19,2017-07-19 09:43:16
09:43:19,09:43:19,35.84,-0.01,39,139776,卖盘,2017-07-19,2017-07-19 09:43:19
09:43:22,09:43:22,35.86,0.02,177,634722,买盘,2017-07-19,2017-07-19 09:43:22
09:43:25,09:43:25,35.85,-0.01,132,473220,卖盘,2017-07-19,2017-07-19 09:43:25
09:43:28,09:43:28,35.85,--,13,46605,买盘,2017-07-19,2017-07-19 09:43:28
09:43:31,09:43:31,35.86,0.01,40,143440,买盘,2017-07-19,2017-07-19 09:43:31
09:43:34,09:43:34,35.85,-0.01,104,372840,买盘,2017-07-19,2017-07-19 09:43:34
09:43:37,09:43:37,35.86,0.01,55,197230,中性盘,2017-07-19,2017-07-19 09:43:37
09:43:40,09:43:40,35.84,-0.02,8,28672,买盘,2017-07-19,2017-07-19 09:43:40
09:43:43,09:43:43,35.83,-0.01,21,75243,中性盘,2017-07-19,2017-07-19 09:43:43
09:43:46,09:43:46,35.84,0.01,32,114688,中性盘,2017-07-19,2017-07-19 09:43:46
09:43:49,09:43:49,35.85,0.01,147,526995,买盘,2017-07-19,2017-07-19 09:43:49
09:43:52,09:43:52,35.83,-0.02,327,1171641,卖盘,2017-07-19,2017-07-19 09:43:52
09:43:55,09:43:55,35.85,0.02,265,950025,买盘,2017-07-19,2017-07-19 09:43:55
09:43:58,09:43:58,35.85,--,44,157740,卖盘,2017-07-19,2017-07-19 09:43:58
09:44:01,09:44:01,35.85,--,145,519825,卖盘,2017-07-19,2017-07-19 09:44:01
09:44:04,09:44:04,35.85,--,39,139815,卖盘,2017-07-19,2017-07-19 09:44:04
09:44:07,09:44:07,35.86,0.01,16,57376,买盘,2017-07-19,2017-07-19 09:44:07
09:44:10,09:44:10,35.85,-0.01,87,311895,卖盘,2017-07-19,2017-07-19 09:44:10
09:44:13,09:44:13,35.85,--,547,1960995,卖盘,2017-07-19,2017-07-19 09:44:13
09:44:16,09:44:16,35.86,0.01,20,71720,卖盘,2017-07-19,2017-07-19 09:44:16
09:44:19,09:44:19,35.87,0.01,99,355113,买盘,2017-07-19,2017-07-19 09:44:19
09:44:22,09:44:22,35.87,--,221,792727,买盘,2017-07-19,2017-07-19 09:44:22
09:44:25,09:44:25,35.87,--,48,172176,卖盘,2017-07-19,2017-07-19 09:44:25
09:44:28,09:44:28,35.88,0.01,45,161460,买盘,2017-07-19,2017-07-19 09:44:28
09:44:31,09:44:31,35.95,0.07,704,2532857,买盘,2017-07-19,2017-07-19 09:44:31
09:44:34,09:44:34,35.95,--,26,93470,卖盘,2017-07-19,2017-07-19 09:44:34
09:44:37,09:44:37,35.87,-0.08,214,767618,卖盘,2017-07-19,2017-07-19 09:44:37
09:44:40,09:44:40,35.88,0.01,2,7176,卖盘,2017-07-19,2017-07-19 09:44:40
09:44:43,09:44:43,35.86,-0.02,12,43032,卖盘,2017-07-19,2017-07-19 09:44:43
09:44:46,09:44:46,35.96,0.1,21,75516,买盘,2017-07-19,2017-07-19 09:44:46
09:44:49,09:44:49,35.9,-0.06,19,68210,卖盘,2017-07-19,2017-07-19 09:44:49
09:44:52,09:44:52,35.95,0.05,13,46735,中性盘,2017-07-19,2017-07-19 09:44:52
09:44:55,09:44:55,35.85,-0.1,514,1842690,卖盘,2017-07-19,2017-07-19 09:44:55
09:44:58,09:44:58,35.85,--,124,444540,买盘,2017-07-19,2017-07-19 09:44:58
09:45:01,09:45:01,35.85,--,98,351330,买盘,2017-07-19,2017-07-19 09:45:01
09:45:04,09:45:04,35.85,--,147,526995,买盘,2017-07-19,2017-07-19 09:45:04
09:45:07,09:45:07,35.85,--,5,17925,卖盘,2017-07-19,2017-07-19 09:45:07
09:45:10,09:45:10,35.88,0.03,11,39468,买盘,2017-07-19,2017-07-19 09:45:10
09:45:13,09:45:13,35.9,0.02,2,7180,买盘,2017-07-19,2017-07-19 09:45:13
09:45:16,09:45:16,35.87,-0.03,5,17935,卖盘,2017-07-19,2017-07-19 09:45:16
09:45:19,09:45:19,35.85,-0.02,50,179250,卖盘,2017-07-19,2017-07-19 09:45:19
09:45:22,09:45:22,35.88,0.03,14,50232,买盘,2017-07-19,2017-07-19 09:45:22
09:45:25,09:45:25,35.89,0.01,17,61013,买盘,2017-07-19,2017-07-19 09:45:25
09:45:28,09:45:28,35.86,-0.03,60,215160,卖盘,2017-07-19,2017-07-19 09:45:28
09:45:31,09:45:31,35.86,--,1,3586,卖盘,2017-07-19,2017-07-19 09:45:31
09:45:34,09:45:34,35.9,0.04,49,175910,买盘,2017-07-19,2017-07-19 09:45:34
09:45:37,09:45:37,35.89,-0.01,71,254819,卖盘,2017-07-19,2017-07-19 09:45:37
09:45:40,09:45:40,35.88,-0.01,42,150696,卖盘,2017-07-19,2017-07-19 09:45:40
09:45:43,09:45:43,35.89,0.01,33,118437,买盘,2017-07-19,2017-07-19 09:45:43
09:45:46,09:45:46,35.87,-0.02,50,179350,卖盘,2017-07-19,2017-07-19 09:45:46
09:45:49,09:45:49,35.88,0.01,39,139932,中性盘,2017-07-19,2017-07-19 09:45:49
09:45:52,09:45:52,35.87,-0.01,45,161415,卖盘,2017-07-19,2017-07-19 09:45:52
09:45:55,09:45:55,35.88,0.01,131,470028,中性盘,2017-07-19,2017-07-19 09:45:55
09:45:58,09:45:58,35.89,0.01,27,96903,买盘,2017-07-19,2017-07-19 09:45:58
09:46:01,09:46:01,35.88,-0.01,104,373152,卖盘,2017-07-19,2017-07-19 09:46:01
09:46:04,09:46:04,35.89,0.01,74,265586,买盘,2017-07-19,2017-07-19 09:46:04
09:46:07,09:46:07,35.88,-0.01,106,380328,卖盘,2017-07-19,2017-07-19 09:46:07
09:46:10,09:46:10,35.88,--,52,186576,买盘,2017-07-19,2017-07-19 09:46:10
09:46:13,09:46:13,35.87,-0.01,58,208045,卖盘,2017-07-19,2017-07-19 09:46:13
09:46:16,09:46:16,35.87,--,54,193698,买盘,2017-07-19,2017-07-19 09:46:16
09:46:19,09:46:19,35.87,--,81,290547,买盘,2017-07-19,2017-07-19 09:46:19
09:46:22,09:46:22,35.87,--,63,225980,买盘,2017-07-19,2017-07-19 09:46:22
09:46:25,09:46:25,35.86,-0.01,252,903672,卖盘,2017-07-19,2017-07-19 09:46:25
09:46:28,09:46:28,35.86,--,15,53790,买盘,2017-07-19,2017-07-19 09:46:28
09:46:31,09:46:31,35.85,-0.01,52,186420,卖盘,2017-07-19,2017-07-19 09:46:31
09:46:34,09:46:34,35.85,--,71,254535,卖盘,2017-07-19,2017-07-19 09:46:34
09:46:37,09:46:37,35.85,--,282,1010970,卖盘,2017-07-19,2017-07-19 09:46:37
09:46:40,09:46:40,35.84,-0.01,236,845824,卖盘,2017-07-19,2017-07-19 09:46:40
09:46:43,09:46:43,35.83,-0.01,100,358300,卖盘,2017-07-19,2017-07-19 09:46:43
09:46:49,09:46:49,35.82,-0.01,25,89550,卖盘,2017-07-19,2017-07-19 09:46:49
09:46:52,09:46:52,35.82,--,32,114624,卖盘,2017-07-19,2017-07-19 09:46:52
09:46:55,09:46:55,35.8,-0.02,260,930799,卖盘,2017-07-19,2017-07-19 09:46:55
09:46:58,09:46:58,35.81,0.01,55,196955,买盘,2017-07-19,2017-07-19 09:46:58
09:47:01,09:47:01,35.8,-0.01,157,562060,卖盘,2017-07-19,2017-07-19 09:47:01
09:47:04,09:47:04,35.8,--,309,1106220,卖盘,2017-07-19,2017-07-19 09:47:04
09:47:07,09:47:07,35.8,--,302,1081160,卖盘,2017-07-19,2017-07-19 09:47:07
09:47:10,09:47:10,35.78,-0.02,50,178900,卖盘,2017-07-19,2017-07-19 09:47:10
09:47:13,09:47:13,35.8,0.02,16,57279,买盘,2017-07-19,2017-07-19 09:47:13
09:47:16,09:47:16,35.77,-0.03,45,160965,卖盘,2017-07-19,2017-07-19 09:47:16
09:47:19,09:47:19,35.76,-0.01,40,143040,卖盘,2017-07-19,2017-07-19 09:47:19
09:47:22,09:47:22,35.76,--,320,1144320,卖盘,2017-07-19,2017-07-19 09:47:22
09:47:25,09:47:25,35.75,-0.01,9,32175,卖盘,2017-07-19,2017-07-19 09:47:25
09:47:28,09:47:28,35.73,-0.02,93,332289,卖盘,2017-07-19,2017-07-19 09:47:28
09:47:31,09:47:31,35.71,-0.02,5,17855,卖盘,2017-07-19,2017-07-19 09:47:31
09:47:34,09:47:34,35.7,-0.01,14,49980,卖盘,2017-07-19,2017-07-19 09:47:34
09:47:37,09:47:37,35.71,0.01,89,317819,买盘,2017-07-19,2017-07-19 09:47:37
09:47:40,09:47:40,35.67,-0.04,7,24969,卖盘,2017-07-19,2017-07-19 09:47:40
09:47:43,09:47:43,35.67,--,67,238989,卖盘,2017-07-19,2017-07-19 09:47:43
09:47:46,09:47:46,35.67,--,10,35670,卖盘,2017-07-19,2017-07-19 09:47:46
09:47:49,09:47:49,35.64,-0.03,154,548856,卖盘,2017-07-19,2017-07-19 09:47:49
09:47:52,09:47:52,35.65,0.01,39,139035,买盘,2017-07-19,2017-07-19 09:47:52
09:47:55,09:47:55,35.65,--,15,53475,买盘,2017-07-19,2017-07-19 09:47:55
09:47:58,09:47:58,35.63,-0.02,49,174587,卖盘,2017-07-19,2017-07-19 09:47:58
09:48:01,09:48:01,35.62,-0.01,27,96174,卖盘,2017-07-19,2017-07-19 09:48:01
09:48:04,09:48:04,35.61,-0.01,70,249270,卖盘,2017-07-19,2017-07-19 09:48:04
09:48:07,09:48:07,35.62,0.01,97,345514,买盘,2017-07-19,2017-07-19 09:48:07
09:48:10,09:48:10,35.6,-0.02,207,736920,卖盘,2017-07-19,2017-07-19 09:48:10
09:48:13,09:48:13,35.6,--,23,81880,买盘,2017-07-19,2017-07-19 09:48:13
09:48:16,09:48:16,35.55,-0.05,215,764324,卖盘,2017-07-19,2017-07-19 09:48:16
09:48:19,09:48:19,35.5,-0.05,851,3021050,卖盘,2017-07-19,2017-07-19 09:48:19
09:48:22,09:48:22,35.5,--,85,301750,买盘,2017-07-19,2017-07-19 09:48:22
09:48:25,09:48:25,35.5,--,133,472150,买盘,2017-07-19,2017-07-19 09:48:25
09:48:28,09:48:28,35.5,--,9,31950,买盘,2017-07-19,2017-07-19 09:48:28
09:48:31,09:48:31,35.45,-0.05,72,255240,卖盘,2017-07-19,2017-07-19 09:48:31
09:48:34,09:48:34,35.41,-0.04,54,191213,卖盘,2017-07-19,2017-07-19 09:48:34
09:48:37,09:48:37,35.5,0.09,665,2360750,买盘,2017-07-19,2017-07-19 09:48:37
09:48:40,09:48:40,35.5,--,294,1043700,卖盘,2017-07-19,2017-07-19 09:48:40
09:48:43,09:48:43,35.4,-0.1,384,1359360,卖盘,2017-07-19,2017-07-19 09:48:43
09:48:46,09:48:46,35.45,0.05,96,340320,中性盘,2017-07-19,2017-07-19 09:48:46
09:48:49,09:48:49,35.5,0.05,436,1547800,买盘,2017-07-19,2017-07-19 09:48:49
09:48:52,09:48:52,35.45,-0.05,195,691275,中性盘,2017-07-19,2017-07-19 09:48:52
09:48:55,09:48:55,35.33,-0.12,105,370965,卖盘,2017-07-19,2017-07-19 09:48:55
09:48:58,09:48:58,35.35,0.02,89,314615,买盘,2017-07-19,2017-07-19 09:48:58
09:49:01,09:49:01,35.41,0.06,48,169967,买盘,2017-07-19,2017-07-19 09:49:01
09:49:04,09:49:04,35.4,-0.01,332,1175280,中性盘,2017-07-19,2017-07-19 09:49:04
09:49:07,09:49:07,35.41,0.01,146,516985,买盘,2017-07-19,2017-07-19 09:49:07
09:49:10,09:49:10,35.41,--,228,807347,卖盘,2017-07-19,2017-07-19 09:49:10
09:49:13,09:49:13,35.41,--,159,563019,卖盘,2017-07-19,2017-07-19 09:49:13
09:49:16,09:49:16,35.43,0.02,163,577509,买盘,2017-07-19,2017-07-19 09:49:16
09:49:19,09:49:19,35.42,-0.01,154,545468,卖盘,2017-07-19,2017-07-19 09:49:19
09:49:22,09:49:22,35.44,0.02,275,974599,买盘,2017-07-19,2017-07-19 09:49:22
09:49:25,09:49:25,35.42,-0.02,275,974050,中性盘,2017-07-19,2017-07-19 09:49:25
09:49:28,09:49:28,35.43,0.01,57,201951,卖盘,2017-07-19,2017-07-19 09:49:28
09:49:31,09:49:31,35.43,--,295,1045185,卖盘,2017-07-19,2017-07-19 09:49:31
09:49:34,09:49:34,35.43,--,102,361386,卖盘,2017-07-19,2017-07-19 09:49:34
09:49:37,09:49:37,35.44,0.01,222,786768,中性盘,2017-07-19,2017-07-19 09:49:37
09:49:40,09:49:40,35.44,--,40,141760,卖盘,2017-07-19,2017-07-19 09:49:40
09:49:43,09:49:43,35.44,--,62,219728,卖盘,2017-07-19,2017-07-19 09:49:43
09:49:46,09:49:46,35.5,0.06,355,1260250,买盘,2017-07-19,2017-07-19 09:49:46
09:49:49,09:49:49,35.5,--,189,670950,卖盘,2017-07-19,2017-07-19 09:49:49
09:49:52,09:49:52,35.5,--,337,1196350,卖盘,2017-07-19,2017-07-19 09:49:52
09:49:55,09:49:55,35.5,--,35,124250,卖盘,2017-07-19,2017-07-19 09:49:55
09:49:58,09:49:58,35.57,0.07,603,2144871,买盘,2017-07-19,2017-07-19 09:49:58
09:50:01,09:50:01,35.58,0.01,29,103182,买盘,2017-07-19,2017-07-19 09:50:01
09:50:04,09:50:04,35.5,-0.08,165,585750,卖盘,2017-07-19,2017-07-19 09:50:04
09:50:07,09:50:07,35.49,-0.01,595,2111655,中性盘,2017-07-19,2017-07-19 09:50:07
09:50:10,09:50:10,35.5,0.01,58,205900,买盘,2017-07-19,2017-07-19 09:50:10
09:50:13,09:50:13,35.51,0.01,66,234366,买盘,2017-07-19,2017-07-19 09:50:13
09:50:16,09:50:16,35.57,0.06,329,1170253,卖盘,2017-07-19,2017-07-19 09:50:16
09:50:19,09:50:19,35.5,-0.07,108,383400,卖盘,2017-07-19,2017-07-19 09:50:19
09:50:22,09:50:22,35.51,0.01,587,2084436,中性盘,2017-07-19,2017-07-19 09:50:22
09:50:25,09:50:25,35.51,--,21,74571,卖盘,2017-07-19,2017-07-19 09:50:25
09:50:28,09:50:28,35.51,--,55,195305,卖盘,2017-07-19,2017-07-19 09:50:28
09:50:31,09:50:31,35.51,--,24,85224,卖盘,2017-07-19,2017-07-19 09:50:31
09:50:34,09:50:34,35.51,--,1511,5365561,卖盘,2017-07-19,2017-07-19 09:50:34
09:50:37,09:50:37,35.55,0.04,177,629235,买盘,2017-07-19,2017-07-19 09:50:37
09:50:40,09:50:40,35.46,-0.09,295,1046070,卖盘,2017-07-19,2017-07-19 09:50:40
09:50:43,09:50:43,35.55,0.09,137,487034,买盘,2017-07-19,2017-07-19 09:50:43
09:50:46,09:50:46,35.46,-0.09,38,134748,卖盘,2017-07-19,2017-07-19 09:50:46
09:50:49,09:50:49,35.5,0.04,64,227200,买盘,2017-07-19,2017-07-19 09:50:49
09:50:52,09:50:52,35.46,-0.04,185,656010,卖盘,2017-07-19,2017-07-19 09:50:52
09:50:55,09:50:55,35.46,--,65,230490,买盘,2017-07-19,2017-07-19 09:50:55
09:50:58,09:50:58,35.4,-0.06,394,1394760,卖盘,2017-07-19,2017-07-19 09:50:58
09:51:01,09:51:01,35.4,--,55,194700,卖盘,2017-07-19,2017-07-19 09:51:01
09:51:04,09:51:04,35.41,0.01,6,21245,卖盘,2017-07-19,2017-07-19 09:51:04
09:51:07,09:51:07,35.41,--,175,619674,卖盘,2017-07-19,2017-07-19 09:51:07
09:51:10,09:51:10,35.41,--,62,219541,卖盘,2017-07-19,2017-07-19 09:51:10
09:51:13,09:51:13,35.41,--,75,265575,卖盘,2017-07-19,2017-07-19 09:51:13
09:51:16,09:51:16,35.35,-0.06,925,3269875,卖盘,2017-07-19,2017-07-19 09:51:16
09:51:19,09:51:19,35.35,--,149,526715,买盘,2017-07-19,2017-07-19 09:51:19
09:51:22,09:51:22,35.39,0.04,25,88475,买盘,2017-07-19,2017-07-19 09:51:22
09:51:25,09:51:25,35.4,0.01,40,141600,买盘,2017-07-19,2017-07-19 09:51:25
09:51:28,09:51:28,35.35,-0.05,107,378245,卖盘,2017-07-19,2017-07-19 09:51:28
09:51:31,09:51:31,35.33,-0.02,179,632407,卖盘,2017-07-19,2017-07-19 09:51:31
09:51:34,09:51:34,35.35,0.02,454,1604890,买盘,2017-07-19,2017-07-19 09:51:34
09:51:37,09:51:37,35.29,-0.06,105,370545,卖盘,2017-07-19,2017-07-19 09:51:37
09:51:40,09:51:40,35.26,-0.03,169,595894,卖盘,2017-07-19,2017-07-19 09:51:40
09:51:43,09:51:43,35.4,0.14,1072,3794880,买盘,2017-07-19,2017-07-19 09:51:43
09:51:46,09:51:46,35.24,-0.16,44,155056,卖盘,2017-07-19,2017-07-19 09:51:46
09:51:49,09:51:49,35.25,0.01,153,539325,买盘,2017-07-19,2017-07-19 09:51:49
09:51:52,09:51:52,35.25,--,255,898875,卖盘,2017-07-19,2017-07-19 09:51:52
09:51:55,09:51:55,35.25,--,65,229125,卖盘,2017-07-19,2017-07-19 09:51:55
09:51:58,09:51:58,35.26,0.01,90,317340,中性盘,2017-07-19,2017-07-19 09:51:58
09:52:01,09:52:01,35.26,--,232,818032,卖盘,2017-07-19,2017-07-19 09:52:01
09:52:04,09:52:04,35.28,0.02,117,412776,买盘,2017-07-19,2017-07-19 09:52:04
09:52:07,09:52:07,35.3,0.02,95,335350,中性盘,2017-07-19,2017-07-19 09:52:07
09:52:10,09:52:10,35.32,0.02,1235,4362020,买盘,2017-07-19,2017-07-19 09:52:10
09:52:13,09:52:13,35.3,-0.02,56,197679,卖盘,2017-07-19,2017-07-19 09:52:13
09:52:16,09:52:16,35.35,0.05,48,169680,买盘,2017-07-19,2017-07-19 09:52:16
09:52:19,09:52:19,35.35,--,49,173215,买盘,2017-07-19,2017-07-19 09:52:19
09:52:22,09:52:22,35.4,0.05,819,2899260,买盘,2017-07-19,2017-07-19 09:52:22
09:52:25,09:52:25,35.4,--,20,70800,卖盘,2017-07-19,2017-07-19 09:52:25
09:52:28,09:52:28,35.41,0.01,196,694035,买盘,2017-07-19,2017-07-19 09:52:28
09:52:31,09:52:31,35.41,--,29,102688,买盘,2017-07-19,2017-07-19 09:52:31
09:52:34,09:52:34,35.42,0.01,260,920920,买盘,2017-07-19,2017-07-19 09:52:34
09:52:37,09:52:37,35.42,--,99,350658,卖盘,2017-07-19,2017-07-19 09:52:37
09:52:40,09:52:40,35.5,0.08,154,546700,买盘,2017-07-19,2017-07-19 09:52:40
09:52:43,09:52:43,35.47,-0.03,51,180897,中性盘,2017-07-19,2017-07-19 09:52:43
09:52:46,09:52:46,35.48,0.01,46,163208,买盘,2017-07-19,2017-07-19 09:52:46
09:52:49,09:52:49,35.48,--,73,259003,买盘,2017-07-19,2017-07-19 09:52:49
09:52:52,09:52:52,35.51,0.03,323,1146973,买盘,2017-07-19,2017-07-19 09:52:52
09:52:55,09:52:55,35.51,--,9,31959,卖盘,2017-07-19,2017-07-19 09:52:55
09:52:58,09:52:58,35.51,--,1,3551,卖盘,2017-07-19,2017-07-19 09:52:58
09:53:01,09:53:01,35.51,--,27,95877,卖盘,2017-07-19,2017-07-19 09:53:01
09:53:04,09:53:04,35.51,--,31,110081,卖盘,2017-07-19,2017-07-19 09:53:04
09:53:07,09:53:07,35.52,0.01,299,1062048,买盘,2017-07-19,2017-07-19 09:53:07
09:53:10,09:53:10,35.5,-0.02,176,624800,卖盘,2017-07-19,2017-07-19 09:53:10
09:53:13,09:53:13,35.52,0.02,60,213120,中性盘,2017-07-19,2017-07-19 09:53:13
09:53:16,09:53:16,35.57,0.05,95,337950,买盘,2017-07-19,2017-07-19 09:53:16
09:53:19,09:53:19,35.57,--,66,234762,卖盘,2017-07-19,2017-07-19 09:53:19
09:53:22,09:53:22,35.62,0.05,136,484431,买盘,2017-07-19,2017-07-19 09:53:22
09:53:25,09:53:25,35.6,-0.02,73,259880,卖盘,2017-07-19,2017-07-19 09:53:25
09:53:28,09:53:28,35.59,-0.01,11,39149,中性盘,2017-07-19,2017-07-19 09:53:28
09:53:31,09:53:31,35.54,-0.05,27,95958,卖盘,2017-07-19,2017-07-19 09:53:31
09:53:34,09:53:34,35.59,0.05,15,53385,买盘,2017-07-19,2017-07-19 09:53:34
09:53:37,09:53:37,35.6,0.01,44,156640,买盘,2017-07-19,2017-07-19 09:53:37
09:53:40,09:53:40,35.6,--,49,174440,买盘,2017-07-19,2017-07-19 09:53:40
09:53:43,09:53:43,35.66,0.06,443,1579737,买盘,2017-07-19,2017-07-19 09:53:43
09:53:46,09:53:46,35.66,--,110,392259,卖盘,2017-07-19,2017-07-19 09:53:46
09:53:49,09:53:49,35.66,--,27,96281,卖盘,2017-07-19,2017-07-19 09:53:49
09:53:52,09:53:52,35.61,-0.05,131,466491,卖盘,2017-07-19,2017-07-19 09:53:52
09:53:55,09:53:55,35.58,-0.03,191,679578,卖盘,2017-07-19,2017-07-19 09:53:55
09:53:58,09:53:58,35.6,0.02,57,202920,中性盘,2017-07-19,2017-07-19 09:53:58
09:54:01,09:54:01,35.58,-0.02,121,430518,卖盘,2017-07-19,2017-07-19 09:54:01
09:54:04,09:54:04,35.66,0.08,31,110545,买盘,2017-07-19,2017-07-19 09:54:04
09:54:07,09:54:07,35.6,-0.06,16,56960,卖盘,2017-07-19,2017-07-19 09:54:07
09:54:10,09:54:10,35.8,0.2,1310,4689800,买盘,2017-07-19,2017-07-19 09:54:10
09:54:13,09:54:13,35.8,--,97,347260,卖盘,2017-07-19,2017-07-19 09:54:13
09:54:16,09:54:16,35.8,--,5,17900,卖盘,2017-07-19,2017-07-19 09:54:16
09:54:19,09:54:19,35.8,--,62,221959,卖盘,2017-07-19,2017-07-19 09:54:19
09:54:22,09:54:22,35.8,--,271,970179,卖盘,2017-07-19,2017-07-19 09:54:22
09:54:25,09:54:25,35.8,--,517,1850859,卖盘,2017-07-19,2017-07-19 09:54:25
09:54:28,09:54:28,35.8,--,10,35800,买盘,2017-07-19,2017-07-19 09:54:28
09:54:31,09:54:31,35.8,--,40,143200,买盘,2017-07-19,2017-07-19 09:54:31
09:54:34,09:54:34,35.7,-0.1,1,3570,卖盘,2017-07-19,2017-07-19 09:54:34
09:54:37,09:54:37,35.7,--,16,57120,卖盘,2017-07-19,2017-07-19 09:54:37
09:54:42,09:54:42,35.7,--,19,67830,卖盘,2017-07-19,2017-07-19 09:54:42
09:54:45,09:54:45,35.8,0.1,297,1063260,买盘,2017-07-19,2017-07-19 09:54:45
09:54:48,09:54:48,35.8,--,50,179000,买盘,2017-07-19,2017-07-19 09:54:48
09:54:51,09:54:51,35.68,-0.12,36,128448,卖盘,2017-07-19,2017-07-19 09:54:51
09:54:54,09:54:54,35.75,0.07,57,203775,买盘,2017-07-19,2017-07-19 09:54:54
09:54:57,09:54:57,35.7,-0.05,27,96390,卖盘,2017-07-19,2017-07-19 09:54:57
09:54:59,09:54:59,35.7,--,20,71400,卖盘,2017-07-19,2017-07-19 09:54:59
09:55:03,09:55:03,35.67,-0.03,84,299628,卖盘,2017-07-19,2017-07-19 09:55:03
09:55:06,09:55:06,35.7,0.03,9,32130,买盘,2017-07-19,2017-07-19 09:55:06
09:55:08,09:55:08,35.7,--,32,114240,买盘,2017-07-19,2017-07-19 09:55:08
09:55:12,09:55:12,35.69,-0.01,11,39259,卖盘,2017-07-19,2017-07-19 09:55:12
09:55:15,09:55:15,35.69,--,79,281951,卖盘,2017-07-19,2017-07-19 09:55:15
09:55:18,09:55:18,35.7,0.01,163,581910,买盘,2017-07-19,2017-07-19 09:55:18
09:55:21,09:55:21,35.69,-0.01,76,271244,中性盘,2017-07-19,2017-07-19 09:55:21
09:55:24,09:55:24,35.69,--,20,71380,买盘,2017-07-19,2017-07-19 09:55:24
09:55:27,09:55:27,35.68,-0.01,16,57088,买盘,2017-07-19,2017-07-19 09:55:27
09:55:30,09:55:30,35.66,-0.02,7,24961,中性盘,2017-07-19,2017-07-19 09:55:30
09:55:33,09:55:33,35.63,-0.03,27,96201,卖盘,2017-07-19,2017-07-19 09:55:33
09:55:36,09:55:36,35.7,0.07,447,1595790,买盘,2017-07-19,2017-07-19 09:55:36
09:55:39,09:55:39,35.6,-0.1,254,904240,卖盘,2017-07-19,2017-07-19 09:55:39
09:55:42,09:55:42,35.59,-0.01,271,964489,卖盘,2017-07-19,2017-07-19 09:55:42
09:55:45,09:55:45,35.59,--,32,113888,买盘,2017-07-19,2017-07-19 09:55:45
09:55:48,09:55:48,35.57,-0.02,13,46241,卖盘,2017-07-19,2017-07-19 09:55:48
09:55:51,09:55:51,35.57,--,40,142280,卖盘,2017-07-19,2017-07-19 09:55:51
09:55:54,09:55:54,35.61,0.04,97,345417,中性盘,2017-07-19,2017-07-19 09:55:54
09:55:57,09:55:57,35.65,0.04,155,552575,买盘,2017-07-19,2017-07-19 09:55:57
09:56:00,09:56:00,35.57,-0.08,66,234762,卖盘,2017-07-19,2017-07-19 09:56:00
09:56:03,09:56:03,35.57,--,9,32013,卖盘,2017-07-19,2017-07-19 09:56:03
09:56:06,09:56:06,35.57,--,41,145837,卖盘,2017-07-19,2017-07-19 09:56:06
09:56:09,09:56:09,35.57,--,92,327244,卖盘,2017-07-19,2017-07-19 09:56:09
09:56:12,09:56:12,35.65,0.08,9,32085,买盘,2017-07-19,2017-07-19 09:56:12
09:56:15,09:56:15,35.62,-0.03,11,39182,卖盘,2017-07-19,2017-07-19 09:56:15
09:56:18,09:56:18,35.62,--,32,113983,卖盘,2017-07-19,2017-07-19 09:56:18
09:56:21,09:56:21,35.66,0.04,359,1280193,买盘,2017-07-19,2017-07-19 09:56:21
09:56:24,09:56:24,35.68,0.02,72,256896,买盘,2017-07-19,2017-07-19 09:56:24
09:56:27,09:56:27,35.7,0.02,67,239190,买盘,2017-07-19,2017-07-19 09:56:27
09:56:30,09:56:30,35.7,--,26,92820,买盘,2017-07-19,2017-07-19 09:56:30
09:56:33,09:56:33,35.67,-0.03,72,256824,卖盘,2017-07-19,2017-07-19 09:56:33
09:56:36,09:56:36,35.7,0.03,26,92820,买盘,2017-07-19,2017-07-19 09:56:36
09:56:39,09:56:39,35.73,0.03,1,3572,买盘,2017-07-19,2017-07-19 09:56:39
09:56:42,09:56:42,35.7,-0.03,26,92820,卖盘,2017-07-19,2017-07-19 09:56:42
09:56:45,09:56:45,35.77,0.07,102,364854,买盘,2017-07-19,2017-07-19 09:56:45
09:56:48,09:56:48,35.72,-0.05,33,117876,中性盘,2017-07-19,2017-07-19 09:56:48
09:56:51,09:56:51,35.7,-0.02,27,96390,卖盘,2017-07-19,2017-07-19 09:56:51
09:56:54,09:56:54,35.78,0.08,44,157432,买盘,2017-07-19,2017-07-19 09:56:54
09:56:57,09:56:57,35.73,-0.05,43,153639,卖盘,2017-07-19,2017-07-19 09:56:57
09:57:00,09:57:00,35.78,0.05,15,53670,买盘,2017-07-19,2017-07-19 09:57:00
09:57:03,09:57:03,35.8,0.02,374,1338920,买盘,2017-07-19,2017-07-19 09:57:03
09:57:06,09:57:06,35.8,--,1,3579,卖盘,2017-07-19,2017-07-19 09:57:06
09:57:09,09:57:09,35.81,0.01,26,93106,买盘,2017-07-19,2017-07-19 09:57:09
09:57:12,09:57:12,35.82,0.01,165,592892,买盘,2017-07-19,2017-07-19 09:57:12
09:57:15,09:57:15,35.8,-0.02,141,504779,卖盘,2017-07-19,2017-07-19 09:57:15
09:57:18,09:57:18,35.82,0.02,102,365614,买盘,2017-07-19,2017-07-19 09:57:18
09:57:21,09:57:21,35.82,--,73,264817,卖盘,2017-07-19,2017-07-19 09:57:21
09:57:24,09:57:24,35.8,-0.02,375,1342500,卖盘,2017-07-19,2017-07-19 09:57:24
09:57:27,09:57:27,35.8,--,232,832278,卖盘,2017-07-19,2017-07-19 09:57:27
09:57:30,09:57:30,35.77,-0.03,19,67963,卖盘,2017-07-19,2017-07-19 09:57:30
09:57:33,09:57:33,35.77,--,33,118041,买盘,2017-07-19,2017-07-19 09:57:33
09:57:36,09:57:36,35.78,0.01,97,347066,买盘,2017-07-19,2017-07-19 09:57:36
09:57:39,09:57:39,35.81,0.03,116,415396,买盘,2017-07-19,2017-07-19 09:57:39
09:57:42,09:57:42,35.78,-0.03,21,75138,卖盘,2017-07-19,2017-07-19 09:57:42
09:57:45,09:57:45,35.79,0.01,8,28632,买盘,2017-07-19,2017-07-19 09:57:45
09:57:48,09:57:48,35.8,0.01,42,150360,买盘,2017-07-19,2017-07-19 09:57:48
09:57:51,09:57:51,35.78,-0.02,415,1484870,卖盘,2017-07-19,2017-07-19 09:57:51
09:57:54,09:57:54,35.8,0.02,278,995239,买盘,2017-07-19,2017-07-19 09:57:54
09:57:57,09:57:57,35.78,-0.02,89,318442,卖盘,2017-07-19,2017-07-19 09:57:57
09:58:00,09:58:00,35.8,0.02,25,89500,卖盘,2017-07-19,2017-07-19 09:58:00
09:58:03,09:58:03,35.77,-0.03,55,196735,卖盘,2017-07-19,2017-07-19 09:58:03
09:58:06,09:58:06,35.8,0.03,35,125299,买盘,2017-07-19,2017-07-19 09:58:06
09:58:09,09:58:09,35.8,--,158,565640,买盘,2017-07-19,2017-07-19 09:58:09
09:58:12,09:58:12,35.8,--,70,250599,卖盘,2017-07-19,2017-07-19 09:58:12
09:58:15,09:58:15,35.79,-0.01,56,200424,卖盘,2017-07-19,2017-07-19 09:58:15
09:58:18,09:58:18,35.8,0.01,19,68020,买盘,2017-07-19,2017-07-19 09:58:18
09:58:21,09:58:21,35.77,-0.03,15,53655,卖盘,2017-07-19,2017-07-19 09:58:21
09:58:24,09:58:24,35.75,-0.02,8,28600,卖盘,2017-07-19,2017-07-19 09:58:24
09:58:27,09:58:27,35.77,0.02,90,321930,中性盘,2017-07-19,2017-07-19 09:58:27
09:58:30,09:58:30,35.79,0.02,42,150318,买盘,2017-07-19,2017-07-19 09:58:30
09:58:33,09:58:33,35.77,-0.02,90,321930,卖盘,2017-07-19,2017-07-19 09:58:33
09:58:36,09:58:36,35.78,0.01,80,286240,中性盘,2017-07-19,2017-07-19 09:58:36
09:58:39,09:58:39,35.77,-0.01,18,64386,中性盘,2017-07-19,2017-07-19 09:58:39
09:58:42,09:58:42,35.75,-0.02,49,175175,卖盘,2017-07-19,2017-07-19 09:58:42
09:58:45,09:58:45,35.73,-0.02,69,246536,卖盘,2017-07-19,2017-07-19 09:58:45
09:58:48,09:58:48,35.75,0.02,47,168025,买盘,2017-07-19,2017-07-19 09:58:48
09:58:51,09:58:51,35.73,-0.02,22,78606,中性盘,2017-07-19,2017-07-19 09:58:51
09:58:54,09:58:54,35.76,0.03,234,836784,买盘,2017-07-19,2017-07-19 09:58:54
09:58:57,09:58:57,35.76,--,11,39336,卖盘,2017-07-19,2017-07-19 09:58:57
09:59:00,09:59:00,35.76,--,53,189528,卖盘,2017-07-19,2017-07-19 09:59:00
09:59:03,09:59:03,35.75,-0.01,6,21450,卖盘,2017-07-19,2017-07-19 09:59:03
09:59:06,09:59:06,35.75,--,43,153725,卖盘,2017-07-19,2017-07-19 09:59:06
09:59:10,09:59:10,35.75,--,58,207350,买盘,2017-07-19,2017-07-19 09:59:10
09:59:13,09:59:13,35.72,-0.03,33,117876,卖盘,2017-07-19,2017-07-19 09:59:13
09:59:15,09:59:15,35.73,0.01,3,10718,买盘,2017-07-19,2017-07-19 09:59:15
09:59:19,09:59:19,35.72,-0.01,176,628672,卖盘,2017-07-19,2017-07-19 09:59:19
09:59:22,09:59:22,35.72,--,94,335768,卖盘,2017-07-19,2017-07-19 09:59:22
09:59:25,09:59:25,35.7,-0.02,56,199920,卖盘,2017-07-19,2017-07-19 09:59:25
09:59:28,09:59:28,35.71,0.01,23,82133,卖盘,2017-07-19,2017-07-19 09:59:28
09:59:31,09:59:31,35.73,0.02,27,96470,买盘,2017-07-19,2017-07-19 09:59:31
09:59:34,09:59:34,35.7,-0.03,166,592620,卖盘,2017-07-19,2017-07-19 09:59:34
09:59:37,09:59:37,35.7,--,305,1088850,卖盘,2017-07-19,2017-07-19 09:59:37
09:59:40,09:59:40,35.7,--,117,417690,买盘,2017-07-19,2017-07-19 09:59:40
09:59:43,09:59:43,35.69,-0.01,15,53535,中性盘,2017-07-19,2017-07-19 09:59:43
09:59:46,09:59:46,35.7,0.01,23,82110,买盘,2017-07-19,2017-07-19 09:59:46
09:59:49,09:59:49,35.68,-0.02,137,488816,卖盘,2017-07-19,2017-07-19 09:59:49
09:59:52,09:59:52,35.67,-0.01,79,281793,卖盘,2017-07-19,2017-07-19 09:59:52
09:59:55,09:59:55,35.68,0.01,56,199808,买盘,2017-07-19,2017-07-19 09:59:55
09:59:58,09:59:58,35.65,-0.03,35,124775,卖盘,2017-07-19,2017-07-19 09:59:58
10:00:01,10:00:01,35.67,0.02,61,217587,中性盘,2017-07-19,2017-07-19 10:00:01
10:00:04,10:00:04,35.65,-0.02,51,181815,卖盘,2017-07-19,2017-07-19 10:00:04
10:00:07,10:00:07,35.63,-0.02,69,245847,卖盘,2017-07-19,2017-07-19 10:00:07
10:00:10,10:00:10,35.67,0.04,56,199752,买盘,2017-07-19,2017-07-19 10:00:10
10:00:13,10:00:13,35.66,-0.01,31,110545,卖盘,2017-07-19,2017-07-19 10:00:13
10:00:16,10:00:16,35.6,-0.06,101,359560,卖盘,2017-07-19,2017-07-19 10:00:16
10:00:19,10:00:19,35.6,--,19,67640,买盘,2017-07-19,2017-07-19 10:00:19
10:00:22,10:00:22,35.6,--,2,7120,买盘,2017-07-19,2017-07-19 10:00:22
10:00:25,10:00:25,35.6,--,11,39160,买盘,2017-07-19,2017-07-19 10:00:25
10:00:28,10:00:28,35.6,--,155,551800,买盘,2017-07-19,2017-07-19 10:00:28
10:00:31,10:00:31,35.59,-0.01,288,1024992,卖盘,2017-07-19,2017-07-19 10:00:31
10:00:34,10:00:34,35.65,0.06,217,775922,买盘,2017-07-19,2017-07-19 10:00:34
10:00:37,10:00:37,35.55,-0.1,247,878084,卖盘,2017-07-19,2017-07-19 10:00:37
10:00:40,10:00:40,35.67,0.12,60,214020,买盘,2017-07-19,2017-07-19 10:00:40
10:00:43,10:00:43,35.66,-0.01,8,28527,卖盘,2017-07-19,2017-07-19 10:00:43
10:00:46,10:00:46,35.58,-0.08,3,10674,卖盘,2017-07-19,2017-07-19 10:00:46
10:00:49,10:00:49,35.66,0.08,62,221091,买盘,2017-07-19,2017-07-19 10:00:49
10:00:52,10:00:52,35.66,--,127,452881,卖盘,2017-07-19,2017-07-19 10:00:52
10:00:55,10:00:55,35.59,-0.07,106,377254,卖盘,2017-07-19,2017-07-19 10:00:55
10:00:58,10:00:58,35.66,0.07,40,142640,买盘,2017-07-19,2017-07-19 10:00:58
10:01:01,10:01:01,35.6,-0.06,23,81880,卖盘,2017-07-19,2017-07-19 10:01:01
10:01:04,10:01:04,35.66,0.06,6,21395,买盘,2017-07-19,2017-07-19 10:01:04
10:01:07,10:01:07,35.6,-0.06,232,825920,卖盘,2017-07-19,2017-07-19 10:01:07
10:01:10,10:01:10,35.6,--,40,142400,卖盘,2017-07-19,2017-07-19 10:01:10
10:01:13,10:01:13,35.61,0.01,22,78342,中性盘,2017-07-19,2017-07-19 10:01:13
10:01:16,10:01:16,35.6,-0.01,60,213600,卖盘,2017-07-19,2017-07-19 10:01:16
10:01:19,10:01:19,35.62,0.02,100,356200,卖盘,2017-07-19,2017-07-19 10:01:19
10:01:22,10:01:22,35.67,0.05,46,164082,买盘,2017-07-19,2017-07-19 10:01:22
10:01:25,10:01:25,35.65,-0.02,20,71300,卖盘,2017-07-19,2017-07-19 10:01:25
10:01:28,10:01:28,35.65,--,55,196075,卖盘,2017-07-19,2017-07-19 10:01:28
10:01:31,10:01:31,35.66,0.01,32,114111,买盘,2017-07-19,2017-07-19 10:01:31
10:01:34,10:01:34,35.66,--,108,385127,买盘,2017-07-19,2017-07-19 10:01:34
10:01:37,10:01:37,35.65,-0.01,44,156860,卖盘,2017-07-19,2017-07-19 10:01:37
10:01:40,10:01:40,35.66,0.01,31,110545,买盘,2017-07-19,2017-07-19 10:01:40
10:01:43,10:01:43,35.65,-0.01,47,167555,卖盘,2017-07-19,2017-07-19 10:01:43
10:01:46,10:01:46,35.65,--,18,64170,买盘,2017-07-19,2017-07-19 10:01:46
10:01:49,10:01:49,35.65,--,3,10695,买盘,2017-07-19,2017-07-19 10:01:49
10:01:52,10:01:52,35.65,--,37,131905,买盘,2017-07-19,2017-07-19 10:01:52
10:01:55,10:01:55,35.65,--,47,167555,买盘,2017-07-19,2017-07-19 10:01:55
10:01:58,10:01:58,35.65,--,18,64170,买盘,2017-07-19,2017-07-19 10:01:58
10:02:01,10:02:01,35.69,0.04,230,820870,买盘,2017-07-19,2017-07-19 10:02:01
10:02:04,10:02:04,35.65,-0.04,5,17825,卖盘,2017-07-19,2017-07-19 10:02:04
10:02:07,10:02:07,35.64,-0.01,25,89100,卖盘,2017-07-19,2017-07-19 10:02:07
10:02:10,10:02:10,35.67,0.03,2,7134,买盘,2017-07-19,2017-07-19 10:02:10
10:02:13,10:02:13,35.63,-0.04,54,192402,卖盘,2017-07-19,2017-07-19 10:02:13
10:02:19,10:02:19,35.69,0.06,56,199864,买盘,2017-07-19,2017-07-19 10:02:19
10:02:22,10:02:22,35.66,-0.03,42,149772,卖盘,2017-07-19,2017-07-19 10:02:22
10:02:25,10:02:25,35.65,-0.01,10,35650,卖盘,2017-07-19,2017-07-19 10:02:25
10:02:28,10:02:28,35.65,--,56,199640,卖盘,2017-07-19,2017-07-19 10:02:28
10:02:31,10:02:31,35.65,--,15,53475,买盘,2017-07-19,2017-07-19 10:02:31
10:02:34,10:02:34,35.65,--,15,53475,买盘,2017-07-19,2017-07-19 10:02:34
10:02:37,10:02:37,35.65,--,39,139035,卖盘,2017-07-19,2017-07-19 10:02:37
10:02:40,10:02:40,35.65,--,90,320850,卖盘,2017-07-19,2017-07-19 10:02:40
10:02:43,10:02:43,35.65,--,77,274505,卖盘,2017-07-19,2017-07-19 10:02:43
10:02:46,10:02:46,35.7,0.05,501,1788570,买盘,2017-07-19,2017-07-19 10:02:46
10:02:49,10:02:49,35.65,-0.05,67,238855,卖盘,2017-07-19,2017-07-19 10:02:49
10:02:52,10:02:52,35.66,0.01,2,7131,卖盘,2017-07-19,2017-07-19 10:02:52
10:02:55,10:02:55,35.66,--,13,46357,卖盘,2017-07-19,2017-07-19 10:02:55
10:02:58,10:02:58,35.71,0.05,156,557076,买盘,2017-07-19,2017-07-19 10:02:58
10:03:01,10:03:01,35.71,--,0,0,买盘,2017-07-19,2017-07-19 10:03:01
10:03:04,10:03:04,35.65,-0.06,19,67735,卖盘,2017-07-19,2017-07-19 10:03:04
10:03:07,10:03:07,35.7,0.05,6,21420,买盘,2017-07-19,2017-07-19 10:03:07
10:03:10,10:03:10,35.66,-0.04,215,766689,卖盘,2017-07-19,2017-07-19 10:03:10
10:03:13,10:03:13,35.66,--,18,64187,买盘,2017-07-19,2017-07-19 10:03:13
10:03:16,10:03:16,35.7,0.04,83,296310,买盘,2017-07-19,2017-07-19 10:03:16
10:03:19,10:03:19,35.7,--,2,7140,买盘,2017-07-19,2017-07-19 10:03:19
10:03:25,10:03:25,35.7,--,76,271320,买盘,2017-07-19,2017-07-19 10:03:25
10:03:28,10:03:28,35.7,--,98,349860,卖盘,2017-07-19,2017-07-19 10:03:28
10:03:31,10:03:31,35.7,--,68,242760,买盘,2017-07-19,2017-07-19 10:03:31
10:03:34,10:03:34,35.7,--,1,3570,买盘,2017-07-19,2017-07-19 10:03:34
10:03:37,10:03:37,35.69,-0.01,2,7138,中性盘,2017-07-19,2017-07-19 10:03:37
10:03:40,10:03:40,35.7,0.01,54,192780,买盘,2017-07-19,2017-07-19 10:03:40
10:03:43,10:03:43,35.7,--,64,228480,买盘,2017-07-19,2017-07-19 10:03:43
10:03:46,10:03:46,35.7,--,90,321300,买盘,2017-07-19,2017-07-19 10:03:46
10:03:49,10:03:49,35.7,--,10,35700,买盘,2017-07-19,2017-07-19 10:03:49
10:03:52,10:03:52,35.68,-0.02,45,160560,中性盘,2017-07-19,2017-07-19 10:03:52
10:03:55,10:03:55,35.7,0.02,149,531930,买盘,2017-07-19,2017-07-19 10:03:55
10:03:58,10:03:58,35.7,--,41,146370,买盘,2017-07-19,2017-07-19 10:03:58
10:04:04,10:04:04,35.7,--,59,210630,卖盘,2017-07-19,2017-07-19 10:04:04
10:04:07,10:04:07,35.7,--,109,389130,卖盘,2017-07-19,2017-07-19 10:04:07
10:04:10,10:04:10,35.7,--,1,3570,买盘,2017-07-19,2017-07-19 10:04:10
10:04:13,10:04:13,35.69,-0.01,25,89225,卖盘,2017-07-19,2017-07-19 10:04:13
10:04:16,10:04:16,35.69,--,134,478245,卖盘,2017-07-19,2017-07-19 10:04:16
10:04:19,10:04:19,35.7,0.01,32,114240,买盘,2017-07-19,2017-07-19 10:04:19
10:04:25,10:04:25,35.7,--,127,453390,卖盘,2017-07-19,2017-07-19 10:04:25
10:04:28,10:04:28,35.68,-0.02,132,470976,卖盘,2017-07-19,2017-07-19 10:04:28
10:04:31,10:04:31,35.68,--,54,192672,买盘,2017-07-19,2017-07-19 10:04:31
10:04:37,10:04:37,35.69,0.01,59,210571,买盘,2017-07-19,2017-07-19 10:04:37
10:04:40,10:04:40,35.69,--,7,24983,卖盘,2017-07-19,2017-07-19 10:04:40
10:04:46,10:04:46,35.7,0.01,7,24990,买盘,2017-07-19,2017-07-19 10:04:46
10:04:49,10:04:49,35.7,--,194,692580,买盘,2017-07-19,2017-07-19 10:04:49
10:04:52,10:04:52,35.7,--,16,57120,卖盘,2017-07-19,2017-07-19 10:04:52
10:04:55,10:04:55,35.7,--,56,199920,卖盘,2017-07-19,2017-07-19 10:04:55
10:05:01,10:05:01,35.7,--,3,10710,卖盘,2017-07-19,2017-07-19 10:05:01
10:05:04,10:05:04,35.75,0.05,57,203775,买盘,2017-07-19,2017-07-19 10:05:04
10:05:07,10:05:07,35.75,--,110,393250,卖盘,2017-07-19,2017-07-19 10:05:07
10:05:10,10:05:10,35.75,--,12,42900,卖盘,2017-07-19,2017-07-19 10:05:10
10:05:13,10:05:13,35.75,--,0,0,中性盘,2017-07-19,2017-07-19 10:05:13
10:05:19,10:05:19,35.73,-0.02,159,568107,卖盘,2017-07-19,2017-07-19 10:05:19
10:05:22,10:05:22,35.76,0.03,7,25032,买盘,2017-07-19,2017-07-19 10:05:22
10:05:25,10:05:25,35.76,--,25,89400,卖盘,2017-07-19,2017-07-19 10:05:25
10:05:28,10:05:28,35.76,--,13,46488,卖盘,2017-07-19,2017-07-19 10:05:28
10:05:31,10:05:31,35.78,0.02,69,246882,买盘,2017-07-19,2017-07-19 10:05:31
10:05:34,10:05:34,35.78,--,14,50092,买盘,2017-07-19,2017-07-19 10:05:34
10:05:37,10:05:37,35.79,0.01,47,168213,买盘,2017-07-19,2017-07-19 10:05:37
10:05:40,10:05:40,35.77,-0.02,15,53655,卖盘,2017-07-19,2017-07-19 10:05:40
10:05:43,10:05:43,35.79,0.02,41,146739,买盘,2017-07-19,2017-07-19 10:05:43
10:05:49,10:05:49,35.8,0.01,431,1542979,买盘,2017-07-19,2017-07-19 10:05:49
10:05:52,10:05:52,35.81,0.01,15,53715,买盘,2017-07-19,2017-07-19 10:05:52
10:05:55,10:05:55,35.81,--,1,3581,买盘,2017-07-19,2017-07-19 10:05:55
10:05:58,10:05:58,35.81,--,183,655323,买盘,2017-07-19,2017-07-19 10:05:58
10:06:01,10:06:01,35.78,-0.03,34,121652,卖盘,2017-07-19,2017-07-19 10:06:01
10:06:04,10:06:04,35.78,--,68,243304,卖盘,2017-07-19,2017-07-19 10:06:04
10:06:07,10:06:07,35.81,0.03,36,128916,买盘,2017-07-19,2017-07-19 10:06:07
10:06:10,10:06:10,35.81,--,46,164726,买盘,2017-07-19,2017-07-19 10:06:10
10:06:13,10:06:13,35.78,-0.03,78,279084,卖盘,2017-07-19,2017-07-19 10:06:13
10:06:16,10:06:16,35.8,0.02,11,39380,中性盘,2017-07-19,2017-07-19 10:06:16
10:06:19,10:06:19,35.78,-0.02,21,75138,卖盘,2017-07-19,2017-07-19 10:06:19
10:06:22,10:06:22,35.78,--,6,21468,买盘,2017-07-19,2017-07-19 10:06:22
10:06:25,10:06:25,35.77,-0.01,66,236082,卖盘,2017-07-19,2017-07-19 10:06:25
10:06:28,10:06:28,35.77,--,11,39347,买盘,2017-07-19,2017-07-19 10:06:28
10:06:31,10:06:31,35.78,0.01,52,186056,卖盘,2017-07-19,2017-07-19 10:06:31
10:06:34,10:06:34,35.81,0.03,11,39391,买盘,2017-07-19,2017-07-19 10:06:34
10:06:37,10:06:37,35.78,-0.03,3,10734,卖盘,2017-07-19,2017-07-19 10:06:37
10:06:40,10:06:40,35.78,--,18,64404,卖盘,2017-07-19,2017-07-19 10:06:40
10:06:43,10:06:43,35.8,0.02,65,232699,买盘,2017-07-19,2017-07-19 10:06:43
10:06:46,10:06:46,35.8,--,24,85920,卖盘,2017-07-19,2017-07-19 10:06:46
10:06:49,10:06:49,35.81,0.01,79,282899,买盘,2017-07-19,2017-07-19 10:06:49
10:06:52,10:06:52,35.8,-0.01,8,28639,卖盘,2017-07-19,2017-07-19 10:06:52
10:06:55,10:06:55,35.82,0.02,41,146862,买盘,2017-07-19,2017-07-19 10:06:55
10:06:58,10:06:58,35.8,-0.02,50,179000,卖盘,2017-07-19,2017-07-19 10:06:58
10:07:01,10:07:01,35.81,0.01,166,594446,买盘,2017-07-19,2017-07-19 10:07:01
10:07:04,10:07:04,35.81,--,33,118173,卖盘,2017-07-19,2017-07-19 10:07:04
10:07:07,10:07:07,35.81,--,14,50134,卖盘,2017-07-19,2017-07-19 10:07:07
10:07:10,10:07:10,35.81,--,16,57296,卖盘,2017-07-19,2017-07-19 10:07:10
10:07:13,10:07:13,35.81,--,28,100268,卖盘,2017-07-19,2017-07-19 10:07:13
10:07:16,10:07:16,35.82,0.01,57,204174,买盘,2017-07-19,2017-07-19 10:07:16
10:07:19,10:07:19,35.82,--,72,259766,买盘,2017-07-19,2017-07-19 10:07:19
10:07:22,10:07:22,35.82,--,4,14328,卖盘,2017-07-19,2017-07-19 10:07:22
10:07:25,10:07:25,35.83,0.01,19,68077,买盘,2017-07-19,2017-07-19 10:07:25
10:07:28,10:07:28,35.82,-0.01,34,121788,卖盘,2017-07-19,2017-07-19 10:07:28
10:07:34,10:07:34,35.86,0.04,228,817608,买盘,2017-07-19,2017-07-19 10:07:34
10:07:37,10:07:37,35.84,-0.02,33,118272,中性盘,2017-07-19,2017-07-19 10:07:37
10:07:40,10:07:40,35.84,--,2,7168,卖盘,2017-07-19,2017-07-19 10:07:40
10:07:43,10:07:43,35.86,0.02,135,484110,买盘,2017-07-19,2017-07-19 10:07:43
10:07:46,10:07:46,35.86,--,39,139854,买盘,2017-07-19,2017-07-19 10:07:46
10:07:49,10:07:49,35.87,0.01,1,3586,买盘,2017-07-19,2017-07-19 10:07:49
10:07:52,10:07:52,35.87,--,24,86088,买盘,2017-07-19,2017-07-19 10:07:52
10:07:55,10:07:55,35.88,0.01,346,1241448,买盘,2017-07-19,2017-07-19 10:07:55
10:07:58,10:07:58,35.9,0.02,122,437980,买盘,2017-07-19,2017-07-19 10:07:58
10:08:01,10:08:01,35.91,0.01,19,68229,买盘,2017-07-19,2017-07-19 10:08:01
10:08:04,10:08:04,35.96,0.05,67,240932,买盘,2017-07-19,2017-07-19 10:08:04
10:08:07,10:08:07,35.96,--,5,17980,买盘,2017-07-19,2017-07-19 10:08:07
10:08:10,10:08:10,35.92,-0.04,45,161640,卖盘,2017-07-19,2017-07-19 10:08:10
10:08:13,10:08:13,35.95,0.03,53,190535,中性盘,2017-07-19,2017-07-19 10:08:13
10:08:16,10:08:16,35.97,0.02,26,93522,买盘,2017-07-19,2017-07-19 10:08:16
10:08:19,10:08:19,35.98,0.01,132,474935,买盘,2017-07-19,2017-07-19 10:08:19
10:08:22,10:08:22,35.97,-0.01,58,208626,卖盘,2017-07-19,2017-07-19 10:08:22
10:08:25,10:08:25,35.98,0.01,48,172703,买盘,2017-07-19,2017-07-19 10:08:25
10:08:28,10:08:28,35.97,-0.01,27,97119,卖盘,2017-07-19,2017-07-19 10:08:28
10:08:31,10:08:31,36.0,0.03,549,1976400,买盘,2017-07-19,2017-07-19 10:08:31
10:08:34,10:08:34,36.0,--,23,82800,买盘,2017-07-19,2017-07-19 10:08:34
10:08:37,10:08:37,36.0,--,44,158400,买盘,2017-07-19,2017-07-19 10:08:37
10:08:40,10:08:40,36.02,0.02,83,298966,买盘,2017-07-19,2017-07-19 10:08:40
10:08:43,10:08:43,36.02,--,32,115264,买盘,2017-07-19,2017-07-19 10:08:43
10:08:46,10:08:46,36.01,-0.01,58,208858,卖盘,2017-07-19,2017-07-19 10:08:46
10:08:49,10:08:49,36.03,0.02,60,216180,买盘,2017-07-19,2017-07-19 10:08:49
10:08:52,10:08:52,36.08,0.05,153,552024,买盘,2017-07-19,2017-07-19 10:08:52
10:08:55,10:08:55,36.1,0.02,330,1191300,买盘,2017-07-19,2017-07-19 10:08:55
10:08:58,10:08:58,36.1,--,338,1220180,买盘,2017-07-19,2017-07-19 10:08:58
10:09:01,10:09:01,36.1,--,75,270750,卖盘,2017-07-19,2017-07-19 10:09:01
10:09:04,10:09:04,36.1,--,458,1653380,卖盘,2017-07-19,2017-07-19 10:09:04
10:09:07,10:09:07,36.11,0.01,48,173328,买盘,2017-07-19,2017-07-19 10:09:07
10:09:10,10:09:10,36.14,0.03,171,617994,买盘,2017-07-19,2017-07-19 10:09:10
10:09:13,10:09:13,36.15,0.01,97,350655,买盘,2017-07-19,2017-07-19 10:09:13
10:09:16,10:09:16,36.16,0.01,57,206111,买盘,2017-07-19,2017-07-19 10:09:16
10:09:19,10:09:19,36.13,-0.03,865,3125245,卖盘,2017-07-19,2017-07-19 10:09:19
10:09:22,10:09:22,36.13,--,55,198715,卖盘,2017-07-19,2017-07-19 10:09:22
10:09:25,10:09:25,36.12,-0.01,118,426215,卖盘,2017-07-19,2017-07-19 10:09:25
10:09:28,10:09:28,36.19,0.07,188,680372,买盘,2017-07-19,2017-07-19 10:09:28
10:09:31,10:09:31,36.18,-0.01,52,188136,卖盘,2017-07-19,2017-07-19 10:09:31
10:09:34,10:09:34,36.15,-0.03,46,166290,卖盘,2017-07-19,2017-07-19 10:09:34
10:09:37,10:09:37,36.18,0.03,48,173664,中性盘,2017-07-19,2017-07-19 10:09:37
10:09:40,10:09:40,36.2,0.02,169,611780,买盘,2017-07-19,2017-07-19 10:09:40
10:09:43,10:09:43,36.2,--,118,427160,买盘,2017-07-19,2017-07-19 10:09:43
10:09:46,10:09:46,36.2,--,115,416300,买盘,2017-07-19,2017-07-19 10:09:46
10:09:49,10:09:49,36.21,0.01,153,554013,买盘,2017-07-19,2017-07-19 10:09:49
10:09:52,10:09:52,36.22,0.01,22,79684,卖盘,2017-07-19,2017-07-19 10:09:52
10:09:55,10:09:55,36.22,--,55,199210,卖盘,2017-07-19,2017-07-19 10:09:55
10:09:58,10:09:58,36.22,--,22,79684,卖盘,2017-07-19,2017-07-19 10:09:58
10:10:01,10:10:01,36.27,0.05,102,369954,买盘,2017-07-19,2017-07-19 10:10:01
10:10:04,10:10:04,36.22,-0.05,122,441884,卖盘,2017-07-19,2017-07-19 10:10:04
10:10:07,10:10:07,36.28,0.06,156,565968,买盘,2017-07-19,2017-07-19 10:10:07
10:10:10,10:10:10,36.28,--,128,464384,买盘,2017-07-19,2017-07-19 10:10:10
10:10:13,10:10:13,36.29,0.01,350,1270150,买盘,2017-07-19,2017-07-19 10:10:13
10:10:16,10:10:16,36.31,0.02,72,261432,中性盘,2017-07-19,2017-07-19 10:10:16
10:10:19,10:10:19,36.34,0.03,45,163530,中性盘,2017-07-19,2017-07-19 10:10:19
10:10:22,10:10:22,36.35,0.01,295,1072325,买盘,2017-07-19,2017-07-19 10:10:22
10:10:25,10:10:25,36.38,0.03,45,163710,买盘,2017-07-19,2017-07-19 10:10:25
10:10:28,10:10:28,36.35,-0.03,358,1301330,卖盘,2017-07-19,2017-07-19 10:10:28
10:10:31,10:10:31,36.31,-0.04,290,1052990,卖盘,2017-07-19,2017-07-19 10:10:31
10:10:34,10:10:34,36.36,0.05,142,516312,中性盘,2017-07-19,2017-07-19 10:10:34
10:10:37,10:10:37,36.39,0.03,272,989808,买盘,2017-07-19,2017-07-19 10:10:37
10:10:40,10:10:40,36.36,-0.03,480,1745280,卖盘,2017-07-19,2017-07-19 10:10:40
10:10:43,10:10:43,36.36,--,364,1323504,买盘,2017-07-19,2017-07-19 10:10:43
10:10:46,10:10:46,36.35,-0.01,141,512535,卖盘,2017-07-19,2017-07-19 10:10:46
10:10:49,10:10:49,36.35,--,383,1392205,卖盘,2017-07-19,2017-07-19 10:10:49
10:10:52,10:10:52,36.34,-0.01,362,1315508,卖盘,2017-07-19,2017-07-19 10:10:52
10:10:55,10:10:55,36.33,-0.01,353,1282449,中性盘,2017-07-19,2017-07-19 10:10:55
10:10:58,10:10:58,36.34,0.01,78,283452,买盘,2017-07-19,2017-07-19 10:10:58
10:11:01,10:11:01,36.31,-0.03,139,504709,卖盘,2017-07-19,2017-07-19 10:11:01
10:11:04,10:11:04,36.3,-0.01,335,1216050,卖盘,2017-07-19,2017-07-19 10:11:04
10:11:07,10:11:07,36.34,0.04,413,1500842,买盘,2017-07-19,2017-07-19 10:11:07
10:11:10,10:11:10,36.3,-0.04,249,903869,卖盘,2017-07-19,2017-07-19 10:11:10
10:11:13,10:11:13,36.26,-0.04,45,163170,卖盘,2017-07-19,2017-07-19 10:11:13
10:11:16,10:11:16,36.3,0.04,142,515459,买盘,2017-07-19,2017-07-19 10:11:16
10:11:19,10:11:19,36.27,-0.03,164,594828,中性盘,2017-07-19,2017-07-19 10:11:19
10:11:22,10:11:22,36.29,0.02,63,228627,中性盘,2017-07-19,2017-07-19 10:11:22
10:11:25,10:11:25,36.24,-0.05,71,257304,卖盘,2017-07-19,2017-07-19 10:11:25
10:11:28,10:11:28,36.24,--,64,231936,卖盘,2017-07-19,2017-07-19 10:11:28
10:11:31,10:11:31,36.26,0.02,46,166796,买盘,2017-07-19,2017-07-19 10:11:31
10:11:34,10:11:34,36.25,-0.01,217,786625,卖盘,2017-07-19,2017-07-19 10:11:34
10:11:37,10:11:37,36.21,-0.04,405,1466505,卖盘,2017-07-19,2017-07-19 10:11:37
10:11:40,10:11:40,36.25,0.04,142,514750,买盘,2017-07-19,2017-07-19 10:11:40
10:11:43,10:11:43,36.25,--,11,39875,买盘,2017-07-19,2017-07-19 10:11:43
10:11:46,10:11:46,36.25,--,36,130500,买盘,2017-07-19,2017-07-19 10:11:46
10:11:49,10:11:49,36.22,-0.03,37,134014,卖盘,2017-07-19,2017-07-19 10:11:49
10:11:52,10:11:52,36.23,0.01,34,123181,中性盘,2017-07-19,2017-07-19 10:11:52
10:11:55,10:11:55,36.22,-0.01,77,278894,卖盘,2017-07-19,2017-07-19 10:11:55
10:11:58,10:11:58,36.25,0.03,113,409625,买盘,2017-07-19,2017-07-19 10:11:58
10:12:01,10:12:01,36.23,-0.02,62,224625,中性盘,2017-07-19,2017-07-19 10:12:01
10:12:04,10:12:04,36.22,-0.01,69,249918,卖盘,2017-07-19,2017-07-19 10:12:04
10:12:07,10:12:07,36.2,-0.02,7,25340,卖盘,2017-07-19,2017-07-19 10:12:07
10:12:12,10:12:12,36.22,0.02,26,94172,买盘,2017-07-19,2017-07-19 10:12:12
10:12:15,10:12:15,36.2,-0.02,33,119460,卖盘,2017-07-19,2017-07-19 10:12:15
10:12:18,10:12:18,36.2,--,62,224440,卖盘,2017-07-19,2017-07-19 10:12:18
10:12:21,10:12:21,36.22,0.02,52,188344,买盘,2017-07-19,2017-07-19 10:12:21
10:12:24,10:12:24,36.2,-0.02,80,289600,卖盘,2017-07-19,2017-07-19 10:12:24
10:12:27,10:12:27,36.2,--,63,228060,卖盘,2017-07-19,2017-07-19 10:12:27
10:12:30,10:12:30,36.18,-0.02,397,1436346,卖盘,2017-07-19,2017-07-19 10:12:30
10:12:33,10:12:33,36.18,--,17,61506,买盘,2017-07-19,2017-07-19 10:12:33
10:12:36,10:12:36,36.18,--,70,253260,买盘,2017-07-19,2017-07-19 10:12:36
10:12:39,10:12:39,36.17,-0.01,32,115744,中性盘,2017-07-19,2017-07-19 10:12:39
10:12:42,10:12:42,36.14,-0.03,116,419224,卖盘,2017-07-19,2017-07-19 10:12:42
10:12:45,10:12:45,36.14,--,27,97578,买盘,2017-07-19,2017-07-19 10:12:45
10:12:48,10:12:48,36.18,0.04,94,340092,买盘,2017-07-19,2017-07-19 10:12:48
10:12:51,10:12:51,36.15,-0.03,41,148215,卖盘,2017-07-19,2017-07-19 10:12:51
10:12:54,10:12:54,36.15,--,20,72300,卖盘,2017-07-19,2017-07-19 10:12:54
10:12:57,10:12:57,36.2,0.05,36,130320,买盘,2017-07-19,2017-07-19 10:12:57
10:13:00,10:13:00,36.15,-0.05,105,379575,卖盘,2017-07-19,2017-07-19 10:13:00
10:13:03,10:13:03,36.2,0.05,73,264260,买盘,2017-07-19,2017-07-19 10:13:03
10:13:06,10:13:06,36.25,0.05,27,97875,买盘,2017-07-19,2017-07-19 10:13:06
10:13:09,10:13:09,36.2,-0.05,5,18100,卖盘,2017-07-19,2017-07-19 10:13:09
10:13:12,10:13:12,36.26,0.06,37,134162,买盘,2017-07-19,2017-07-19 10:13:12
10:13:15,10:13:15,36.26,--,49,177674,买盘,2017-07-19,2017-07-19 10:13:15
10:13:18,10:13:18,36.29,0.03,46,166934,买盘,2017-07-19,2017-07-19 10:13:18
10:13:21,10:13:21,36.28,-0.01,50,181400,中性盘,2017-07-19,2017-07-19 10:13:21
10:13:24,10:13:24,36.33,0.05,106,385098,买盘,2017-07-19,2017-07-19 10:13:24
10:13:27,10:13:27,36.31,-0.02,16,58096,中性盘,2017-07-19,2017-07-19 10:13:27
10:13:30,10:13:30,36.32,0.01,24,87168,卖盘,2017-07-19,2017-07-19 10:13:30
10:13:33,10:13:33,36.33,0.01,69,250677,买盘,2017-07-19,2017-07-19 10:13:33
10:13:36,10:13:36,36.35,0.02,399,1450365,买盘,2017-07-19,2017-07-19 10:13:36
10:13:39,10:13:39,36.36,0.01,194,705384,中性盘,2017-07-19,2017-07-19 10:13:39
10:13:42,10:13:42,36.45,0.09,315,1148175,买盘,2017-07-19,2017-07-19 10:13:42
10:13:45,10:13:45,36.41,-0.04,12,43691,中性盘,2017-07-19,2017-07-19 10:13:45
10:13:48,10:13:48,36.48,0.07,344,1254912,买盘,2017-07-19,2017-07-19 10:13:48
10:13:54,10:13:54,36.49,0.01,179,653171,买盘,2017-07-19,2017-07-19 10:13:54
10:13:57,10:13:57,36.5,0.01,435,1587750,买盘,2017-07-19,2017-07-19 10:13:57
10:14:00,10:14:00,36.49,-0.01,601,2193049,卖盘,2017-07-19,2017-07-19 10:14:00
10:14:03,10:14:03,36.52,0.03,100,365200,卖盘,2017-07-19,2017-07-19 10:14:03
10:14:06,10:14:06,36.53,0.01,98,357994,中性盘,2017-07-19,2017-07-19 10:14:06
10:14:09,10:14:09,36.58,0.05,334,1221772,买盘,2017-07-19,2017-07-19 10:14:09
10:14:12,10:14:12,36.53,-0.05,265,968045,卖盘,2017-07-19,2017-07-19 10:14:12
10:14:15,10:14:15,36.58,0.05,188,687704,买盘,2017-07-19,2017-07-19 10:14:15
10:14:18,10:14:18,36.58,--,198,724284,买盘,2017-07-19,2017-07-19 10:14:18
10:14:21,10:14:21,36.56,-0.02,80,292480,中性盘,2017-07-19,2017-07-19 10:14:21
10:14:24,10:14:24,36.56,--,88,321728,买盘,2017-07-19,2017-07-19 10:14:24
10:14:27,10:14:27,36.51,-0.05,494,1803594,卖盘,2017-07-19,2017-07-19 10:14:27
10:14:30,10:14:30,36.53,0.02,280,1022840,中性盘,2017-07-19,2017-07-19 10:14:30
10:14:33,10:14:33,36.51,-0.02,192,700992,卖盘,2017-07-19,2017-07-19 10:14:33
10:14:36,10:14:36,36.49,-0.02,494,1802606,卖盘,2017-07-19,2017-07-19 10:14:36
10:14:39,10:14:39,36.49,--,254,926846,卖盘,2017-07-19,2017-07-19 10:14:39
10:14:42,10:14:42,36.5,0.01,240,876000,买盘,2017-07-19,2017-07-19 10:14:42
10:14:45,10:14:45,36.48,-0.02,120,437759,中性盘,2017-07-19,2017-07-19 10:14:45
10:14:48,10:14:48,36.5,0.02,172,627800,买盘,2017-07-19,2017-07-19 10:14:48
10:14:51,10:14:51,36.46,-0.04,99,360954,卖盘,2017-07-19,2017-07-19 10:14:51
10:14:54,10:14:54,36.45,-0.01,56,204120,卖盘,2017-07-19,2017-07-19 10:14:54
10:14:57,10:14:57,36.47,0.02,86,313642,买盘,2017-07-19,2017-07-19 10:14:57
10:15:00,10:15:00,36.41,-0.06,73,265793,卖盘,2017-07-19,2017-07-19 10:15:00
10:15:03,10:15:03,36.41,--,30,109229,买盘,2017-07-19,2017-07-19 10:15:03
10:15:06,10:15:06,36.4,-0.01,149,542360,卖盘,2017-07-19,2017-07-19 10:15:06
10:15:09,10:15:09,36.42,0.02,16,58272,买盘,2017-07-19,2017-07-19 10:15:09
10:15:12,10:15:12,36.4,-0.02,237,862680,卖盘,2017-07-19,2017-07-19 10:15:12
10:15:15,10:15:15,36.4,--,195,709800,买盘,2017-07-19,2017-07-19 10:15:15
10:15:18,10:15:18,36.4,--,26,94640,卖盘,2017-07-19,2017-07-19 10:15:18
10:15:21,10:15:21,36.45,0.05,58,211410,买盘,2017-07-19,2017-07-19 10:15:21
10:15:24,10:15:24,36.45,--,87,317115,买盘,2017-07-19,2017-07-19 10:15:24
10:15:27,10:15:27,36.4,-0.05,142,516880,中性盘,2017-07-19,2017-07-19 10:15:27
10:15:30,10:15:30,36.4,--,121,440440,中性盘,2017-07-19,2017-07-19 10:15:30
10:15:33,10:15:33,36.41,0.01,63,229382,中性盘,2017-07-19,2017-07-19 10:15:33
10:15:36,10:15:36,36.4,-0.01,56,203840,卖盘,2017-07-19,2017-07-19 10:15:36
10:15:39,10:15:39,36.4,--,104,378560,卖盘,2017-07-19,2017-07-19 10:15:39
10:15:42,10:15:42,36.4,--,47,171080,卖盘,2017-07-19,2017-07-19 10:15:42
10:15:45,10:15:45,36.4,--,136,495040,买盘,2017-07-19,2017-07-19 10:15:45
10:15:48,10:15:48,36.4,--,11,40040,买盘,2017-07-19,2017-07-19 10:15:48
10:15:51,10:15:51,36.39,-0.01,11,40029,中性盘,2017-07-19,2017-07-19 10:15:51
10:15:54,10:15:54,36.4,0.01,82,298480,买盘,2017-07-19,2017-07-19 10:15:54
10:15:57,10:15:57,36.38,-0.02,4,14552,卖盘,2017-07-19,2017-07-19 10:15:57
10:16:00,10:16:00,36.39,0.01,22,80058,买盘,2017-07-19,2017-07-19 10:16:00
10:16:03,10:16:03,36.39,--,27,98253,买盘,2017-07-19,2017-07-19 10:16:03
10:16:06,10:16:06,36.38,-0.01,125,454750,卖盘,2017-07-19,2017-07-19 10:16:06
10:16:09,10:16:09,36.36,-0.02,25,90900,卖盘,2017-07-19,2017-07-19 10:16:09
10:16:12,10:16:12,36.38,0.02,37,134606,买盘,2017-07-19,2017-07-19 10:16:12
10:16:15,10:16:15,36.38,--,29,105502,买盘,2017-07-19,2017-07-19 10:16:15
10:16:18,10:16:18,36.36,-0.02,50,181800,卖盘,2017-07-19,2017-07-19 10:16:18
10:16:21,10:16:21,36.38,0.02,174,633012,买盘,2017-07-19,2017-07-19 10:16:21
10:16:24,10:16:24,36.39,0.01,108,393012,买盘,2017-07-19,2017-07-19 10:16:24
10:16:27,10:16:27,36.38,-0.01,9,32742,中性盘,2017-07-19,2017-07-19 10:16:27
10:16:30,10:16:30,36.36,-0.02,35,127260,卖盘,2017-07-19,2017-07-19 10:16:30
10:16:33,10:16:33,36.38,0.02,22,80036,买盘,2017-07-19,2017-07-19 10:16:33
10:16:36,10:16:36,36.36,-0.02,70,254520,卖盘,2017-07-19,2017-07-19 10:16:36
10:16:39,10:16:39,36.38,0.02,75,272850,买盘,2017-07-19,2017-07-19 10:16:39
10:16:42,10:16:42,36.38,--,31,112778,买盘,2017-07-19,2017-07-19 10:16:42
10:16:45,10:16:45,36.36,-0.02,103,374544,卖盘,2017-07-19,2017-07-19 10:16:45
10:16:48,10:16:48,36.37,0.01,47,170939,卖盘,2017-07-19,2017-07-19 10:16:48
10:16:52,10:16:52,36.37,--,31,112746,卖盘,2017-07-19,2017-07-19 10:16:52
10:16:55,10:16:55,36.37,--,165,600105,买盘,2017-07-19,2017-07-19 10:16:55
10:16:58,10:16:58,36.37,--,151,549187,卖盘,2017-07-19,2017-07-19 10:16:58
10:17:00,10:17:00,36.37,--,217,789229,卖盘,2017-07-19,2017-07-19 10:17:00
10:17:04,10:17:04,36.36,-0.01,384,1399823,卖盘,2017-07-19,2017-07-19 10:17:04
10:17:07,10:17:07,36.36,--,65,236340,买盘,2017-07-19,2017-07-19 10:17:07
10:17:10,10:17:10,36.35,-0.01,49,178115,卖盘,2017-07-19,2017-07-19 10:17:10
10:17:13,10:17:13,36.38,0.03,291,1058694,买盘,2017-07-19,2017-07-19 10:17:13
10:17:16,10:17:16,36.35,-0.03,204,741540,卖盘,2017-07-19,2017-07-19 10:17:16
10:17:19,10:17:19,36.35,--,0,0,卖盘,2017-07-19,2017-07-19 10:17:19
10:17:22,10:17:22,36.43,0.08,130,473590,买盘,2017-07-19,2017-07-19 10:17:22
10:17:24,10:17:24,36.4,-0.03,168,611520,中性盘,2017-07-19,2017-07-19 10:17:24
10:17:28,10:17:28,36.36,-0.04,44,159984,卖盘,2017-07-19,2017-07-19 10:17:28
10:17:31,10:17:31,36.38,0.02,11,40018,买盘,2017-07-19,2017-07-19 10:17:31
10:17:34,10:17:34,36.4,0.02,56,203840,买盘,2017-07-19,2017-07-19 10:17:34
10:17:37,10:17:37,36.42,0.02,307,1118094,买盘,2017-07-19,2017-07-19 10:17:37
10:17:40,10:17:40,36.35,-0.07,180,654300,卖盘,2017-07-19,2017-07-19 10:17:40
10:17:43,10:17:43,36.42,0.07,11,40062,买盘,2017-07-19,2017-07-19 10:17:43
10:17:46,10:17:46,36.42,--,38,138396,买盘,2017-07-19,2017-07-19 10:17:46
10:17:49,10:17:49,36.36,-0.06,202,734472,卖盘,2017-07-19,2017-07-19 10:17:49
10:17:52,10:17:52,36.42,0.06,40,145680,买盘,2017-07-19,2017-07-19 10:17:52
10:17:55,10:17:55,36.43,0.01,41,149363,买盘,2017-07-19,2017-07-19 10:17:55
10:17:58,10:17:58,36.44,0.01,275,1002099,买盘,2017-07-19,2017-07-19 10:17:58
10:18:01,10:18:01,36.44,--,14,51016,卖盘,2017-07-19,2017-07-19 10:18:01
10:18:04,10:18:04,36.45,0.01,29,105705,买盘,2017-07-19,2017-07-19 10:18:04
10:18:07,10:18:07,36.42,-0.03,234,852228,卖盘,2017-07-19,2017-07-19 10:18:07
10:18:10,10:18:10,36.42,--,55,200310,买盘,2017-07-19,2017-07-19 10:18:10
10:18:13,10:18:13,36.42,--,70,254940,买盘,2017-07-19,2017-07-19 10:18:13
10:18:16,10:18:16,36.42,--,46,167532,买盘,2017-07-19,2017-07-19 10:18:16
10:18:19,10:18:19,36.42,--,106,386052,买盘,2017-07-19,2017-07-19 10:18:19
10:18:22,10:18:22,36.42,--,22,80124,买盘,2017-07-19,2017-07-19 10:18:22
10:18:25,10:18:25,36.4,-0.02,394,1434160,卖盘,2017-07-19,2017-07-19 10:18:25
10:18:28,10:18:28,36.4,--,97,353080,买盘,2017-07-19,2017-07-19 10:18:28
10:18:31,10:18:31,36.37,-0.03,75,272775,卖盘,2017-07-19,2017-07-19 10:18:31
10:18:34,10:18:34,36.38,0.01,26,94588,买盘,2017-07-19,2017-07-19 10:18:34
10:18:37,10:18:37,36.39,0.01,51,185589,买盘,2017-07-19,2017-07-19 10:18:37
10:18:40,10:18:40,36.35,-0.04,143,519805,卖盘,2017-07-19,2017-07-19 10:18:40
10:18:43,10:18:43,36.38,0.03,35,127330,买盘,2017-07-19,2017-07-19 10:18:43
10:18:46,10:18:46,36.37,-0.01,31,112746,买盘,2017-07-19,2017-07-19 10:18:46
10:18:49,10:18:49,36.34,-0.03,11,39974,卖盘,2017-07-19,2017-07-19 10:18:49
10:18:52,10:18:52,36.35,0.01,14,50890,中性盘,2017-07-19,2017-07-19 10:18:52
10:18:55,10:18:55,36.34,-0.01,57,207138,卖盘,2017-07-19,2017-07-19 10:18:55
10:18:58,10:18:58,36.35,0.01,99,359865,中性盘,2017-07-19,2017-07-19 10:18:58
10:19:01,10:19:01,36.36,0.01,19,69084,中性盘,2017-07-19,2017-07-19 10:19:01
10:19:04,10:19:04,36.34,-0.02,26,94484,卖盘,2017-07-19,2017-07-19 10:19:04
10:19:07,10:19:07,36.34,--,29,105386,买盘,2017-07-19,2017-07-19 10:19:07
10:19:10,10:19:10,36.34,--,55,199870,买盘,2017-07-19,2017-07-19 10:19:10
10:19:13,10:19:13,36.34,--,78,283452,买盘,2017-07-19,2017-07-19 10:19:13
10:19:16,10:19:16,36.32,-0.02,48,174336,卖盘,2017-07-19,2017-07-19 10:19:16
10:19:19,10:19:19,36.33,0.01,27,98091,买盘,2017-07-19,2017-07-19 10:19:19
10:19:22,10:19:22,36.33,--,31,112623,买盘,2017-07-19,2017-07-19 10:19:22
10:19:25,10:19:25,36.32,-0.01,69,250608,卖盘,2017-07-19,2017-07-19 10:19:25
10:19:28,10:19:28,36.3,-0.02,42,152460,卖盘,2017-07-19,2017-07-19 10:19:28
10:19:31,10:19:31,36.3,--,8,29039,卖盘,2017-07-19,2017-07-19 10:19:31
10:19:34,10:19:34,36.32,0.02,63,228816,买盘,2017-07-19,2017-07-19 10:19:34
10:19:37,10:19:37,36.32,--,41,148912,买盘,2017-07-19,2017-07-19 10:19:37
10:19:40,10:19:40,36.28,-0.04,15,54420,卖盘,2017-07-19,2017-07-19 10:19:40
10:19:43,10:19:43,36.27,-0.01,70,253890,卖盘,2017-07-19,2017-07-19 10:19:43
10:19:46,10:19:46,36.27,--,20,72540,买盘,2017-07-19,2017-07-19 10:19:46
10:19:49,10:19:49,36.27,--,5,18135,买盘,2017-07-19,2017-07-19 10:19:49
10:19:52,10:19:52,36.28,0.01,50,181400,买盘,2017-07-19,2017-07-19 10:19:52
10:19:55,10:19:55,36.21,-0.07,237,858177,卖盘,2017-07-19,2017-07-19 10:19:55
10:19:58,10:19:58,36.2,-0.01,50,181000,卖盘,2017-07-19,2017-07-19 10:19:58
10:20:01,10:20:01,36.2,--,2,7240,买盘,2017-07-19,2017-07-19 10:20:01
10:20:04,10:20:04,36.21,0.01,13,47073,买盘,2017-07-19,2017-07-19 10:20:04
10:20:07,10:20:07,36.18,-0.03,10,36180,卖盘,2017-07-19,2017-07-19 10:20:07
10:20:10,10:20:10,36.19,0.01,35,126664,卖盘,2017-07-19,2017-07-19 10:20:10
10:20:13,10:20:13,36.19,--,48,173712,卖盘,2017-07-19,2017-07-19 10:20:13
10:20:16,10:20:16,36.21,0.02,24,86904,买盘,2017-07-19,2017-07-19 10:20:16
10:20:19,10:20:19,36.2,-0.01,6,21720,中性盘,2017-07-19,2017-07-19 10:20:19
10:20:22,10:20:22,36.2,--,3,10860,中性盘,2017-07-19,2017-07-19 10:20:22
10:20:25,10:20:25,36.2,--,24,86880,卖盘,2017-07-19,2017-07-19 10:20:25
10:20:28,10:20:28,36.2,--,63,228060,卖盘,2017-07-19,2017-07-19 10:20:28
10:20:31,10:20:31,36.21,0.01,12,43452,买盘,2017-07-19,2017-07-19 10:20:31
10:20:34,10:20:34,36.21,--,17,61557,卖盘,2017-07-19,2017-07-19 10:20:34
10:20:37,10:20:37,36.21,--,123,445383,卖盘,2017-07-19,2017-07-19 10:20:37
10:20:40,10:20:40,36.21,--,78,282438,卖盘,2017-07-19,2017-07-19 10:20:40
10:20:43,10:20:43,36.22,0.01,63,228186,买盘,2017-07-19,2017-07-19 10:20:43
10:20:46,10:20:46,36.2,-0.02,5,18100,卖盘,2017-07-19,2017-07-19 10:20:46
10:20:49,10:20:49,36.2,--,109,394580,卖盘,2017-07-19,2017-07-19 10:20:49
10:20:52,10:20:52,36.2,--,18,65160,买盘,2017-07-19,2017-07-19 10:20:52
10:20:55,10:20:55,36.2,--,53,191860,买盘,2017-07-19,2017-07-19 10:20:55
10:20:58,10:20:58,36.21,0.01,45,162945,买盘,2017-07-19,2017-07-19 10:20:58
10:21:01,10:21:01,36.21,--,45,162945,中性盘,2017-07-19,2017-07-19 10:21:01
10:21:07,10:21:07,36.2,-0.01,135,488700,卖盘,2017-07-19,2017-07-19 10:21:07
10:21:10,10:21:10,36.2,--,44,159280,卖盘,2017-07-19,2017-07-19 10:21:10
10:21:13,10:21:13,36.22,0.02,54,195588,买盘,2017-07-19,2017-07-19 10:21:13
10:21:16,10:21:16,36.22,--,7,25354,卖盘,2017-07-19,2017-07-19 10:21:16
10:21:19,10:21:19,36.21,-0.01,25,90525,卖盘,2017-07-19,2017-07-19 10:21:19
10:21:22,10:21:22,36.21,--,52,188292,卖盘,2017-07-19,2017-07-19 10:21:22
10:21:25,10:21:25,36.22,0.01,3,10866,卖盘,2017-07-19,2017-07-19 10:21:25
10:21:28,10:21:28,36.23,0.01,23,83329,卖盘,2017-07-19,2017-07-19 10:21:28
10:21:31,10:21:31,36.23,--,4,14491,卖盘,2017-07-19,2017-07-19 10:21:31
10:21:34,10:21:34,36.24,0.01,3,10872,中性盘,2017-07-19,2017-07-19 10:21:34
10:21:37,10:21:37,36.23,-0.01,12,43475,卖盘,2017-07-19,2017-07-19 10:21:37
10:21:40,10:21:40,36.21,-0.02,145,525045,卖盘,2017-07-19,2017-07-19 10:21:40
10:21:43,10:21:43,36.25,0.04,111,402375,买盘,2017-07-19,2017-07-19 10:21:43
10:21:46,10:21:46,36.23,-0.02,4,14491,卖盘,2017-07-19,2017-07-19 10:21:46
10:21:49,10:21:49,36.25,0.02,10,36250,卖盘,2017-07-19,2017-07-19 10:21:49
10:21:52,10:21:52,36.25,--,23,83375,卖盘,2017-07-19,2017-07-19 10:21:52
10:21:55,10:21:55,36.3,0.05,254,922019,买盘,2017-07-19,2017-07-19 10:21:55
10:21:58,10:21:58,36.25,-0.05,134,485750,卖盘,2017-07-19,2017-07-19 10:21:58
10:22:01,10:22:01,36.25,--,18,65250,卖盘,2017-07-19,2017-07-19 10:22:01
10:22:04,10:22:04,36.26,0.01,27,97902,买盘,2017-07-19,2017-07-19 10:22:04
10:22:07,10:22:07,36.25,-0.01,23,83375,中性盘,2017-07-19,2017-07-19 10:22:07
10:22:10,10:22:10,36.26,0.01,14,50764,买盘,2017-07-19,2017-07-19 10:22:10
10:22:13,10:22:13,36.25,-0.01,25,90625,卖盘,2017-07-19,2017-07-19 10:22:13
10:22:16,10:22:16,36.26,0.01,10,36260,买盘,2017-07-19,2017-07-19 10:22:16
10:22:19,10:22:19,36.26,--,49,177674,买盘,2017-07-19,2017-07-19 10:22:19
10:22:22,10:22:22,36.26,--,90,326340,卖盘,2017-07-19,2017-07-19 10:22:22
10:22:25,10:22:25,36.25,-0.01,46,166750,卖盘,2017-07-19,2017-07-19 10:22:25
10:22:28,10:22:28,36.25,--,52,188500,买盘,2017-07-19,2017-07-19 10:22:28
10:22:31,10:22:31,36.26,0.01,40,145040,买盘,2017-07-19,2017-07-19 10:22:31
10:22:34,10:22:34,36.26,--,28,101528,买盘,2017-07-19,2017-07-19 10:22:34
10:22:37,10:22:37,36.25,-0.01,58,210250,卖盘,2017-07-19,2017-07-19 10:22:37
10:22:40,10:22:40,36.26,0.01,86,313794,买盘,2017-07-19,2017-07-19 10:22:40
10:22:43,10:22:43,36.26,--,555,2012430,卖盘,2017-07-19,2017-07-19 10:22:43
10:22:46,10:22:46,36.3,0.04,36,130679,买盘,2017-07-19,2017-07-19 10:22:46
10:22:49,10:22:49,36.26,-0.04,310,1124060,卖盘,2017-07-19,2017-07-19 10:22:49
10:22:52,10:22:52,36.27,0.01,2,7254,中性盘,2017-07-19,2017-07-19 10:22:52
10:22:55,10:22:55,36.3,0.03,172,624360,买盘,2017-07-19,2017-07-19 10:22:55
10:22:58,10:22:58,36.3,--,26,94379,买盘,2017-07-19,2017-07-19 10:22:58
10:23:01,10:23:01,36.3,--,51,185130,买盘,2017-07-19,2017-07-19 10:23:01
10:23:04,10:23:04,36.27,-0.03,20,72540,中性盘,2017-07-19,2017-07-19 10:23:04
10:23:07,10:23:07,36.3,0.03,25,90750,买盘,2017-07-19,2017-07-19 10:23:07
10:23:10,10:23:10,36.28,-0.02,105,380940,中性盘,2017-07-19,2017-07-19 10:23:10
10:23:13,10:23:13,36.26,-0.02,128,464128,卖盘,2017-07-19,2017-07-19 10:23:13
10:23:16,10:23:16,36.3,0.04,74,268620,买盘,2017-07-19,2017-07-19 10:23:16
10:23:19,10:23:19,36.26,-0.04,26,94276,卖盘,2017-07-19,2017-07-19 10:23:19
10:23:22,10:23:22,36.25,-0.01,122,443917,卖盘,2017-07-19,2017-07-19 10:23:22
10:23:25,10:23:25,36.26,0.01,157,569282,买盘,2017-07-19,2017-07-19 10:23:25
10:23:28,10:23:28,36.3,0.04,155,564610,买盘,2017-07-19,2017-07-19 10:23:28
10:23:31,10:23:31,36.22,-0.08,109,394798,卖盘,2017-07-19,2017-07-19 10:23:31
10:23:34,10:23:34,36.24,0.02,130,471120,中性盘,2017-07-19,2017-07-19 10:23:34
10:23:37,10:23:37,36.22,-0.02,13,47086,卖盘,2017-07-19,2017-07-19 10:23:37
10:23:40,10:23:40,36.26,0.04,7,25382,买盘,2017-07-19,2017-07-19 10:23:40
10:23:43,10:23:43,36.25,-0.01,2,7250,卖盘,2017-07-19,2017-07-19 10:23:43
10:23:46,10:23:46,36.25,--,12,43500,卖盘,2017-07-19,2017-07-19 10:23:46
10:23:49,10:23:49,36.26,0.01,26,94276,买盘,2017-07-19,2017-07-19 10:23:49
10:23:52,10:23:52,36.26,--,0,0,买盘,2017-07-19,2017-07-19 10:23:52
10:23:55,10:23:55,36.23,-0.03,10,36230,卖盘,2017-07-19,2017-07-19 10:23:55
10:23:58,10:23:58,36.25,0.02,39,141375,买盘,2017-07-19,2017-07-19 10:23:58
10:24:01,10:24:01,36.25,--,0,0,买盘,2017-07-19,2017-07-19 10:24:01
10:24:04,10:24:04,36.23,-0.02,5,18115,买盘,2017-07-19,2017-07-19 10:24:04
10:24:07,10:24:07,36.23,--,25,90574,买盘,2017-07-19,2017-07-19 10:24:07
10:24:10,10:24:10,36.22,-0.01,6,21732,卖盘,2017-07-19,2017-07-19 10:24:10
10:24:13,10:24:13,36.25,0.03,37,134125,买盘,2017-07-19,2017-07-19 10:24:13
10:24:16,10:24:16,36.25,--,10,36250,买盘,2017-07-19,2017-07-19 10:24:16
10:24:19,10:24:19,36.23,-0.02,29,105066,卖盘,2017-07-19,2017-07-19 10:24:19
10:24:22,10:24:22,36.23,--,15,54344,卖盘,2017-07-19,2017-07-19 10:24:22
10:24:25,10:24:25,36.25,0.02,10,36250,买盘,2017-07-19,2017-07-19 10:24:25
10:24:28,10:24:28,36.23,-0.02,8,28983,卖盘,2017-07-19,2017-07-19 10:24:28
10:24:31,10:24:31,36.23,--,12,43475,卖盘,2017-07-19,2017-07-19 10:24:31
10:24:34,10:24:34,36.23,--,14,50721,卖盘,2017-07-19,2017-07-19 10:24:34
10:24:37,10:24:37,36.25,0.02,12,43500,买盘,2017-07-19,2017-07-19 10:24:37
10:24:40,10:24:40,36.23,-0.02,19,68837,卖盘,2017-07-19,2017-07-19 10:24:40
10:24:43,10:24:43,36.23,--,15,54344,卖盘,2017-07-19,2017-07-19 10:24:43
10:24:46,10:24:46,36.24,0.01,10,36240,买盘,2017-07-19,2017-07-19 10:24:46
10:24:49,10:24:49,36.25,0.01,202,732250,买盘,2017-07-19,2017-07-19 10:24:49
10:24:52,10:24:52,36.23,-0.02,9,32606,卖盘,2017-07-19,2017-07-19 10:24:52
10:24:55,10:24:55,36.23,--,0,0,卖盘,2017-07-19,2017-07-19 10:24:55
10:24:58,10:24:58,36.26,0.03,32,116032,买盘,2017-07-19,2017-07-19 10:24:58
10:25:01,10:25:01,36.26,--,71,257446,买盘,2017-07-19,2017-07-19 10:25:01
10:25:10,10:25:10,36.29,0.03,217,787493,买盘,2017-07-19,2017-07-19 10:25:10
10:25:16,10:25:16,36.29,--,1,3629,卖盘,2017-07-19,2017-07-19 10:25:16
10:25:19,10:25:19,36.3,0.01,18,65339,买盘,2017-07-19,2017-07-19 10:25:19
10:25:22,10:25:22,36.3,--,1,3629,买盘,2017-07-19,2017-07-19 10:25:22
10:25:25,10:25:25,36.29,-0.01,23,83467,卖盘,2017-07-19,2017-07-19 10:25:25
10:25:28,10:25:28,36.31,0.02,128,464768,买盘,2017-07-19,2017-07-19 10:25:28
10:25:31,10:25:31,36.3,-0.01,7,25409,卖盘,2017-07-19,2017-07-19 10:25:31
10:25:40,10:25:40,36.3,--,38,137940,卖盘,2017-07-19,2017-07-19 10:25:40
10:25:43,10:25:43,36.31,0.01,25,90775,中性盘,2017-07-19,2017-07-19 10:25:43
10:25:46,10:25:46,36.31,--,19,68989,卖盘,2017-07-19,2017-07-19 10:25:46
10:25:49,10:25:49,36.34,0.03,210,763140,买盘,2017-07-19,2017-07-19 10:25:49
10:25:52,10:25:52,36.34,--,100,363400,买盘,2017-07-19,2017-07-19 10:25:52
10:25:55,10:25:55,36.32,-0.02,2,7264,卖盘,2017-07-19,2017-07-19 10:25:55
10:25:58,10:25:58,36.36,0.04,83,301788,买盘,2017-07-19,2017-07-19 10:25:58
10:26:01,10:26:01,36.37,0.01,44,160028,买盘,2017-07-19,2017-07-19 10:26:01
10:26:04,10:26:04,36.36,-0.01,13,47268,卖盘,2017-07-19,2017-07-19 10:26:04
10:26:10,10:26:10,36.37,0.01,13,47281,买盘,2017-07-19,2017-07-19 10:26:10
10:26:13,10:26:13,36.37,--,14,50918,买盘,2017-07-19,2017-07-19 10:26:13
10:26:16,10:26:16,36.39,0.02,83,302037,买盘,2017-07-19,2017-07-19 10:26:16
10:26:19,10:26:19,36.39,--,9,32751,买盘,2017-07-19,2017-07-19 10:26:19
10:26:22,10:26:22,36.37,-0.02,9,32732,卖盘,2017-07-19,2017-07-19 10:26:22
10:26:25,10:26:25,36.39,0.02,25,90975,买盘,2017-07-19,2017-07-19 10:26:25
10:26:28,10:26:28,36.4,0.01,49,178360,买盘,2017-07-19,2017-07-19 10:26:28
10:26:31,10:26:31,36.4,--,33,120120,卖盘,2017-07-19,2017-07-19 10:26:31
10:26:34,10:26:34,36.4,--,15,54600,卖盘,2017-07-19,2017-07-19 10:26:34
10:26:37,10:26:37,36.4,--,16,58240,卖盘,2017-07-19,2017-07-19 10:26:37
10:26:40,10:26:40,36.41,0.01,91,331330,买盘,2017-07-19,2017-07-19 10:26:40
10:26:43,10:26:43,36.4,-0.01,97,353080,卖盘,2017-07-19,2017-07-19 10:26:43
10:26:46,10:26:46,36.42,0.02,59,214878,买盘,2017-07-19,2017-07-19 10:26:46
10:26:49,10:26:49,36.41,-0.01,40,145640,中性盘,2017-07-19,2017-07-19 10:26:49
10:26:52,10:26:52,36.41,--,71,258510,卖盘,2017-07-19,2017-07-19 10:26:52
10:26:55,10:26:55,36.41,--,154,560714,买盘,2017-07-19,2017-07-19 10:26:55
10:26:58,10:26:58,36.42,0.01,58,211236,卖盘,2017-07-19,2017-07-19 10:26:58
10:27:01,10:27:01,36.42,--,67,244014,卖盘,2017-07-19,2017-07-19 10:27:01
10:27:04,10:27:04,36.42,--,5,18210,卖盘,2017-07-19,2017-07-19 10:27:04
10:27:07,10:27:07,36.42,--,47,171174,卖盘,2017-07-19,2017-07-19 10:27:07
10:27:10,10:27:10,36.43,0.01,319,1162117,买盘,2017-07-19,2017-07-19 10:27:10
10:27:13,10:27:13,36.42,-0.01,39,142038,中性盘,2017-07-19,2017-07-19 10:27:13
10:27:16,10:27:16,36.42,--,105,382410,买盘,2017-07-19,2017-07-19 10:27:16
10:27:19,10:27:19,36.44,0.02,66,240503,买盘,2017-07-19,2017-07-19 10:27:19
10:27:22,10:27:22,36.44,--,17,61947,买盘,2017-07-19,2017-07-19 10:27:22
10:27:25,10:27:25,36.42,-0.02,15,54630,中性盘,2017-07-19,2017-07-19 10:27:25
10:27:28,10:27:28,36.42,--,116,422472,买盘,2017-07-19,2017-07-19 10:27:28
10:27:31,10:27:31,36.42,--,15,54630,买盘,2017-07-19,2017-07-19 10:27:31
10:27:34,10:27:34,36.44,0.02,8,29152,买盘,2017-07-19,2017-07-19 10:27:34
10:27:37,10:27:37,36.4,-0.04,236,859040,卖盘,2017-07-19,2017-07-19 10:27:37
10:27:40,10:27:40,36.4,--,2,7280,买盘,2017-07-19,2017-07-19 10:27:40
10:27:43,10:27:43,36.4,--,39,141960,买盘,2017-07-19,2017-07-19 10:27:43
10:27:46,10:27:46,36.39,-0.01,4,14556,卖盘,2017-07-19,2017-07-19 10:27:46
10:27:49,10:27:49,36.4,0.01,77,280280,买盘,2017-07-19,2017-07-19 10:27:49
10:27:52,10:27:52,36.38,-0.02,9,32742,卖盘,2017-07-19,2017-07-19 10:27:52
10:27:55,10:27:55,36.4,0.02,23,83720,买盘,2017-07-19,2017-07-19 10:27:55
10:27:58,10:27:58,36.39,-0.01,219,796941,中性盘,2017-07-19,2017-07-19 10:27:58
10:28:01,10:28:01,36.39,--,0,0,买盘,2017-07-19,2017-07-19 10:28:01
10:28:04,10:28:04,36.36,-0.03,344,1250784,卖盘,2017-07-19,2017-07-19 10:28:04
10:28:07,10:28:07,36.3,-0.06,15,54449,卖盘,2017-07-19,2017-07-19 10:28:07
10:28:10,10:28:10,36.36,0.06,10,36360,买盘,2017-07-19,2017-07-19 10:28:10
10:28:13,10:28:13,36.36,--,15,54540,买盘,2017-07-19,2017-07-19 10:28:13
10:28:16,10:28:16,36.3,-0.06,24,87120,卖盘,2017-07-19,2017-07-19 10:28:16
10:28:19,10:28:19,36.31,0.01,5,18155,中性盘,2017-07-19,2017-07-19 10:28:19
10:28:22,10:28:22,36.3,-0.01,12,43560,卖盘,2017-07-19,2017-07-19 10:28:22
10:28:25,10:28:25,36.3,--,2,7259,卖盘,2017-07-19,2017-07-19 10:28:25
10:28:28,10:28:28,36.3,--,6,21780,卖盘,2017-07-19,2017-07-19 10:28:28
10:28:31,10:28:31,36.33,0.03,16,58128,中性盘,2017-07-19,2017-07-19 10:28:31
10:28:34,10:28:34,36.29,-0.04,168,609672,卖盘,2017-07-19,2017-07-19 10:28:34
10:28:37,10:28:37,36.3,0.01,12,43560,买盘,2017-07-19,2017-07-19 10:28:37
10:28:40,10:28:40,36.3,--,22,79860,买盘,2017-07-19,2017-07-19 10:28:40
10:28:46,10:28:46,36.3,--,35,127049,买盘,2017-07-19,2017-07-19 10:28:46
10:28:49,10:28:49,36.3,--,11,39930,卖盘,2017-07-19,2017-07-19 10:28:49
10:28:52,10:28:52,36.3,--,33,119789,卖盘,2017-07-19,2017-07-19 10:28:52
10:28:55,10:28:55,36.3,--,3,10890,卖盘,2017-07-19,2017-07-19 10:28:55
10:28:58,10:28:58,36.3,--,9,32669,卖盘,2017-07-19,2017-07-19 10:28:58
10:29:01,10:29:01,36.29,-0.01,84,304836,卖盘,2017-07-19,2017-07-19 10:29:01
10:29:04,10:29:04,36.29,--,20,72580,买盘,2017-07-19,2017-07-19 10:29:04
10:29:07,10:29:07,36.29,--,47,170563,买盘,2017-07-19,2017-07-19 10:29:07
10:29:10,10:29:10,36.3,0.01,20,72600,买盘,2017-07-19,2017-07-19 10:29:10
10:29:13,10:29:13,36.29,-0.01,11,39919,中性盘,2017-07-19,2017-07-19 10:29:13
10:29:19,10:29:19,36.29,--,7,25403,买盘,2017-07-19,2017-07-19 10:29:19
10:29:22,10:29:22,36.28,-0.01,71,257588,卖盘,2017-07-19,2017-07-19 10:29:22
10:29:25,10:29:25,36.29,0.01,23,83467,买盘,2017-07-19,2017-07-19 10:29:25
10:29:28,10:29:28,36.27,-0.02,71,257517,卖盘,2017-07-19,2017-07-19 10:29:28
10:29:31,10:29:31,36.27,--,40,145080,买盘,2017-07-19,2017-07-19 10:29:31
10:29:37,10:29:37,36.27,--,25,90675,买盘,2017-07-19,2017-07-19 10:29:37
10:29:40,10:29:40,36.26,-0.01,1,3626,卖盘,2017-07-19,2017-07-19 10:29:40
10:29:43,10:29:43,36.26,--,42,152292,卖盘,2017-07-19,2017-07-19 10:29:43
10:29:46,10:29:46,36.26,--,13,47138,卖盘,2017-07-19,2017-07-19 10:29:46
10:29:49,10:29:49,36.27,0.01,23,83421,买盘,2017-07-19,2017-07-19 10:29:49
10:29:52,10:29:52,36.26,-0.01,15,54390,卖盘,2017-07-19,2017-07-19 10:29:52
10:29:57,10:29:57,36.26,--,43,155918,卖盘,2017-07-19,2017-07-19 10:29:57
10:30:00,10:30:00,36.26,--,62,224812,卖盘,2017-07-19,2017-07-19 10:30:00
10:30:03,10:30:03,36.26,--,50,181300,卖盘,2017-07-19,2017-07-19 10:30:03
10:30:05,10:30:05,36.27,0.01,23,83421,中性盘,2017-07-19,2017-07-19 10:30:05
10:30:09,10:30:09,36.26,-0.01,15,54535,卖盘,2017-07-19,2017-07-19 10:30:09
10:30:12,10:30:12,36.27,0.01,1,3627,中性盘,2017-07-19,2017-07-19 10:30:12
10:30:18,10:30:18,36.29,0.02,38,137902,买盘,2017-07-19,2017-07-19 10:30:18
10:30:24,10:30:24,36.36,0.07,75,272700,买盘,2017-07-19,2017-07-19 10:30:24
10:30:27,10:30:27,36.36,--,5,18180,卖盘,2017-07-19,2017-07-19 10:30:27
10:30:33,10:30:33,36.36,--,13,47268,卖盘,2017-07-19,2017-07-19 10:30:33
10:30:39,10:30:39,36.36,--,12,43632,卖盘,2017-07-19,2017-07-19 10:30:39
10:30:45,10:30:45,36.36,--,0,0,买盘,2017-07-19,2017-07-19 10:30:45
10:30:48,10:30:48,36.32,-0.04,31,112592,卖盘,2017-07-19,2017-07-19 10:30:48
10:30:51,10:30:51,36.36,0.04,1,3636,买盘,2017-07-19,2017-07-19 10:30:51
10:30:54,10:30:54,36.38,0.02,44,160072,买盘,2017-07-19,2017-07-19 10:30:54
10:30:57,10:30:57,36.38,--,11,40018,买盘,2017-07-19,2017-07-19 10:30:57
10:31:00,10:31:00,36.39,0.01,135,491265,买盘,2017-07-19,2017-07-19 10:31:00
10:31:03,10:31:03,36.36,-0.03,3,10908,买盘,2017-07-19,2017-07-19 10:31:03
10:31:06,10:31:06,36.4,0.04,106,385840,买盘,2017-07-19,2017-07-19 10:31:06
10:31:09,10:31:09,36.4,--,11,40040,卖盘,2017-07-19,2017-07-19 10:31:09
10:31:12,10:31:12,36.4,--,4,14560,卖盘,2017-07-19,2017-07-19 10:31:12
10:31:15,10:31:15,36.39,-0.01,256,931584,卖盘,2017-07-19,2017-07-19 10:31:15
10:31:18,10:31:18,36.41,0.02,75,273075,中性盘,2017-07-19,2017-07-19 10:31:18
10:31:21,10:31:21,36.41,--,15,54614,卖盘,2017-07-19,2017-07-19 10:31:21
10:31:24,10:31:24,36.44,0.03,14,51016,买盘,2017-07-19,2017-07-19 10:31:24
10:31:30,10:31:30,36.44,--,27,98388,买盘,2017-07-19,2017-07-19 10:31:30
10:31:33,10:31:33,36.41,-0.03,11,40050,卖盘,2017-07-19,2017-07-19 10:31:33
10:31:36,10:31:36,36.41,--,31,112870,卖盘,2017-07-19,2017-07-19 10:31:36
10:31:39,10:31:39,36.44,0.03,70,255079,买盘,2017-07-19,2017-07-19 10:31:39
10:31:42,10:31:42,36.44,--,5,18220,卖盘,2017-07-19,2017-07-19 10:31:42
10:31:45,10:31:45,36.45,0.01,46,167670,买盘,2017-07-19,2017-07-19 10:31:45
10:31:48,10:31:48,36.45,--,149,543105,买盘,2017-07-19,2017-07-19 10:31:48
10:31:51,10:31:51,36.44,-0.01,174,634056,卖盘,2017-07-19,2017-07-19 10:31:51
10:31:54,10:31:54,36.44,--,8,29152,买盘,2017-07-19,2017-07-19 10:31:54
10:31:57,10:31:57,36.44,--,26,94744,买盘,2017-07-19,2017-07-19 10:31:57
10:32:00,10:32:00,36.44,--,21,76524,买盘,2017-07-19,2017-07-19 10:32:00
10:32:03,10:32:03,36.44,--,39,142116,买盘,2017-07-19,2017-07-19 10:32:03
10:32:06,10:32:06,36.45,0.01,78,284310,买盘,2017-07-19,2017-07-19 10:32:06
10:32:09,10:32:09,36.45,--,205,747225,买盘,2017-07-19,2017-07-19 10:32:09
10:32:12,10:32:12,36.45,--,10,36450,卖盘,2017-07-19,2017-07-19 10:32:12
10:32:15,10:32:15,36.47,0.02,9,32823,买盘,2017-07-19,2017-07-19 10:32:15
10:32:18,10:32:18,36.47,--,41,149527,买盘,2017-07-19,2017-07-19 10:32:18
10:32:21,10:32:21,36.45,-0.02,27,98415,卖盘,2017-07-19,2017-07-19 10:32:21
10:32:24,10:32:24,36.46,0.01,14,51044,卖盘,2017-07-19,2017-07-19 10:32:24
10:32:27,10:32:27,36.48,0.02,110,401279,买盘,2017-07-19,2017-07-19 10:32:27
10:32:30,10:32:30,36.46,-0.02,94,342724,卖盘,2017-07-19,2017-07-19 10:32:30
10:32:33,10:32:33,36.53,0.07,524,1914172,买盘,2017-07-19,2017-07-19 10:32:33
10:32:36,10:32:36,36.51,-0.02,29,105879,中性盘,2017-07-19,2017-07-19 10:32:36
10:32:39,10:32:39,36.53,0.02,8,29224,卖盘,2017-07-19,2017-07-19 10:32:39
10:32:42,10:32:42,36.55,0.02,58,211989,买盘,2017-07-19,2017-07-19 10:32:42
10:32:45,10:32:45,36.55,--,137,500734,买盘,2017-07-19,2017-07-19 10:32:45
10:32:48,10:32:48,36.55,--,214,782169,卖盘,2017-07-19,2017-07-19 10:32:48
10:32:51,10:32:51,36.58,0.03,26,95108,买盘,2017-07-19,2017-07-19 10:32:51
10:32:54,10:32:54,36.57,-0.01,30,109710,中性盘,2017-07-19,2017-07-19 10:32:54
10:32:57,10:32:57,36.58,0.01,183,669414,买盘,2017-07-19,2017-07-19 10:32:57
10:33:00,10:33:00,36.58,--,134,490172,买盘,2017-07-19,2017-07-19 10:33:00
10:33:03,10:33:03,36.56,-0.02,104,380224,卖盘,2017-07-19,2017-07-19 10:33:03
10:33:06,10:33:06,36.58,0.02,343,1254694,买盘,2017-07-19,2017-07-19 10:33:06
10:33:09,10:33:09,36.6,0.02,221,808860,买盘,2017-07-19,2017-07-19 10:33:09
10:33:12,10:33:12,36.64,0.04,387,1417968,买盘,2017-07-19,2017-07-19 10:33:12
10:33:15,10:33:15,36.61,-0.03,1,3661,卖盘,2017-07-19,2017-07-19 10:33:15
10:33:18,10:33:18,36.63,0.02,1,3663,中性盘,2017-07-19,2017-07-19 10:33:18
10:33:21,10:33:21,36.6,-0.03,96,351360,卖盘,2017-07-19,2017-07-19 10:33:21
10:33:24,10:33:24,36.67,0.07,676,2478892,买盘,2017-07-19,2017-07-19 10:33:24
10:33:27,10:33:27,36.66,-0.01,87,318941,中性盘,2017-07-19,2017-07-19 10:33:27
10:33:30,10:33:30,36.67,0.01,52,190684,买盘,2017-07-19,2017-07-19 10:33:30
10:33:33,10:33:33,36.64,-0.03,216,791424,卖盘,2017-07-19,2017-07-19 10:33:33
10:33:36,10:33:36,36.64,--,141,516624,买盘,2017-07-19,2017-07-19 10:33:36
10:33:39,10:33:39,36.67,0.03,336,1232112,买盘,2017-07-19,2017-07-19 10:33:39
10:33:42,10:33:42,36.69,0.02,94,344886,买盘,2017-07-19,2017-07-19 10:33:42
10:33:45,10:33:45,36.67,-0.02,199,729733,卖盘,2017-07-19,2017-07-19 10:33:45
10:33:48,10:33:48,36.64,-0.03,301,1102864,卖盘,2017-07-19,2017-07-19 10:33:48
10:33:51,10:33:51,36.69,0.05,163,598047,中性盘,2017-07-19,2017-07-19 10:33:51
10:33:54,10:33:54,36.69,--,124,454956,卖盘,2017-07-19,2017-07-19 10:33:54
10:33:57,10:33:57,36.7,0.01,112,411040,买盘,2017-07-19,2017-07-19 10:33:57
10:34:00,10:34:00,36.7,--,14,51380,买盘,2017-07-19,2017-07-19 10:34:00
10:34:03,10:34:03,36.7,--,62,227540,卖盘,2017-07-19,2017-07-19 10:34:03
10:34:06,10:34:06,36.72,0.02,220,807840,买盘,2017-07-19,2017-07-19 10:34:06
10:34:09,10:34:09,36.71,-0.01,95,348745,中性盘,2017-07-19,2017-07-19 10:34:09
10:34:12,10:34:12,36.75,0.04,132,485100,买盘,2017-07-19,2017-07-19 10:34:12
10:34:15,10:34:15,36.72,-0.03,3,11016,卖盘,2017-07-19,2017-07-19 10:34:15
10:34:18,10:34:18,36.72,--,606,2225232,卖盘,2017-07-19,2017-07-19 10:34:18
10:34:21,10:34:21,36.73,0.01,131,481162,卖盘,2017-07-19,2017-07-19 10:34:21
10:34:24,10:34:24,36.73,--,41,150593,卖盘,2017-07-19,2017-07-19 10:34:24
10:34:27,10:34:27,36.75,0.02,35,128625,买盘,2017-07-19,2017-07-19 10:34:27
10:34:30,10:34:30,36.79,0.04,218,802022,买盘,2017-07-19,2017-07-19 10:34:30
10:34:33,10:34:33,36.75,-0.04,43,158025,卖盘,2017-07-19,2017-07-19 10:34:33
10:34:36,10:34:36,36.78,0.03,328,1206384,买盘,2017-07-19,2017-07-19 10:34:36
10:34:39,10:34:39,36.78,--,116,426648,买盘,2017-07-19,2017-07-19 10:34:39
10:34:42,10:34:42,36.8,0.02,409,1505120,买盘,2017-07-19,2017-07-19 10:34:42
10:34:45,10:34:45,36.8,--,96,353280,买盘,2017-07-19,2017-07-19 10:34:45
10:34:49,10:34:49,36.8,--,107,393759,买盘,2017-07-19,2017-07-19 10:34:49
10:34:52,10:34:52,36.79,-0.01,145,533455,中性盘,2017-07-19,2017-07-19 10:34:52
10:34:55,10:34:55,36.8,0.01,189,695520,买盘,2017-07-19,2017-07-19 10:34:55
10:34:58,10:34:58,36.8,--,243,894239,卖盘,2017-07-19,2017-07-19 10:34:58
10:35:01,10:35:01,36.8,--,321,1181280,卖盘,2017-07-19,2017-07-19 10:35:01
10:35:04,10:35:04,36.79,-0.01,288,1059552,卖盘,2017-07-19,2017-07-19 10:35:04
10:35:07,10:35:07,36.79,--,75,275925,买盘,2017-07-19,2017-07-19 10:35:07
10:35:10,10:35:10,36.77,-0.02,167,614059,卖盘,2017-07-19,2017-07-19 10:35:10
10:35:13,10:35:13,36.73,-0.04,154,565642,卖盘,2017-07-19,2017-07-19 10:35:13
10:35:16,10:35:16,36.7,-0.03,275,1009250,卖盘,2017-07-19,2017-07-19 10:35:16
10:35:19,10:35:19,36.7,--,104,381680,买盘,2017-07-19,2017-07-19 10:35:19
10:35:22,10:35:22,36.68,-0.02,86,315448,中性盘,2017-07-19,2017-07-19 10:35:22
10:35:25,10:35:25,36.7,0.02,42,154140,买盘,2017-07-19,2017-07-19 10:35:25
10:35:28,10:35:28,36.68,-0.02,67,245756,中性盘,2017-07-19,2017-07-19 10:35:28
10:35:31,10:35:31,36.7,0.02,169,620230,买盘,2017-07-19,2017-07-19 10:35:31
10:35:34,10:35:34,36.62,-0.08,6,21972,卖盘,2017-07-19,2017-07-19 10:35:34
10:35:37,10:35:37,36.6,-0.02,88,322080,卖盘,2017-07-19,2017-07-19 10:35:37
10:35:40,10:35:40,36.6,--,1,3660,买盘,2017-07-19,2017-07-19 10:35:40
10:35:43,10:35:43,36.6,--,23,84180,买盘,2017-07-19,2017-07-19 10:35:43
10:35:46,10:35:46,36.59,-0.01,32,117088,卖盘,2017-07-19,2017-07-19 10:35:46
10:35:49,10:35:49,36.5,-0.09,227,828550,卖盘,2017-07-19,2017-07-19 10:35:49
10:35:52,10:35:52,36.5,--,22,80300,买盘,2017-07-19,2017-07-19 10:35:52
10:35:55,10:35:55,36.5,--,23,83950,买盘,2017-07-19,2017-07-19 10:35:55
10:35:58,10:35:58,36.48,-0.02,7,25535,卖盘,2017-07-19,2017-07-19 10:35:58
10:36:01,10:36:01,36.5,0.02,33,120450,买盘,2017-07-19,2017-07-19 10:36:01
10:36:04,10:36:04,36.49,-0.01,1,3649,买盘,2017-07-19,2017-07-19 10:36:04
10:36:07,10:36:07,36.5,0.01,90,328500,买盘,2017-07-19,2017-07-19 10:36:07
10:36:10,10:36:10,36.5,--,99,361350,买盘,2017-07-19,2017-07-19 10:36:10
10:36:13,10:36:13,36.5,--,53,193450,买盘,2017-07-19,2017-07-19 10:36:13
10:36:16,10:36:16,36.5,--,70,255500,买盘,2017-07-19,2017-07-19 10:36:16
10:36:19,10:36:19,36.5,--,131,478150,买盘,2017-07-19,2017-07-19 10:36:19
10:36:22,10:36:22,36.5,--,74,270100,卖盘,2017-07-19,2017-07-19 10:36:22
10:36:25,10:36:25,36.51,0.01,18,65718,卖盘,2017-07-19,2017-07-19 10:36:25
10:36:31,10:36:31,36.5,-0.01,28,102200,卖盘,2017-07-19,2017-07-19 10:36:31
10:36:34,10:36:34,36.58,0.08,13,47554,买盘,2017-07-19,2017-07-19 10:36:34
10:36:37,10:36:37,36.58,--,118,431644,买盘,2017-07-19,2017-07-19 10:36:37
10:36:40,10:36:40,36.63,0.05,48,175824,买盘,2017-07-19,2017-07-19 10:36:40
10:36:43,10:36:43,36.6,-0.03,16,58560,卖盘,2017-07-19,2017-07-19 10:36:43
10:36:46,10:36:46,36.62,0.02,7,25634,买盘,2017-07-19,2017-07-19 10:36:46
10:36:49,10:36:49,36.62,--,10,36620,买盘,2017-07-19,2017-07-19 10:36:49
10:36:52,10:36:52,36.62,--,4,14647,买盘,2017-07-19,2017-07-19 10:36:52
10:36:55,10:36:55,36.63,0.01,18,65934,买盘,2017-07-19,2017-07-19 10:36:55
10:36:58,10:36:58,36.62,-0.01,30,109859,卖盘,2017-07-19,2017-07-19 10:36:58
10:37:01,10:37:01,36.6,-0.02,103,376980,卖盘,2017-07-19,2017-07-19 10:37:01
10:37:04,10:37:04,36.63,0.03,64,234432,卖盘,2017-07-19,2017-07-19 10:37:04
10:37:07,10:37:07,36.65,0.02,23,84295,中性盘,2017-07-19,2017-07-19 10:37:07
10:37:10,10:37:10,36.62,-0.03,66,241691,卖盘,2017-07-19,2017-07-19 10:37:10
10:37:13,10:37:13,36.61,-0.01,5,18305,中性盘,2017-07-19,2017-07-19 10:37:13
10:37:16,10:37:16,36.6,-0.01,98,358680,卖盘,2017-07-19,2017-07-19 10:37:16
10:37:19,10:37:19,36.6,--,69,252540,买盘,2017-07-19,2017-07-19 10:37:19
10:37:22,10:37:22,36.6,--,15,54900,买盘,2017-07-19,2017-07-19 10:37:22
10:37:25,10:37:25,36.58,-0.02,29,106082,卖盘,2017-07-19,2017-07-19 10:37:25
10:37:28,10:37:28,36.59,0.01,130,475670,买盘,2017-07-19,2017-07-19 10:37:28
10:37:31,10:37:31,36.55,-0.04,4,14619,卖盘,2017-07-19,2017-07-19 10:37:31
10:37:34,10:37:34,36.52,-0.03,121,441892,卖盘,2017-07-19,2017-07-19 10:37:34
10:37:37,10:37:37,36.58,0.06,119,435302,中性盘,2017-07-19,2017-07-19 10:37:37
10:37:43,10:37:43,36.51,-0.07,180,657180,卖盘,2017-07-19,2017-07-19 10:37:43
10:37:46,10:37:46,36.47,-0.04,347,1265509,卖盘,2017-07-19,2017-07-19 10:37:46
10:37:49,10:37:49,36.5,0.03,46,167900,中性盘,2017-07-19,2017-07-19 10:37:49
10:37:52,10:37:52,36.5,--,1,3650,买盘,2017-07-19,2017-07-19 10:37:52
10:37:55,10:37:55,36.5,--,11,40150,买盘,2017-07-19,2017-07-19 10:37:55
10:37:58,10:37:58,36.5,--,3,10950,买盘,2017-07-19,2017-07-19 10:37:58
10:38:01,10:38:01,36.47,-0.03,18,65646,卖盘,2017-07-19,2017-07-19 10:38:01
10:38:04,10:38:04,36.5,0.03,17,62050,买盘,2017-07-19,2017-07-19 10:38:04
10:38:07,10:38:07,36.47,-0.03,32,116704,卖盘,2017-07-19,2017-07-19 10:38:07
10:38:10,10:38:10,36.48,0.01,16,58367,中性盘,2017-07-19,2017-07-19 10:38:10
10:38:13,10:38:13,36.5,0.02,8,29200,中性盘,2017-07-19,2017-07-19 10:38:13
10:38:16,10:38:16,36.5,--,32,116800,买盘,2017-07-19,2017-07-19 10:38:16
10:38:19,10:38:19,36.5,--,3,10950,买盘,2017-07-19,2017-07-19 10:38:19
10:38:22,10:38:22,36.5,--,72,262800,买盘,2017-07-19,2017-07-19 10:38:22
10:38:25,10:38:25,36.49,-0.01,130,474370,中性盘,2017-07-19,2017-07-19 10:38:25
10:38:28,10:38:28,36.49,--,35,127715,卖盘,2017-07-19,2017-07-19 10:38:28
10:38:31,10:38:31,36.53,0.04,36,131508,买盘,2017-07-19,2017-07-19 10:38:31
10:38:37,10:38:37,36.48,-0.05,73,266304,卖盘,2017-07-19,2017-07-19 10:38:37
10:38:40,10:38:40,36.5,0.02,18,65700,卖盘,2017-07-19,2017-07-19 10:38:40
10:38:43,10:38:43,36.52,0.02,3,10956,中性盘,2017-07-19,2017-07-19 10:38:43
10:38:46,10:38:46,36.51,-0.01,6,21906,中性盘,2017-07-19,2017-07-19 10:38:46
10:38:49,10:38:49,36.53,0.02,135,493155,买盘,2017-07-19,2017-07-19 10:38:49
10:38:52,10:38:52,36.53,--,0,0,买盘,2017-07-19,2017-07-19 10:38:52
10:38:55,10:38:55,36.52,-0.01,49,178948,买盘,2017-07-19,2017-07-19 10:38:55
10:38:58,10:38:58,36.52,--,17,62084,买盘,2017-07-19,2017-07-19 10:38:58
10:39:04,10:39:04,36.53,0.01,1,3653,卖盘,2017-07-19,2017-07-19 10:39:04
10:39:07,10:39:07,36.53,--,12,43836,卖盘,2017-07-19,2017-07-19 10:39:07
10:39:13,10:39:13,36.56,0.03,2,7312,买盘,2017-07-19,2017-07-19 10:39:13
10:39:16,10:39:16,36.57,0.01,30,109710,买盘,2017-07-19,2017-07-19 10:39:16
10:39:19,10:39:19,36.53,-0.04,30,109590,卖盘,2017-07-19,2017-07-19 10:39:19
10:39:22,10:39:22,36.53,--,13,47489,卖盘,2017-07-19,2017-07-19 10:39:22
10:39:25,10:39:25,36.58,0.05,30,109740,买盘,2017-07-19,2017-07-19 10:39:25
10:39:28,10:39:28,36.58,--,0,0,买盘,2017-07-19,2017-07-19 10:39:28
10:39:31,10:39:31,36.58,--,0,0,买盘,2017-07-19,2017-07-19 10:39:31
10:39:34,10:39:34,36.57,-0.01,5,18285,卖盘,2017-07-19,2017-07-19 10:39:34
10:39:37,10:39:37,36.55,-0.02,40,146200,卖盘,2017-07-19,2017-07-19 10:39:37
10:39:40,10:39:40,36.57,0.02,26,95082,卖盘,2017-07-19,2017-07-19 10:39:40
10:39:43,10:39:43,36.58,0.01,39,142662,买盘,2017-07-19,2017-07-19 10:39:43
10:39:46,10:39:46,36.58,--,50,182900,卖盘,2017-07-19,2017-07-19 10:39:46
10:39:49,10:39:49,36.57,-0.01,6,21942,买盘,2017-07-19,2017-07-19 10:39:49
10:39:52,10:39:52,36.57,--,44,160908,买盘,2017-07-19,2017-07-19 10:39:52
10:39:55,10:39:55,36.56,-0.01,103,376568,卖盘,2017-07-19,2017-07-19 10:39:55
10:39:58,10:39:58,36.57,0.01,18,65826,买盘,2017-07-19,2017-07-19 10:39:58
10:40:01,10:40:01,36.6,0.03,358,1310280,买盘,2017-07-19,2017-07-19 10:40:01
10:40:04,10:40:04,36.55,-0.05,66,241229,卖盘,2017-07-19,2017-07-19 10:40:04
10:40:07,10:40:07,36.56,0.01,8,29248,中性盘,2017-07-19,2017-07-19 10:40:07
10:40:10,10:40:10,36.56,--,43,157208,买盘,2017-07-19,2017-07-19 10:40:10
10:40:13,10:40:13,36.61,0.05,20,73220,买盘,2017-07-19,2017-07-19 10:40:13
10:40:16,10:40:16,36.6,-0.01,19,69540,中性盘,2017-07-19,2017-07-19 10:40:16
10:40:19,10:40:19,36.65,0.05,137,502105,买盘,2017-07-19,2017-07-19 10:40:19
10:40:22,10:40:22,36.55,-0.1,102,372810,卖盘,2017-07-19,2017-07-19 10:40:22
10:40:25,10:40:25,36.61,0.06,11,40271,中性盘,2017-07-19,2017-07-19 10:40:25
10:40:28,10:40:28,36.55,-0.06,28,102339,卖盘,2017-07-19,2017-07-19 10:40:28
10:40:31,10:40:31,36.57,0.02,33,120681,买盘,2017-07-19,2017-07-19 10:40:31
10:40:34,10:40:34,36.54,-0.03,3,10962,卖盘,2017-07-19,2017-07-19 10:40:34
