idx_time,time,price,change,volume,amount,type,date,date_time
09:25:01,09:25:01,11.62,11.62,577,670474,买盘,2017-07-17,2017-07-17 09:25:01
09:29:00,09:29:00,11.62,--,0,0,卖盘,2017-07-17,2017-07-17 09:29:00
09:30:03,09:30:03,11.62,--,778,904035,卖盘,2017-07-17,2017-07-17 09:30:03
09:30:06,09:30:06,11.62,--,1447,1681414,买盘,2017-07-17,2017-07-17 09:30:06
09:30:09,09:30:09,11.62,--,20,23240,买盘,2017-07-17,2017-07-17 09:30:09
09:30:12,09:30:12,11.6,-0.02,765,887400,卖盘,2017-07-17,2017-07-17 09:30:12
09:30:18,09:30:18,11.61,0.01,45,52245,中性盘,2017-07-17,2017-07-17 09:30:18
09:30:24,09:30:24,11.6,-0.01,72,83520,卖盘,2017-07-17,2017-07-17 09:30:24
09:30:27,09:30:27,11.6,--,585,678600,卖盘,2017-07-17,2017-07-17 09:30:27
09:30:30,09:30:30,11.59,-0.01,89,103151,卖盘,2017-07-17,2017-07-17 09:30:30
09:30:33,09:30:33,11.59,--,54,62586,卖盘,2017-07-17,2017-07-17 09:30:33
09:30:36,09:30:36,11.58,-0.01,19,22002,卖盘,2017-07-17,2017-07-17 09:30:36
09:30:39,09:30:39,11.59,0.01,14,16226,买盘,2017-07-17,2017-07-17 09:30:39
09:30:42,09:30:42,11.63,0.04,540,628020,买盘,2017-07-17,2017-07-17 09:30:42
09:30:45,09:30:45,11.63,--,18,20934,卖盘,2017-07-17,2017-07-17 09:30:45
09:30:48,09:30:48,11.55,-0.08,391,451605,卖盘,2017-07-17,2017-07-17 09:30:48
09:30:51,09:30:51,11.66,0.11,4,4664,买盘,2017-07-17,2017-07-17 09:30:51
09:30:54,09:30:54,11.66,--,0,0,买盘,2017-07-17,2017-07-17 09:30:54
09:31:03,09:31:03,11.61,-0.05,13,15093,买盘,2017-07-17,2017-07-17 09:31:03
09:31:06,09:31:06,11.63,0.02,4,4652,买盘,2017-07-17,2017-07-17 09:31:06
09:31:09,09:31:09,11.58,-0.05,9,10422,卖盘,2017-07-17,2017-07-17 09:31:09
09:31:12,09:31:12,11.6,0.02,47,54520,买盘,2017-07-17,2017-07-17 09:31:12
09:31:18,09:31:18,11.6,--,65,75400,卖盘,2017-07-17,2017-07-17 09:31:18
09:31:21,09:31:21,11.6,--,3,3480,卖盘,2017-07-17,2017-07-17 09:31:21
09:31:24,09:31:24,11.6,--,0,0,卖盘,2017-07-17,2017-07-17 09:31:24
09:31:27,09:31:27,11.59,-0.01,113,130967,卖盘,2017-07-17,2017-07-17 09:31:27
09:31:30,09:31:30,11.59,--,47,54473,卖盘,2017-07-17,2017-07-17 09:31:30
09:31:33,09:31:33,11.6,0.01,5,5800,买盘,2017-07-17,2017-07-17 09:31:33
09:31:36,09:31:36,11.6,--,36,41760,卖盘,2017-07-17,2017-07-17 09:31:36
09:31:39,09:31:39,11.59,-0.01,106,122854,卖盘,2017-07-17,2017-07-17 09:31:39
09:31:42,09:31:42,11.6,0.01,8,9280,中性盘,2017-07-17,2017-07-17 09:31:42
09:31:45,09:31:45,11.61,0.01,104,120744,买盘,2017-07-17,2017-07-17 09:31:45
09:31:48,09:31:48,11.61,--,11,12771,卖盘,2017-07-17,2017-07-17 09:31:48
09:31:51,09:31:51,11.61,--,70,81270,卖盘,2017-07-17,2017-07-17 09:31:51
09:31:54,09:31:54,11.61,--,0,0,卖盘,2017-07-17,2017-07-17 09:31:54
09:31:57,09:31:57,11.61,--,10,11610,卖盘,2017-07-17,2017-07-17 09:31:57
09:32:03,09:32:03,11.61,--,50,58050,卖盘,2017-07-17,2017-07-17 09:32:03
09:32:12,09:32:12,11.61,--,12,13932,卖盘,2017-07-17,2017-07-17 09:32:12
09:32:15,09:32:15,11.61,--,30,34830,卖盘,2017-07-17,2017-07-17 09:32:15
09:32:18,09:32:18,11.61,--,0,0,卖盘,2017-07-17,2017-07-17 09:32:18
09:32:21,09:32:21,11.63,0.02,14,16282,买盘,2017-07-17,2017-07-17 09:32:21
09:32:27,09:32:27,11.61,-0.02,10,11610,卖盘,2017-07-17,2017-07-17 09:32:27
09:32:30,09:32:30,11.63,0.02,50,58150,买盘,2017-07-17,2017-07-17 09:32:30
09:32:33,09:32:33,11.63,--,9,10467,买盘,2017-07-17,2017-07-17 09:32:33
09:32:36,09:32:36,11.62,-0.01,29,33698,卖盘,2017-07-17,2017-07-17 09:32:36
09:32:39,09:32:39,11.64,0.02,17,19788,买盘,2017-07-17,2017-07-17 09:32:39
09:32:42,09:32:42,11.62,-0.02,49,56937,卖盘,2017-07-17,2017-07-17 09:32:42
09:32:48,09:32:48,11.6,-0.02,322,373520,卖盘,2017-07-17,2017-07-17 09:32:48
09:32:51,09:32:51,11.65,0.05,21,24465,买盘,2017-07-17,2017-07-17 09:32:51
09:32:54,09:32:54,11.65,--,95,110675,买盘,2017-07-17,2017-07-17 09:32:54
09:32:57,09:32:57,11.65,--,2,2330,卖盘,2017-07-17,2017-07-17 09:32:57
09:33:00,09:33:00,11.65,--,0,0,中性盘,2017-07-17,2017-07-17 09:33:00
09:33:03,09:33:03,11.65,--,2,2330,卖盘,2017-07-17,2017-07-17 09:33:03
09:33:06,09:33:06,11.65,--,0,0,买盘,2017-07-17,2017-07-17 09:33:06
09:33:18,09:33:18,11.63,-0.02,29,33727,卖盘,2017-07-17,2017-07-17 09:33:18
09:33:21,09:33:21,11.64,0.01,28,32592,买盘,2017-07-17,2017-07-17 09:33:21
09:33:24,09:33:24,11.65,0.01,33,38445,买盘,2017-07-17,2017-07-17 09:33:24
09:33:27,09:33:27,11.63,-0.02,247,287261,卖盘,2017-07-17,2017-07-17 09:33:27
09:33:36,09:33:36,11.65,0.02,29,33785,买盘,2017-07-17,2017-07-17 09:33:36
09:33:39,09:33:39,11.65,--,20,23300,买盘,2017-07-17,2017-07-17 09:33:39
09:33:43,09:33:43,11.65,--,0,0,买盘,2017-07-17,2017-07-17 09:33:43
09:33:52,09:33:52,11.63,-0.02,11,12793,卖盘,2017-07-17,2017-07-17 09:33:52
09:33:55,09:33:55,11.63,--,130,151190,卖盘,2017-07-17,2017-07-17 09:33:55
09:33:58,09:33:58,11.63,--,5,5815,中性盘,2017-07-17,2017-07-17 09:33:58
09:34:04,09:34:04,11.63,--,41,47683,买盘,2017-07-17,2017-07-17 09:34:04
09:34:07,09:34:07,11.64,0.01,10,11640,买盘,2017-07-17,2017-07-17 09:34:07
09:34:19,09:34:19,11.64,--,67,77988,买盘,2017-07-17,2017-07-17 09:34:19
09:34:22,09:34:22,11.63,-0.01,144,167472,卖盘,2017-07-17,2017-07-17 09:34:22
09:34:25,09:34:25,11.63,--,33,38379,买盘,2017-07-17,2017-07-17 09:34:25
09:34:28,09:34:28,11.63,--,6,6978,买盘,2017-07-17,2017-07-17 09:34:28
09:34:31,09:34:31,11.63,--,310,360530,买盘,2017-07-17,2017-07-17 09:34:31
09:34:34,09:34:34,11.63,--,64,74432,买盘,2017-07-17,2017-07-17 09:34:34
09:34:37,09:34:37,11.63,--,21,24423,买盘,2017-07-17,2017-07-17 09:34:37
09:34:40,09:34:40,11.62,-0.01,34,39508,卖盘,2017-07-17,2017-07-17 09:34:40
09:34:46,09:34:46,11.62,--,71,82502,买盘,2017-07-17,2017-07-17 09:34:46
09:34:49,09:34:49,11.63,0.01,89,103507,买盘,2017-07-17,2017-07-17 09:34:49
09:34:55,09:34:55,11.63,--,10,11630,卖盘,2017-07-17,2017-07-17 09:34:55
09:35:01,09:35:01,11.63,--,72,83736,卖盘,2017-07-17,2017-07-17 09:35:01
09:35:04,09:35:04,11.61,-0.02,300,348300,卖盘,2017-07-17,2017-07-17 09:35:04
09:35:07,09:35:07,11.63,0.02,20,23260,中性盘,2017-07-17,2017-07-17 09:35:07
09:35:10,09:35:10,11.62,-0.01,12,13943,卖盘,2017-07-17,2017-07-17 09:35:10
09:35:13,09:35:13,11.62,--,5,5810,卖盘,2017-07-17,2017-07-17 09:35:13
09:35:16,09:35:16,11.62,--,58,67396,卖盘,2017-07-17,2017-07-17 09:35:16
09:35:19,09:35:19,11.61,-0.01,100,116100,卖盘,2017-07-17,2017-07-17 09:35:19
09:35:28,09:35:28,11.6,-0.01,140,162400,卖盘,2017-07-17,2017-07-17 09:35:28
09:35:31,09:35:31,11.59,-0.01,301,348859,卖盘,2017-07-17,2017-07-17 09:35:31
09:35:34,09:35:34,11.61,0.02,200,232200,买盘,2017-07-17,2017-07-17 09:35:34
09:35:37,09:35:37,11.59,-0.02,150,173850,卖盘,2017-07-17,2017-07-17 09:35:37
09:35:40,09:35:40,11.59,--,110,127490,卖盘,2017-07-17,2017-07-17 09:35:40
09:35:43,09:35:43,11.6,0.01,97,112520,买盘,2017-07-17,2017-07-17 09:35:43
09:35:46,09:35:46,11.59,-0.01,373,432307,卖盘,2017-07-17,2017-07-17 09:35:46
09:35:49,09:35:49,11.59,--,299,346541,卖盘,2017-07-17,2017-07-17 09:35:49
09:35:52,09:35:52,11.59,--,49,56791,卖盘,2017-07-17,2017-07-17 09:35:52
09:35:55,09:35:55,11.59,--,1080,1251720,买盘,2017-07-17,2017-07-17 09:35:55
09:35:58,09:35:58,11.59,--,49,56791,卖盘,2017-07-17,2017-07-17 09:35:58
09:36:01,09:36:01,11.6,0.01,66,76560,买盘,2017-07-17,2017-07-17 09:36:01
09:36:04,09:36:04,11.59,-0.01,84,97356,卖盘,2017-07-17,2017-07-17 09:36:04
09:36:07,09:36:07,11.59,--,113,130967,买盘,2017-07-17,2017-07-17 09:36:07
09:36:10,09:36:10,11.56,-0.03,15,17340,卖盘,2017-07-17,2017-07-17 09:36:10
09:36:13,09:36:13,11.56,--,95,109820,卖盘,2017-07-17,2017-07-17 09:36:13
09:36:16,09:36:16,11.57,0.01,8,9256,中性盘,2017-07-17,2017-07-17 09:36:16
09:36:19,09:36:19,11.57,--,220,254540,卖盘,2017-07-17,2017-07-17 09:36:19
09:36:22,09:36:22,11.57,--,40,46280,卖盘,2017-07-17,2017-07-17 09:36:22
09:36:25,09:36:25,11.56,-0.01,131,151436,卖盘,2017-07-17,2017-07-17 09:36:25
09:36:28,09:36:28,11.56,--,45,52020,买盘,2017-07-17,2017-07-17 09:36:28
09:36:31,09:36:31,11.56,--,60,69360,卖盘,2017-07-17,2017-07-17 09:36:31
09:36:34,09:36:34,11.56,--,202,233512,卖盘,2017-07-17,2017-07-17 09:36:34
09:36:37,09:36:37,11.56,--,63,72828,卖盘,2017-07-17,2017-07-17 09:36:37
09:36:40,09:36:40,11.53,-0.03,247,284791,卖盘,2017-07-17,2017-07-17 09:36:40
09:36:43,09:36:43,11.55,0.02,177,204435,买盘,2017-07-17,2017-07-17 09:36:43
09:36:49,09:36:49,11.52,-0.03,388,446976,卖盘,2017-07-17,2017-07-17 09:36:49
09:36:52,09:36:52,11.52,--,65,74880,卖盘,2017-07-17,2017-07-17 09:36:52
09:36:55,09:36:55,11.53,0.01,245,282485,买盘,2017-07-17,2017-07-17 09:36:55
09:36:58,09:36:58,11.5,-0.03,523,601450,卖盘,2017-07-17,2017-07-17 09:36:58
09:37:01,09:37:01,11.5,--,7,8050,买盘,2017-07-17,2017-07-17 09:37:01
09:37:04,09:37:04,11.49,-0.01,57,65493,卖盘,2017-07-17,2017-07-17 09:37:04
09:37:07,09:37:07,11.5,0.01,241,277150,买盘,2017-07-17,2017-07-17 09:37:07
09:37:10,09:37:10,11.52,0.02,68,78336,买盘,2017-07-17,2017-07-17 09:37:10
09:37:13,09:37:13,11.5,-0.02,60,69000,卖盘,2017-07-17,2017-07-17 09:37:13
09:37:16,09:37:16,11.52,0.02,307,353664,买盘,2017-07-17,2017-07-17 09:37:16
09:37:19,09:37:19,11.5,-0.02,24,27600,卖盘,2017-07-17,2017-07-17 09:37:19
09:37:22,09:37:22,11.52,0.02,20,23040,买盘,2017-07-17,2017-07-17 09:37:22
09:37:25,09:37:25,11.52,--,5,5760,买盘,2017-07-17,2017-07-17 09:37:25
09:37:28,09:37:28,11.51,-0.01,108,124308,卖盘,2017-07-17,2017-07-17 09:37:28
09:37:31,09:37:31,11.51,--,50,57550,卖盘,2017-07-17,2017-07-17 09:37:31
09:37:34,09:37:34,11.51,--,169,194519,卖盘,2017-07-17,2017-07-17 09:37:34
09:37:37,09:37:37,11.51,--,0,0,卖盘,2017-07-17,2017-07-17 09:37:37
09:37:40,09:37:40,11.53,0.02,1,1153,中性盘,2017-07-17,2017-07-17 09:37:40
09:37:43,09:37:43,11.53,--,43,49579,卖盘,2017-07-17,2017-07-17 09:37:43
09:37:46,09:37:46,11.53,--,60,69180,卖盘,2017-07-17,2017-07-17 09:37:46
09:37:49,09:37:49,11.53,--,16,18448,买盘,2017-07-17,2017-07-17 09:37:49
09:37:55,09:37:55,11.52,-0.01,136,156672,中性盘,2017-07-17,2017-07-17 09:37:55
09:37:58,09:37:58,11.53,0.01,51,58803,买盘,2017-07-17,2017-07-17 09:37:58
09:38:01,09:38:01,11.53,--,137,157961,买盘,2017-07-17,2017-07-17 09:38:01
09:38:04,09:38:04,11.56,0.03,325,375700,买盘,2017-07-17,2017-07-17 09:38:04
09:38:07,09:38:07,11.56,--,11,12716,买盘,2017-07-17,2017-07-17 09:38:07
09:38:10,09:38:10,11.53,-0.03,26,29978,卖盘,2017-07-17,2017-07-17 09:38:10
09:38:13,09:38:13,11.53,--,2,2306,卖盘,2017-07-17,2017-07-17 09:38:13
09:38:16,09:38:16,11.54,0.01,2,2308,中性盘,2017-07-17,2017-07-17 09:38:16
09:38:19,09:38:19,11.54,--,30,34620,卖盘,2017-07-17,2017-07-17 09:38:19
09:38:22,09:38:22,11.54,--,50,57699,卖盘,2017-07-17,2017-07-17 09:38:22
09:38:25,09:38:25,11.54,--,28,32311,买盘,2017-07-17,2017-07-17 09:38:25
09:38:31,09:38:31,11.54,--,13,15001,买盘,2017-07-17,2017-07-17 09:38:31
09:38:34,09:38:34,11.54,--,38,43852,买盘,2017-07-17,2017-07-17 09:38:34
09:38:37,09:38:37,11.53,-0.01,19,21907,卖盘,2017-07-17,2017-07-17 09:38:37
09:38:40,09:38:40,11.53,--,100,115300,卖盘,2017-07-17,2017-07-17 09:38:40
09:38:43,09:38:43,11.53,--,22,25366,卖盘,2017-07-17,2017-07-17 09:38:43
09:38:46,09:38:46,11.54,0.01,44,50775,买盘,2017-07-17,2017-07-17 09:38:46
09:38:49,09:38:49,11.55,0.01,112,129360,买盘,2017-07-17,2017-07-17 09:38:49
09:38:52,09:38:52,11.55,--,77,88935,买盘,2017-07-17,2017-07-17 09:38:52
09:38:55,09:38:55,11.54,-0.01,31,35774,卖盘,2017-07-17,2017-07-17 09:38:55
09:39:01,09:39:01,11.54,--,13,15001,买盘,2017-07-17,2017-07-17 09:39:01
09:39:04,09:39:04,11.54,--,2,2308,卖盘,2017-07-17,2017-07-17 09:39:04
09:39:07,09:39:07,11.54,--,3,3461,买盘,2017-07-17,2017-07-17 09:39:07
09:39:10,09:39:10,11.54,--,65,75010,买盘,2017-07-17,2017-07-17 09:39:10
09:39:13,09:39:13,11.54,--,40,46160,买盘,2017-07-17,2017-07-17 09:39:13
09:39:16,09:39:16,11.53,-0.01,62,71486,卖盘,2017-07-17,2017-07-17 09:39:16
09:39:19,09:39:19,11.52,-0.01,606,698112,卖盘,2017-07-17,2017-07-17 09:39:19
09:39:22,09:39:22,11.53,0.01,89,102617,中性盘,2017-07-17,2017-07-17 09:39:22
09:39:25,09:39:25,11.53,--,131,151043,买盘,2017-07-17,2017-07-17 09:39:25
09:39:29,09:39:29,11.53,--,103,118759,买盘,2017-07-17,2017-07-17 09:39:29
09:39:35,09:39:35,11.52,-0.01,138,158976,买盘,2017-07-17,2017-07-17 09:39:35
09:39:38,09:39:38,11.51,-0.01,9,10359,卖盘,2017-07-17,2017-07-17 09:39:38
09:39:41,09:39:41,11.51,--,308,354508,卖盘,2017-07-17,2017-07-17 09:39:41
09:39:44,09:39:44,11.51,--,42,48342,买盘,2017-07-17,2017-07-17 09:39:44
09:39:47,09:39:47,11.5,-0.01,293,336950,卖盘,2017-07-17,2017-07-17 09:39:47
09:39:50,09:39:50,11.5,--,63,72450,卖盘,2017-07-17,2017-07-17 09:39:50
09:39:53,09:39:53,11.47,-0.03,1402,1608323,卖盘,2017-07-17,2017-07-17 09:39:53
09:39:56,09:39:56,11.5,0.03,43,49450,买盘,2017-07-17,2017-07-17 09:39:56
09:39:59,09:39:59,11.5,--,20,23000,买盘,2017-07-17,2017-07-17 09:39:59
09:40:02,09:40:02,11.46,-0.04,191,219802,卖盘,2017-07-17,2017-07-17 09:40:02
09:40:08,09:40:08,11.46,--,86,98556,卖盘,2017-07-17,2017-07-17 09:40:08
09:40:11,09:40:11,11.46,--,118,135228,卖盘,2017-07-17,2017-07-17 09:40:11
09:40:14,09:40:14,11.47,0.01,360,412920,买盘,2017-07-17,2017-07-17 09:40:14
09:40:17,09:40:17,11.45,-0.02,98,112210,卖盘,2017-07-17,2017-07-17 09:40:17
09:40:20,09:40:20,11.45,--,125,143125,卖盘,2017-07-17,2017-07-17 09:40:20
09:40:23,09:40:23,11.46,0.01,71,81366,买盘,2017-07-17,2017-07-17 09:40:23
09:40:26,09:40:26,11.45,-0.01,716,819820,卖盘,2017-07-17,2017-07-17 09:40:26
09:40:29,09:40:29,11.45,--,256,293120,卖盘,2017-07-17,2017-07-17 09:40:29
09:40:32,09:40:32,11.45,--,55,62974,买盘,2017-07-17,2017-07-17 09:40:32
09:40:35,09:40:35,11.45,--,296,338920,买盘,2017-07-17,2017-07-17 09:40:35
09:40:38,09:40:38,11.43,-0.02,106,121158,卖盘,2017-07-17,2017-07-17 09:40:38
09:40:41,09:40:41,11.41,-0.02,145,165445,卖盘,2017-07-17,2017-07-17 09:40:41
09:40:44,09:40:44,11.41,--,57,65037,卖盘,2017-07-17,2017-07-17 09:40:44
09:40:47,09:40:47,11.4,-0.01,118,134520,卖盘,2017-07-17,2017-07-17 09:40:47
09:40:50,09:40:50,11.4,--,141,160740,卖盘,2017-07-17,2017-07-17 09:40:50
09:40:53,09:40:53,11.4,--,374,426360,卖盘,2017-07-17,2017-07-17 09:40:53
09:40:56,09:40:56,11.4,--,125,142500,卖盘,2017-07-17,2017-07-17 09:40:56
09:40:59,09:40:59,11.36,-0.04,120,136320,卖盘,2017-07-17,2017-07-17 09:40:59
09:41:02,09:41:02,11.35,-0.01,244,276940,卖盘,2017-07-17,2017-07-17 09:41:02
09:41:05,09:41:05,11.38,0.03,50,56900,买盘,2017-07-17,2017-07-17 09:41:05
09:41:08,09:41:08,11.3,-0.08,97,109610,卖盘,2017-07-17,2017-07-17 09:41:08
09:41:11,09:41:11,11.34,0.04,33,37422,买盘,2017-07-17,2017-07-17 09:41:11
09:41:14,09:41:14,11.35,0.01,381,432435,买盘,2017-07-17,2017-07-17 09:41:14
09:41:17,09:41:17,11.35,--,359,407692,买盘,2017-07-17,2017-07-17 09:41:17
09:41:20,09:41:20,11.34,-0.01,268,303912,中性盘,2017-07-17,2017-07-17 09:41:20
09:41:23,09:41:23,11.32,-0.02,295,333940,卖盘,2017-07-17,2017-07-17 09:41:23
09:41:26,09:41:26,11.38,0.06,122,138836,买盘,2017-07-17,2017-07-17 09:41:26
09:41:29,09:41:29,11.35,-0.03,169,191815,卖盘,2017-07-17,2017-07-17 09:41:29
09:41:32,09:41:32,11.31,-0.04,140,158340,卖盘,2017-07-17,2017-07-17 09:41:32
09:41:35,09:41:35,11.34,0.03,164,185976,买盘,2017-07-17,2017-07-17 09:41:35
09:41:38,09:41:38,11.34,--,92,104328,卖盘,2017-07-17,2017-07-17 09:41:38
09:41:41,09:41:41,11.33,-0.01,187,211871,卖盘,2017-07-17,2017-07-17 09:41:41
09:41:44,09:41:44,11.34,0.01,106,120204,中性盘,2017-07-17,2017-07-17 09:41:44
09:41:47,09:41:47,11.32,-0.02,430,486760,卖盘,2017-07-17,2017-07-17 09:41:47
09:41:50,09:41:50,11.34,0.02,128,145152,买盘,2017-07-17,2017-07-17 09:41:50
09:41:53,09:41:53,11.33,-0.01,43,48719,中性盘,2017-07-17,2017-07-17 09:41:53
09:41:56,09:41:56,11.32,-0.01,55,62260,卖盘,2017-07-17,2017-07-17 09:41:56
09:41:59,09:41:59,11.33,0.01,276,312708,买盘,2017-07-17,2017-07-17 09:41:59
09:42:02,09:42:02,11.33,--,35,39655,买盘,2017-07-17,2017-07-17 09:42:02
09:42:05,09:42:05,11.33,--,67,75911,买盘,2017-07-17,2017-07-17 09:42:05
09:42:08,09:42:08,11.34,0.01,100,113400,买盘,2017-07-17,2017-07-17 09:42:08
09:42:11,09:42:11,11.33,-0.01,216,244728,卖盘,2017-07-17,2017-07-17 09:42:11
09:42:14,09:42:14,11.34,0.01,124,140616,买盘,2017-07-17,2017-07-17 09:42:14
09:42:17,09:42:17,11.34,--,156,176904,买盘,2017-07-17,2017-07-17 09:42:17
09:42:20,09:42:20,11.34,--,3,3402,卖盘,2017-07-17,2017-07-17 09:42:20
09:42:23,09:42:23,11.34,--,133,150822,卖盘,2017-07-17,2017-07-17 09:42:23
09:42:26,09:42:26,11.34,--,402,455868,卖盘,2017-07-17,2017-07-17 09:42:26
09:42:29,09:42:29,11.35,0.01,37,41995,买盘,2017-07-17,2017-07-17 09:42:29
09:42:32,09:42:32,11.35,--,28,31780,卖盘,2017-07-17,2017-07-17 09:42:32
09:42:35,09:42:35,11.35,--,33,37455,卖盘,2017-07-17,2017-07-17 09:42:35
09:42:38,09:42:38,11.35,--,85,96475,卖盘,2017-07-17,2017-07-17 09:42:38
09:42:41,09:42:41,11.35,--,54,61290,卖盘,2017-07-17,2017-07-17 09:42:41
09:42:44,09:42:44,11.36,0.01,326,370336,买盘,2017-07-17,2017-07-17 09:42:44
09:42:47,09:42:47,11.35,-0.01,974,1105490,卖盘,2017-07-17,2017-07-17 09:42:47
09:42:50,09:42:50,11.35,--,292,331420,买盘,2017-07-17,2017-07-17 09:42:50
09:42:53,09:42:53,11.33,-0.02,38,43054,卖盘,2017-07-17,2017-07-17 09:42:53
09:42:56,09:42:56,11.35,0.02,33,37455,中性盘,2017-07-17,2017-07-17 09:42:56
09:42:59,09:42:59,11.35,--,85,96475,卖盘,2017-07-17,2017-07-17 09:42:59
09:43:02,09:43:02,11.36,0.01,10,11360,买盘,2017-07-17,2017-07-17 09:43:02
09:43:05,09:43:05,11.35,-0.01,65,73775,卖盘,2017-07-17,2017-07-17 09:43:05
09:43:08,09:43:08,11.34,-0.01,92,104328,卖盘,2017-07-17,2017-07-17 09:43:08
09:43:11,09:43:11,11.35,0.01,130,147550,买盘,2017-07-17,2017-07-17 09:43:11
09:43:14,09:43:14,11.34,-0.01,20,22680,卖盘,2017-07-17,2017-07-17 09:43:14
09:43:17,09:43:17,11.34,--,194,219996,买盘,2017-07-17,2017-07-17 09:43:17
09:43:20,09:43:20,11.34,--,39,44226,买盘,2017-07-17,2017-07-17 09:43:20
09:43:23,09:43:23,11.34,--,599,679266,买盘,2017-07-17,2017-07-17 09:43:23
09:43:26,09:43:26,11.35,0.01,168,190680,买盘,2017-07-17,2017-07-17 09:43:26
09:43:29,09:43:29,11.34,-0.01,96,108864,卖盘,2017-07-17,2017-07-17 09:43:29
09:43:32,09:43:32,11.33,-0.01,37,41921,卖盘,2017-07-17,2017-07-17 09:43:32
09:43:35,09:43:35,11.31,-0.02,29,32799,卖盘,2017-07-17,2017-07-17 09:43:35
09:43:38,09:43:38,11.35,0.04,225,255375,买盘,2017-07-17,2017-07-17 09:43:38
09:43:41,09:43:41,11.34,-0.01,111,125874,卖盘,2017-07-17,2017-07-17 09:43:41
09:43:44,09:43:44,11.34,--,103,116802,卖盘,2017-07-17,2017-07-17 09:43:44
09:43:47,09:43:47,11.34,--,47,53298,卖盘,2017-07-17,2017-07-17 09:43:47
09:43:50,09:43:50,11.33,-0.01,137,155221,卖盘,2017-07-17,2017-07-17 09:43:50
09:43:53,09:43:53,11.31,-0.02,30,33930,卖盘,2017-07-17,2017-07-17 09:43:53
09:43:56,09:43:56,11.34,0.03,103,116802,买盘,2017-07-17,2017-07-17 09:43:56
09:43:59,09:43:59,11.34,--,301,341334,买盘,2017-07-17,2017-07-17 09:43:59
09:44:02,09:44:02,11.3,-0.04,119,134470,卖盘,2017-07-17,2017-07-17 09:44:02
09:44:05,09:44:05,11.33,0.03,208,235664,买盘,2017-07-17,2017-07-17 09:44:05
09:44:08,09:44:08,11.29,-0.04,258,291282,卖盘,2017-07-17,2017-07-17 09:44:08
09:44:11,09:44:11,11.31,0.02,24,27144,买盘,2017-07-17,2017-07-17 09:44:11
09:44:14,09:44:14,11.28,-0.03,92,103776,卖盘,2017-07-17,2017-07-17 09:44:14
09:44:17,09:44:17,11.28,--,0,0,卖盘,2017-07-17,2017-07-17 09:44:17
09:44:20,09:44:20,11.29,0.01,364,410955,买盘,2017-07-17,2017-07-17 09:44:20
09:44:23,09:44:23,11.25,-0.04,348,391500,卖盘,2017-07-17,2017-07-17 09:44:23
09:44:26,09:44:26,11.27,0.02,14,15778,中性盘,2017-07-17,2017-07-17 09:44:26
09:44:29,09:44:29,11.27,--,139,156653,买盘,2017-07-17,2017-07-17 09:44:29
09:44:32,09:44:32,11.25,-0.02,120,135000,卖盘,2017-07-17,2017-07-17 09:44:32
09:44:35,09:44:35,11.28,0.03,352,397056,买盘,2017-07-17,2017-07-17 09:44:35
09:44:38,09:44:38,11.25,-0.03,308,346500,卖盘,2017-07-17,2017-07-17 09:44:38
09:44:41,09:44:41,11.25,--,347,390375,卖盘,2017-07-17,2017-07-17 09:44:41
09:44:44,09:44:44,11.24,-0.01,129,144996,中性盘,2017-07-17,2017-07-17 09:44:44
09:44:47,09:44:47,11.21,-0.03,93,104253,卖盘,2017-07-17,2017-07-17 09:44:47
09:44:50,09:44:50,11.22,0.01,15,16830,买盘,2017-07-17,2017-07-17 09:44:50
09:44:53,09:44:53,11.21,-0.01,24,26904,卖盘,2017-07-17,2017-07-17 09:44:53
09:44:56,09:44:56,11.16,-0.05,354,395064,卖盘,2017-07-17,2017-07-17 09:44:56
09:44:59,09:44:59,11.12,-0.04,124,137888,卖盘,2017-07-17,2017-07-17 09:44:59
09:45:02,09:45:02,11.2,0.08,122,136640,买盘,2017-07-17,2017-07-17 09:45:02
09:45:05,09:45:05,11.14,-0.06,123,137022,中性盘,2017-07-17,2017-07-17 09:45:05
09:45:08,09:45:08,11.01,-0.13,20,22020,卖盘,2017-07-17,2017-07-17 09:45:08
09:45:11,09:45:11,11.06,0.05,33,36498,买盘,2017-07-17,2017-07-17 09:45:11
09:45:14,09:45:14,11.08,0.02,92,101936,买盘,2017-07-17,2017-07-17 09:45:14
09:45:17,09:45:17,11.01,-0.07,27,29727,中性盘,2017-07-17,2017-07-17 09:45:17
09:45:20,09:45:20,11.01,--,275,302775,买盘,2017-07-17,2017-07-17 09:45:20
09:45:24,09:45:24,10.99,-0.02,115,126385,中性盘,2017-07-17,2017-07-17 09:45:24
09:45:27,09:45:27,10.99,--,60,65940,买盘,2017-07-17,2017-07-17 09:45:27
09:45:30,09:45:30,10.9,-0.09,122,132980,中性盘,2017-07-17,2017-07-17 09:45:30
09:45:33,09:45:33,10.8,-0.1,56,60480,卖盘,2017-07-17,2017-07-17 09:45:33
09:45:36,09:45:36,10.8,--,226,244080,卖盘,2017-07-17,2017-07-17 09:45:36
09:45:39,09:45:39,10.8,--,199,214920,卖盘,2017-07-17,2017-07-17 09:45:39
09:45:42,09:45:42,10.79,-0.01,161,173719,卖盘,2017-07-17,2017-07-17 09:45:42
09:45:45,09:45:45,10.79,--,96,103583,买盘,2017-07-17,2017-07-17 09:45:45
09:45:48,09:45:48,10.79,--,26,28053,买盘,2017-07-17,2017-07-17 09:45:48
09:45:51,09:45:51,10.78,-0.01,119,128281,卖盘,2017-07-17,2017-07-17 09:45:51
09:45:54,09:45:54,10.75,-0.03,163,175225,中性盘,2017-07-17,2017-07-17 09:45:54
09:45:57,09:45:57,10.62,-0.13,108,114695,卖盘,2017-07-17,2017-07-17 09:45:57
09:46:00,09:46:00,10.74,0.12,75,80550,买盘,2017-07-17,2017-07-17 09:46:00
09:46:03,09:46:03,10.66,-0.08,181,192946,中性盘,2017-07-17,2017-07-17 09:46:03
09:46:06,09:46:06,10.62,-0.04,247,262314,卖盘,2017-07-17,2017-07-17 09:46:06
09:46:09,09:46:09,10.6,-0.02,125,132500,卖盘,2017-07-17,2017-07-17 09:46:09
09:46:12,09:46:12,10.58,-0.02,185,195730,卖盘,2017-07-17,2017-07-17 09:46:12
09:46:15,09:46:15,10.62,0.04,62,65844,买盘,2017-07-17,2017-07-17 09:46:15
09:46:18,09:46:18,10.62,--,286,303732,买盘,2017-07-17,2017-07-17 09:46:18
09:46:21,09:46:21,10.6,-0.02,272,288320,买盘,2017-07-17,2017-07-17 09:46:21
09:46:24,09:46:24,10.58,-0.02,779,824182,卖盘,2017-07-17,2017-07-17 09:46:24
09:46:27,09:46:27,10.57,-0.01,268,283276,卖盘,2017-07-17,2017-07-17 09:46:27
09:46:30,09:46:30,10.6,0.03,192,203520,买盘,2017-07-17,2017-07-17 09:46:30
09:46:33,09:46:33,10.57,-0.03,726,767804,卖盘,2017-07-17,2017-07-17 09:46:33
09:46:36,09:46:36,10.61,0.04,439,465779,买盘,2017-07-17,2017-07-17 09:46:36
09:46:39,09:46:39,10.6,-0.01,675,715500,卖盘,2017-07-17,2017-07-17 09:46:39
09:46:42,09:46:42,10.6,--,363,384780,卖盘,2017-07-17,2017-07-17 09:46:42
09:46:45,09:46:45,10.62,0.02,15,15929,卖盘,2017-07-17,2017-07-17 09:46:45
09:46:48,09:46:48,10.63,0.01,217,230671,卖盘,2017-07-17,2017-07-17 09:46:48
09:46:51,09:46:51,10.61,-0.02,1110,1177710,卖盘,2017-07-17,2017-07-17 09:46:51
09:46:54,09:46:54,10.61,--,64,67904,买盘,2017-07-17,2017-07-17 09:46:54
09:46:57,09:46:57,10.62,0.01,112,118943,买盘,2017-07-17,2017-07-17 09:46:57
09:47:00,09:47:00,10.63,0.01,171,181773,买盘,2017-07-17,2017-07-17 09:47:00
09:47:03,09:47:03,10.63,--,118,125434,买盘,2017-07-17,2017-07-17 09:47:03
09:47:06,09:47:06,10.62,-0.01,225,238949,卖盘,2017-07-17,2017-07-17 09:47:06
09:47:09,09:47:09,10.63,0.01,547,581461,中性盘,2017-07-17,2017-07-17 09:47:09
09:47:12,09:47:12,10.63,--,115,122245,卖盘,2017-07-17,2017-07-17 09:47:12
09:47:15,09:47:15,10.66,0.03,83,88478,买盘,2017-07-17,2017-07-17 09:47:15
09:47:18,09:47:18,10.66,--,75,79950,卖盘,2017-07-17,2017-07-17 09:47:18
09:47:21,09:47:21,10.66,--,15,15990,买盘,2017-07-17,2017-07-17 09:47:21
09:47:24,09:47:24,10.72,0.06,142,152224,买盘,2017-07-17,2017-07-17 09:47:24
09:47:27,09:47:27,10.72,--,63,67536,买盘,2017-07-17,2017-07-17 09:47:27
09:47:30,09:47:30,10.72,--,640,686080,买盘,2017-07-17,2017-07-17 09:47:30
09:47:33,09:47:33,10.74,0.02,69,74106,买盘,2017-07-17,2017-07-17 09:47:33
09:47:36,09:47:36,10.77,0.03,230,247710,买盘,2017-07-17,2017-07-17 09:47:36
09:47:39,09:47:39,10.78,0.01,40,43120,买盘,2017-07-17,2017-07-17 09:47:39
09:47:42,09:47:42,10.78,--,9,9702,买盘,2017-07-17,2017-07-17 09:47:42
09:47:45,09:47:45,10.8,0.02,379,409320,买盘,2017-07-17,2017-07-17 09:47:45
09:47:48,09:47:48,10.8,--,11,11880,卖盘,2017-07-17,2017-07-17 09:47:48
09:47:51,09:47:51,10.8,--,122,131760,卖盘,2017-07-17,2017-07-17 09:47:51
09:47:54,09:47:54,10.9,0.1,371,404390,买盘,2017-07-17,2017-07-17 09:47:54
09:47:57,09:47:57,10.83,-0.07,96,103968,卖盘,2017-07-17,2017-07-17 09:47:57
09:48:00,09:48:00,10.99,0.16,64,70336,买盘,2017-07-17,2017-07-17 09:48:00
09:48:03,09:48:03,10.99,--,8,8792,卖盘,2017-07-17,2017-07-17 09:48:03
09:48:09,09:48:09,11.0,0.01,145,159500,买盘,2017-07-17,2017-07-17 09:48:09
09:48:12,09:48:12,11.0,--,60,66000,卖盘,2017-07-17,2017-07-17 09:48:12
09:48:15,09:48:15,11.01,0.01,48,52848,买盘,2017-07-17,2017-07-17 09:48:15
09:48:18,09:48:18,11.1,0.09,82,91020,买盘,2017-07-17,2017-07-17 09:48:18
09:48:21,09:48:21,11.11,0.01,17,18887,卖盘,2017-07-17,2017-07-17 09:48:21
09:48:24,09:48:24,11.06,-0.05,429,474474,卖盘,2017-07-17,2017-07-17 09:48:24
09:48:27,09:48:27,11.06,--,15,16590,卖盘,2017-07-17,2017-07-17 09:48:27
09:48:30,09:48:30,11.11,0.05,161,178871,买盘,2017-07-17,2017-07-17 09:48:30
09:48:33,09:48:33,11.11,--,450,499950,买盘,2017-07-17,2017-07-17 09:48:33
09:48:36,09:48:36,11.11,--,147,163317,卖盘,2017-07-17,2017-07-17 09:48:36
09:48:39,09:48:39,11.12,0.01,156,173472,买盘,2017-07-17,2017-07-17 09:48:39
09:48:42,09:48:42,11.12,--,240,266880,卖盘,2017-07-17,2017-07-17 09:48:42
09:48:45,09:48:45,11.13,0.01,57,63441,买盘,2017-07-17,2017-07-17 09:48:45
09:48:48,09:48:48,11.13,--,162,180306,买盘,2017-07-17,2017-07-17 09:48:48
09:48:51,09:48:51,11.14,0.01,1109,1235426,买盘,2017-07-17,2017-07-17 09:48:51
09:48:54,09:48:54,11.12,-0.02,299,332488,卖盘,2017-07-17,2017-07-17 09:48:54
09:48:57,09:48:57,11.11,-0.01,595,661045,卖盘,2017-07-17,2017-07-17 09:48:57
09:49:00,09:49:00,11.11,--,33,36663,买盘,2017-07-17,2017-07-17 09:49:00
09:49:03,09:49:03,11.11,--,38,42218,买盘,2017-07-17,2017-07-17 09:49:03
09:49:06,09:49:06,11.1,-0.01,670,743700,卖盘,2017-07-17,2017-07-17 09:49:06
09:49:09,09:49:09,11.06,-0.04,172,190232,卖盘,2017-07-17,2017-07-17 09:49:09
09:49:12,09:49:12,11.09,0.03,31,34379,买盘,2017-07-17,2017-07-17 09:49:12
09:49:15,09:49:15,11.08,-0.01,539,597212,中性盘,2017-07-17,2017-07-17 09:49:15
09:49:18,09:49:18,11.05,-0.03,63,69615,卖盘,2017-07-17,2017-07-17 09:49:18
09:49:21,09:49:21,11.05,--,55,60775,买盘,2017-07-17,2017-07-17 09:49:21
09:49:24,09:49:24,11.06,0.01,850,940100,买盘,2017-07-17,2017-07-17 09:49:24
09:49:27,09:49:27,11.04,-0.02,193,213071,中性盘,2017-07-17,2017-07-17 09:49:27
09:49:30,09:49:30,11.04,--,3,3311,买盘,2017-07-17,2017-07-17 09:49:30
09:49:33,09:49:33,11.0,-0.04,36,39600,卖盘,2017-07-17,2017-07-17 09:49:33
09:49:36,09:49:36,11.0,--,337,370700,卖盘,2017-07-17,2017-07-17 09:49:36
09:49:39,09:49:39,11.01,0.01,698,768498,买盘,2017-07-17,2017-07-17 09:49:39
09:49:42,09:49:42,11.05,0.04,460,508300,买盘,2017-07-17,2017-07-17 09:49:42
09:49:45,09:49:45,11.05,--,43,47515,买盘,2017-07-17,2017-07-17 09:49:45
09:49:48,09:49:48,11.0,-0.05,742,816200,卖盘,2017-07-17,2017-07-17 09:49:48
09:49:51,09:49:51,11.04,0.04,301,332304,买盘,2017-07-17,2017-07-17 09:49:51
09:49:54,09:49:54,11.04,--,52,57407,卖盘,2017-07-17,2017-07-17 09:49:54
09:49:57,09:49:57,11.0,-0.04,389,427900,卖盘,2017-07-17,2017-07-17 09:49:57
09:50:00,09:50:00,11.05,0.05,204,225420,买盘,2017-07-17,2017-07-17 09:50:00
09:50:03,09:50:03,11.04,-0.01,255,281520,中性盘,2017-07-17,2017-07-17 09:50:03
09:50:06,09:50:06,11.0,-0.04,50,55000,卖盘,2017-07-17,2017-07-17 09:50:06
09:50:09,09:50:09,10.99,-0.01,996,1094604,卖盘,2017-07-17,2017-07-17 09:50:09
09:50:12,09:50:12,11.01,0.02,15,16515,买盘,2017-07-17,2017-07-17 09:50:12
09:50:15,09:50:15,11.06,0.05,176,194656,买盘,2017-07-17,2017-07-17 09:50:15
09:50:18,09:50:18,11.06,--,144,159264,卖盘,2017-07-17,2017-07-17 09:50:18
09:50:21,09:50:21,11.06,--,20,22120,卖盘,2017-07-17,2017-07-17 09:50:21
09:50:24,09:50:24,11.07,0.01,5,5535,卖盘,2017-07-17,2017-07-17 09:50:24
09:50:27,09:50:27,11.11,0.04,431,478841,买盘,2017-07-17,2017-07-17 09:50:27
09:50:30,09:50:30,11.07,-0.04,68,75276,卖盘,2017-07-17,2017-07-17 09:50:30
09:50:33,09:50:33,11.06,-0.01,55,60830,卖盘,2017-07-17,2017-07-17 09:50:33
09:50:36,09:50:36,11.06,--,10,11060,买盘,2017-07-17,2017-07-17 09:50:36
09:50:39,09:50:39,11.07,0.01,150,166050,买盘,2017-07-17,2017-07-17 09:50:39
09:50:42,09:50:42,11.05,-0.02,15,16575,卖盘,2017-07-17,2017-07-17 09:50:42
09:50:45,09:50:45,11.05,--,11,12155,买盘,2017-07-17,2017-07-17 09:50:45
09:50:48,09:50:48,11.07,0.02,31,34317,买盘,2017-07-17,2017-07-17 09:50:48
09:50:51,09:50:51,11.07,--,5,5535,买盘,2017-07-17,2017-07-17 09:50:51
09:50:54,09:50:54,11.1,0.03,47,52170,买盘,2017-07-17,2017-07-17 09:50:54
09:50:57,09:50:57,11.11,0.01,141,156651,买盘,2017-07-17,2017-07-17 09:50:57
09:51:00,09:51:00,11.1,-0.01,38,42180,卖盘,2017-07-17,2017-07-17 09:51:00
09:51:03,09:51:03,11.12,0.02,397,441463,买盘,2017-07-17,2017-07-17 09:51:03
09:51:06,09:51:06,11.11,-0.01,24,26664,中性盘,2017-07-17,2017-07-17 09:51:06
09:51:09,09:51:09,11.11,--,96,106656,卖盘,2017-07-17,2017-07-17 09:51:09
09:51:12,09:51:12,11.12,0.01,56,62271,中性盘,2017-07-17,2017-07-17 09:51:12
09:51:15,09:51:15,11.11,-0.01,54,59994,卖盘,2017-07-17,2017-07-17 09:51:15
09:51:18,09:51:18,11.1,-0.01,165,183150,卖盘,2017-07-17,2017-07-17 09:51:18
09:51:21,09:51:21,11.08,-0.02,486,538488,卖盘,2017-07-17,2017-07-17 09:51:21
09:51:24,09:51:24,11.11,0.03,731,812141,买盘,2017-07-17,2017-07-17 09:51:24
09:51:27,09:51:27,11.11,--,19,21109,卖盘,2017-07-17,2017-07-17 09:51:27
09:51:30,09:51:30,11.12,0.01,58,64495,买盘,2017-07-17,2017-07-17 09:51:30
09:51:33,09:51:33,11.11,-0.01,53,58883,卖盘,2017-07-17,2017-07-17 09:51:33
09:51:36,09:51:36,11.11,--,100,111100,卖盘,2017-07-17,2017-07-17 09:51:36
09:51:39,09:51:39,11.11,--,109,121099,卖盘,2017-07-17,2017-07-17 09:51:39
09:51:42,09:51:42,11.11,--,49,54439,卖盘,2017-07-17,2017-07-17 09:51:42
09:51:45,09:51:45,11.11,--,50,55550,卖盘,2017-07-17,2017-07-17 09:51:45
09:51:48,09:51:48,11.12,0.01,82,91184,买盘,2017-07-17,2017-07-17 09:51:48
09:51:51,09:51:51,11.11,-0.01,395,438845,卖盘,2017-07-17,2017-07-17 09:51:51
09:51:54,09:51:54,11.12,0.01,161,179032,买盘,2017-07-17,2017-07-17 09:51:54
09:51:57,09:51:57,11.11,-0.01,111,123321,卖盘,2017-07-17,2017-07-17 09:51:57
09:52:00,09:52:00,11.1,-0.01,15,16650,卖盘,2017-07-17,2017-07-17 09:52:00
09:52:03,09:52:03,11.13,0.03,863,960519,买盘,2017-07-17,2017-07-17 09:52:03
09:52:06,09:52:06,11.13,--,1,1113,卖盘,2017-07-17,2017-07-17 09:52:06
09:52:09,09:52:09,11.13,--,16,17808,卖盘,2017-07-17,2017-07-17 09:52:09
09:52:12,09:52:12,11.13,--,102,113526,卖盘,2017-07-17,2017-07-17 09:52:12
09:52:15,09:52:15,11.1,-0.03,288,319680,卖盘,2017-07-17,2017-07-17 09:52:15
09:52:18,09:52:18,11.13,0.03,780,868140,买盘,2017-07-17,2017-07-17 09:52:18
09:52:21,09:52:21,11.13,--,115,127995,卖盘,2017-07-17,2017-07-17 09:52:21
09:52:24,09:52:24,11.16,0.03,302,337032,买盘,2017-07-17,2017-07-17 09:52:24
09:52:27,09:52:27,11.16,--,19,21204,卖盘,2017-07-17,2017-07-17 09:52:27
09:52:30,09:52:30,11.16,--,23,25668,卖盘,2017-07-17,2017-07-17 09:52:30
09:52:33,09:52:33,11.16,--,104,116064,卖盘,2017-07-17,2017-07-17 09:52:33
09:52:36,09:52:36,11.16,--,348,388368,卖盘,2017-07-17,2017-07-17 09:52:36
09:52:39,09:52:39,11.2,0.04,5,5600,中性盘,2017-07-17,2017-07-17 09:52:39
09:52:42,09:52:42,11.16,-0.04,87,97092,卖盘,2017-07-17,2017-07-17 09:52:42
09:52:45,09:52:45,11.22,0.06,17,19074,中性盘,2017-07-17,2017-07-17 09:52:45
09:52:48,09:52:48,11.2,-0.02,28,31359,中性盘,2017-07-17,2017-07-17 09:52:48
09:52:51,09:52:51,11.24,0.04,102,114648,买盘,2017-07-17,2017-07-17 09:52:51
09:52:54,09:52:54,11.24,--,14,15736,买盘,2017-07-17,2017-07-17 09:52:54
09:52:57,09:52:57,11.2,-0.04,1,1120,买盘,2017-07-17,2017-07-17 09:52:57
09:53:00,09:53:00,11.22,0.02,26,29172,卖盘,2017-07-17,2017-07-17 09:53:00
09:53:03,09:53:03,11.24,0.02,16,17984,卖盘,2017-07-17,2017-07-17 09:53:03
09:53:06,09:53:06,11.27,0.03,494,556738,买盘,2017-07-17,2017-07-17 09:53:06
09:53:10,09:53:10,11.25,-0.02,109,122625,买盘,2017-07-17,2017-07-17 09:53:10
09:53:13,09:53:13,11.22,-0.03,35,39270,买盘,2017-07-17,2017-07-17 09:53:13
09:53:16,09:53:16,11.2,-0.02,52,58239,卖盘,2017-07-17,2017-07-17 09:53:16
09:53:19,09:53:19,11.22,0.02,26,29172,买盘,2017-07-17,2017-07-17 09:53:19
09:53:22,09:53:22,11.2,-0.02,49,54880,卖盘,2017-07-17,2017-07-17 09:53:22
09:53:25,09:53:25,11.27,0.07,158,178066,买盘,2017-07-17,2017-07-17 09:53:25
09:53:28,09:53:28,11.22,-0.05,5,5610,卖盘,2017-07-17,2017-07-17 09:53:28
09:53:31,09:53:31,11.25,0.03,192,216000,买盘,2017-07-17,2017-07-17 09:53:31
09:53:34,09:53:34,11.22,-0.03,23,25806,卖盘,2017-07-17,2017-07-17 09:53:34
09:53:37,09:53:37,11.2,-0.02,31,34720,卖盘,2017-07-17,2017-07-17 09:53:37
09:53:40,09:53:40,11.22,0.02,283,317526,买盘,2017-07-17,2017-07-17 09:53:40
09:53:43,09:53:43,11.22,--,41,46002,买盘,2017-07-17,2017-07-17 09:53:43
09:53:46,09:53:46,11.22,--,421,472362,买盘,2017-07-17,2017-07-17 09:53:46
09:53:49,09:53:49,11.2,-0.02,175,196000,卖盘,2017-07-17,2017-07-17 09:53:49
09:53:52,09:53:52,11.22,0.02,25,28050,买盘,2017-07-17,2017-07-17 09:53:52
09:53:55,09:53:55,11.22,--,5,5610,卖盘,2017-07-17,2017-07-17 09:53:55
09:53:58,09:53:58,11.22,--,58,65076,卖盘,2017-07-17,2017-07-17 09:53:58
09:54:01,09:54:01,11.21,-0.01,840,941640,卖盘,2017-07-17,2017-07-17 09:54:01
09:54:04,09:54:04,11.22,0.01,25,28050,中性盘,2017-07-17,2017-07-17 09:54:04
09:54:07,09:54:07,11.22,--,9,10098,买盘,2017-07-17,2017-07-17 09:54:07
09:54:10,09:54:10,11.22,--,50,56100,买盘,2017-07-17,2017-07-17 09:54:10
09:54:13,09:54:13,11.22,--,14,15708,买盘,2017-07-17,2017-07-17 09:54:13
09:54:16,09:54:16,11.2,-0.02,630,705600,卖盘,2017-07-17,2017-07-17 09:54:16
09:54:19,09:54:19,11.2,--,193,216160,买盘,2017-07-17,2017-07-17 09:54:19
09:54:22,09:54:22,11.2,--,73,81760,买盘,2017-07-17,2017-07-17 09:54:22
09:54:25,09:54:25,11.21,0.01,341,382261,买盘,2017-07-17,2017-07-17 09:54:25
09:54:28,09:54:28,11.17,-0.04,155,173135,卖盘,2017-07-17,2017-07-17 09:54:28
09:54:31,09:54:31,11.19,0.02,128,143232,买盘,2017-07-17,2017-07-17 09:54:31
09:54:34,09:54:34,11.19,--,4,4476,买盘,2017-07-17,2017-07-17 09:54:34
09:54:37,09:54:37,11.16,-0.03,48,53568,卖盘,2017-07-17,2017-07-17 09:54:37
09:54:40,09:54:40,11.19,0.03,27,30213,买盘,2017-07-17,2017-07-17 09:54:40
09:54:46,09:54:46,11.18,-0.01,117,130806,卖盘,2017-07-17,2017-07-17 09:54:46
09:54:49,09:54:49,11.19,0.01,122,136518,买盘,2017-07-17,2017-07-17 09:54:49
09:54:52,09:54:52,11.19,--,231,258489,卖盘,2017-07-17,2017-07-17 09:54:52
09:54:55,09:54:55,11.19,--,37,41403,卖盘,2017-07-17,2017-07-17 09:54:55
09:54:58,09:54:58,11.18,-0.01,130,145340,卖盘,2017-07-17,2017-07-17 09:54:58
09:55:01,09:55:01,11.18,--,42,46956,买盘,2017-07-17,2017-07-17 09:55:01
09:55:04,09:55:04,11.18,--,145,162110,买盘,2017-07-17,2017-07-17 09:55:04
09:55:07,09:55:07,11.18,--,14,15652,买盘,2017-07-17,2017-07-17 09:55:07
09:55:10,09:55:10,11.18,--,40,44720,买盘,2017-07-17,2017-07-17 09:55:10
09:55:13,09:55:13,11.18,--,155,173290,买盘,2017-07-17,2017-07-17 09:55:13
09:55:19,09:55:19,11.18,--,203,226954,卖盘,2017-07-17,2017-07-17 09:55:19
09:55:22,09:55:22,11.19,0.01,48,53712,买盘,2017-07-17,2017-07-17 09:55:22
09:55:25,09:55:25,11.19,--,28,31332,卖盘,2017-07-17,2017-07-17 09:55:25
09:55:28,09:55:28,11.2,0.01,88,98560,买盘,2017-07-17,2017-07-17 09:55:28
09:55:31,09:55:31,11.19,-0.01,55,61545,卖盘,2017-07-17,2017-07-17 09:55:31
09:55:37,09:55:37,11.2,0.01,10,11200,买盘,2017-07-17,2017-07-17 09:55:37
09:55:40,09:55:40,11.2,--,56,62719,买盘,2017-07-17,2017-07-17 09:55:40
09:55:43,09:55:43,11.2,--,7,7839,买盘,2017-07-17,2017-07-17 09:55:43
09:55:46,09:55:46,11.2,--,161,180320,买盘,2017-07-17,2017-07-17 09:55:46
09:55:52,09:55:52,11.2,--,74,82880,卖盘,2017-07-17,2017-07-17 09:55:52
09:55:55,09:55:55,11.2,--,51,57120,买盘,2017-07-17,2017-07-17 09:55:55
09:55:58,09:55:58,11.21,0.01,1251,1402371,买盘,2017-07-17,2017-07-17 09:55:58
09:56:01,09:56:01,11.21,--,31,34751,买盘,2017-07-17,2017-07-17 09:56:01
09:56:04,09:56:04,11.2,-0.01,35,39200,卖盘,2017-07-17,2017-07-17 09:56:04
09:56:07,09:56:07,11.21,0.01,76,85196,买盘,2017-07-17,2017-07-17 09:56:07
09:56:10,09:56:10,11.21,--,2,2242,买盘,2017-07-17,2017-07-17 09:56:10
09:56:13,09:56:13,11.21,--,2,2242,买盘,2017-07-17,2017-07-17 09:56:13
09:56:16,09:56:16,11.21,--,27,30267,卖盘,2017-07-17,2017-07-17 09:56:16
09:56:22,09:56:22,11.21,--,0,0,卖盘,2017-07-17,2017-07-17 09:56:22
09:56:25,09:56:25,11.23,0.02,41,46043,买盘,2017-07-17,2017-07-17 09:56:25
09:56:28,09:56:28,11.24,0.01,206,231544,买盘,2017-07-17,2017-07-17 09:56:28
09:56:31,09:56:31,11.25,0.01,157,176625,买盘,2017-07-17,2017-07-17 09:56:31
09:56:34,09:56:34,11.25,--,6,6750,卖盘,2017-07-17,2017-07-17 09:56:34
09:56:37,09:56:37,11.25,--,6,6750,卖盘,2017-07-17,2017-07-17 09:56:37
09:56:40,09:56:40,11.26,0.01,39,43914,买盘,2017-07-17,2017-07-17 09:56:40
09:56:43,09:56:43,11.25,-0.01,186,209250,卖盘,2017-07-17,2017-07-17 09:56:43
09:56:46,09:56:46,11.26,0.01,22,24772,卖盘,2017-07-17,2017-07-17 09:56:46
09:56:49,09:56:49,11.28,0.02,238,268464,买盘,2017-07-17,2017-07-17 09:56:49
09:56:55,09:56:55,11.3,0.02,120,135600,买盘,2017-07-17,2017-07-17 09:56:55
09:57:04,09:57:04,11.31,0.01,15,16965,买盘,2017-07-17,2017-07-17 09:57:04
09:57:07,09:57:07,11.31,--,30,33930,卖盘,2017-07-17,2017-07-17 09:57:07
09:57:10,09:57:10,11.31,--,97,109707,卖盘,2017-07-17,2017-07-17 09:57:10
09:57:13,09:57:13,11.35,0.04,224,254240,买盘,2017-07-17,2017-07-17 09:57:13
09:57:16,09:57:16,11.35,--,50,56750,卖盘,2017-07-17,2017-07-17 09:57:16
09:57:19,09:57:19,11.34,-0.01,216,244944,卖盘,2017-07-17,2017-07-17 09:57:19
09:57:22,09:57:22,11.31,-0.03,260,294060,卖盘,2017-07-17,2017-07-17 09:57:22
09:57:25,09:57:25,11.31,--,208,235248,买盘,2017-07-17,2017-07-17 09:57:25
09:57:28,09:57:28,11.35,0.04,47,53345,买盘,2017-07-17,2017-07-17 09:57:28
09:57:31,09:57:31,11.35,--,4,4540,买盘,2017-07-17,2017-07-17 09:57:31
09:57:34,09:57:34,11.35,--,50,56750,买盘,2017-07-17,2017-07-17 09:57:34
09:57:37,09:57:37,11.33,-0.02,1,1133,中性盘,2017-07-17,2017-07-17 09:57:37
09:57:40,09:57:40,11.35,0.02,124,140740,买盘,2017-07-17,2017-07-17 09:57:40
09:57:43,09:57:43,11.35,--,10,11350,买盘,2017-07-17,2017-07-17 09:57:43
09:57:46,09:57:46,11.32,-0.03,5,5660,中性盘,2017-07-17,2017-07-17 09:57:46
09:57:49,09:57:49,11.33,0.01,23,26059,买盘,2017-07-17,2017-07-17 09:57:49
09:57:52,09:57:52,11.33,--,102,115566,卖盘,2017-07-17,2017-07-17 09:57:52
09:57:58,09:57:58,11.33,--,3,3399,卖盘,2017-07-17,2017-07-17 09:57:58
09:58:01,09:58:01,11.32,-0.01,62,70184,买盘,2017-07-17,2017-07-17 09:58:01
09:58:04,09:58:04,11.32,--,1,1132,买盘,2017-07-17,2017-07-17 09:58:04
09:58:07,09:58:07,11.32,--,1,1132,买盘,2017-07-17,2017-07-17 09:58:07
09:58:13,09:58:13,11.31,-0.01,280,316680,卖盘,2017-07-17,2017-07-17 09:58:13
09:58:19,09:58:19,11.31,--,164,185484,买盘,2017-07-17,2017-07-17 09:58:19
09:58:22,09:58:22,11.3,-0.01,63,71190,卖盘,2017-07-17,2017-07-17 09:58:22
09:58:25,09:58:25,11.3,--,343,387590,买盘,2017-07-17,2017-07-17 09:58:25
09:58:34,09:58:34,11.26,-0.04,154,173404,卖盘,2017-07-17,2017-07-17 09:58:34
09:58:38,09:58:38,11.28,0.02,217,244776,中性盘,2017-07-17,2017-07-17 09:58:38
09:58:44,09:58:44,11.28,--,6,6768,买盘,2017-07-17,2017-07-17 09:58:44
09:58:47,09:58:47,11.26,-0.02,433,487558,卖盘,2017-07-17,2017-07-17 09:58:47
09:58:50,09:58:50,11.26,--,47,52922,买盘,2017-07-17,2017-07-17 09:58:50
09:58:53,09:58:53,11.27,0.01,11,12397,买盘,2017-07-17,2017-07-17 09:58:53
09:58:56,09:58:56,11.25,-0.02,11,12375,卖盘,2017-07-17,2017-07-17 09:58:56
09:58:59,09:58:59,11.28,0.03,121,136488,买盘,2017-07-17,2017-07-17 09:58:59
09:59:02,09:59:02,11.25,-0.03,107,120375,卖盘,2017-07-17,2017-07-17 09:59:02
09:59:05,09:59:05,11.25,--,22,24750,卖盘,2017-07-17,2017-07-17 09:59:05
09:59:08,09:59:08,11.25,--,62,69750,卖盘,2017-07-17,2017-07-17 09:59:08
09:59:11,09:59:11,11.27,0.02,150,169050,买盘,2017-07-17,2017-07-17 09:59:11
09:59:14,09:59:14,11.26,-0.01,10,11260,卖盘,2017-07-17,2017-07-17 09:59:14
09:59:17,09:59:17,11.25,-0.01,25,28125,卖盘,2017-07-17,2017-07-17 09:59:17
09:59:20,09:59:20,11.25,--,18,20250,卖盘,2017-07-17,2017-07-17 09:59:20
09:59:23,09:59:23,11.25,--,305,343125,卖盘,2017-07-17,2017-07-17 09:59:23
09:59:26,09:59:26,11.26,0.01,256,288256,卖盘,2017-07-17,2017-07-17 09:59:26
09:59:29,09:59:29,11.26,--,4,4504,卖盘,2017-07-17,2017-07-17 09:59:29
09:59:32,09:59:32,11.25,-0.01,9,10125,买盘,2017-07-17,2017-07-17 09:59:32
09:59:38,09:59:38,11.25,--,2,2250,买盘,2017-07-17,2017-07-17 09:59:38
09:59:41,09:59:41,11.25,--,100,112500,买盘,2017-07-17,2017-07-17 09:59:41
09:59:44,09:59:44,11.25,--,97,109125,买盘,2017-07-17,2017-07-17 09:59:44
09:59:47,09:59:47,11.25,--,0,0,买盘,2017-07-17,2017-07-17 09:59:47
09:59:50,09:59:50,11.23,-0.02,10,11230,买盘,2017-07-17,2017-07-17 09:59:50
09:59:53,09:59:53,11.22,-0.01,125,140250,卖盘,2017-07-17,2017-07-17 09:59:53
09:59:56,09:59:56,11.25,0.03,13,14625,买盘,2017-07-17,2017-07-17 09:59:56
09:59:59,09:59:59,11.22,-0.03,142,159324,卖盘,2017-07-17,2017-07-17 09:59:59
10:00:02,10:00:02,11.25,0.03,122,137250,买盘,2017-07-17,2017-07-17 10:00:02
10:00:05,10:00:05,11.22,-0.03,16,17952,中性盘,2017-07-17,2017-07-17 10:00:05
10:00:08,10:00:08,11.22,--,0,0,卖盘,2017-07-17,2017-07-17 10:00:08
10:00:11,10:00:11,11.23,0.01,10,11230,买盘,2017-07-17,2017-07-17 10:00:11
10:00:14,10:00:14,11.22,-0.01,81,90882,卖盘,2017-07-17,2017-07-17 10:00:14
10:00:17,10:00:17,11.25,0.03,120,135000,买盘,2017-07-17,2017-07-17 10:00:17
10:00:20,10:00:20,11.25,--,0,0,买盘,2017-07-17,2017-07-17 10:00:20
10:00:23,10:00:23,11.22,-0.03,1,1122,买盘,2017-07-17,2017-07-17 10:00:23
10:00:26,10:00:26,11.25,0.03,121,136125,买盘,2017-07-17,2017-07-17 10:00:26
10:00:29,10:00:29,11.25,--,0,0,买盘,2017-07-17,2017-07-17 10:00:29
10:00:32,10:00:32,11.22,-0.03,3,3366,卖盘,2017-07-17,2017-07-17 10:00:32
10:00:38,10:00:38,11.22,--,22,24684,卖盘,2017-07-17,2017-07-17 10:00:38
10:00:41,10:00:41,11.22,--,171,191862,卖盘,2017-07-17,2017-07-17 10:00:41
10:00:44,10:00:44,11.22,--,61,68442,卖盘,2017-07-17,2017-07-17 10:00:44
10:00:47,10:00:47,11.22,--,16,17952,买盘,2017-07-17,2017-07-17 10:00:47
10:00:53,10:00:53,11.22,--,92,103224,买盘,2017-07-17,2017-07-17 10:00:53
10:00:59,10:00:59,11.28,0.06,168,189504,买盘,2017-07-17,2017-07-17 10:00:59
10:01:02,10:01:02,11.22,-0.06,17,19074,中性盘,2017-07-17,2017-07-17 10:01:02
10:01:05,10:01:05,11.22,--,4,4488,卖盘,2017-07-17,2017-07-17 10:01:05
10:01:08,10:01:08,11.21,-0.01,25,28025,卖盘,2017-07-17,2017-07-17 10:01:08
10:01:11,10:01:11,11.21,--,0,0,卖盘,2017-07-17,2017-07-17 10:01:11
10:01:14,10:01:14,11.3,0.09,720,813600,买盘,2017-07-17,2017-07-17 10:01:14
10:01:17,10:01:17,11.2,-0.1,748,837760,卖盘,2017-07-17,2017-07-17 10:01:17
10:01:23,10:01:23,11.3,0.1,30,33900,买盘,2017-07-17,2017-07-17 10:01:23
10:01:26,10:01:26,11.3,--,1,1130,买盘,2017-07-17,2017-07-17 10:01:26
10:01:29,10:01:29,11.2,-0.1,5,5600,卖盘,2017-07-17,2017-07-17 10:01:29
10:01:32,10:01:32,11.2,--,0,0,卖盘,2017-07-17,2017-07-17 10:01:32
10:01:35,10:01:35,11.21,0.01,16,17936,卖盘,2017-07-17,2017-07-17 10:01:35
10:01:41,10:01:41,11.29,0.08,208,234831,买盘,2017-07-17,2017-07-17 10:01:41
10:01:44,10:01:44,11.29,--,0,0,买盘,2017-07-17,2017-07-17 10:01:44
10:01:47,10:01:47,11.29,--,0,0,买盘,2017-07-17,2017-07-17 10:01:47
10:01:50,10:01:50,11.21,-0.08,185,207385,卖盘,2017-07-17,2017-07-17 10:01:50
10:01:53,10:01:53,11.21,--,9,10089,买盘,2017-07-17,2017-07-17 10:01:53
10:01:56,10:01:56,11.28,0.07,35,39480,买盘,2017-07-17,2017-07-17 10:01:56
10:01:59,10:01:59,11.28,--,0,0,买盘,2017-07-17,2017-07-17 10:01:59
10:02:02,10:02:02,11.22,-0.06,33,37026,卖盘,2017-07-17,2017-07-17 10:02:02
10:02:14,10:02:14,11.26,0.04,51,57426,买盘,2017-07-17,2017-07-17 10:02:14
10:02:17,10:02:17,11.23,-0.03,256,287488,卖盘,2017-07-17,2017-07-17 10:02:17
10:02:26,10:02:26,11.25,0.02,102,114750,买盘,2017-07-17,2017-07-17 10:02:26
10:02:35,10:02:35,11.25,--,0,0,买盘,2017-07-17,2017-07-17 10:02:35
10:02:38,10:02:38,11.26,0.01,248,279248,买盘,2017-07-17,2017-07-17 10:02:38
10:02:41,10:02:41,11.26,--,105,118230,买盘,2017-07-17,2017-07-17 10:02:41
10:02:44,10:02:44,11.23,-0.03,32,35936,卖盘,2017-07-17,2017-07-17 10:02:44
10:02:47,10:02:47,11.22,-0.01,101,113322,卖盘,2017-07-17,2017-07-17 10:02:47
10:02:50,10:02:50,11.26,0.04,12,13512,买盘,2017-07-17,2017-07-17 10:02:50
10:02:53,10:02:53,11.26,--,15,16890,卖盘,2017-07-17,2017-07-17 10:02:53
10:02:56,10:02:56,11.28,0.02,78,87984,买盘,2017-07-17,2017-07-17 10:02:56
10:02:59,10:02:59,11.29,0.01,50,56449,买盘,2017-07-17,2017-07-17 10:02:59
10:03:02,10:03:02,11.29,--,50,56449,买盘,2017-07-17,2017-07-17 10:03:02
10:03:08,10:03:08,11.29,--,36,40644,卖盘,2017-07-17,2017-07-17 10:03:08
10:03:11,10:03:11,11.29,--,1,1129,卖盘,2017-07-17,2017-07-17 10:03:11
10:03:14,10:03:14,11.3,0.01,88,99440,买盘,2017-07-17,2017-07-17 10:03:14
10:03:17,10:03:17,11.29,-0.01,10,11290,卖盘,2017-07-17,2017-07-17 10:03:17
10:03:20,10:03:20,11.3,0.01,6,6780,买盘,2017-07-17,2017-07-17 10:03:20
10:03:23,10:03:23,11.3,--,1,1130,买盘,2017-07-17,2017-07-17 10:03:23
10:03:26,10:03:26,11.3,--,118,133340,买盘,2017-07-17,2017-07-17 10:03:26
10:03:29,10:03:29,11.3,--,11,12430,卖盘,2017-07-17,2017-07-17 10:03:29
10:03:35,10:03:35,11.3,--,120,135600,卖盘,2017-07-17,2017-07-17 10:03:35
10:03:38,10:03:38,11.29,-0.01,15,16935,卖盘,2017-07-17,2017-07-17 10:03:38
10:03:41,10:03:41,11.31,0.02,102,115362,买盘,2017-07-17,2017-07-17 10:03:41
10:03:44,10:03:44,11.31,--,0,0,买盘,2017-07-17,2017-07-17 10:03:44
10:03:50,10:03:50,11.3,-0.01,18,20340,中性盘,2017-07-17,2017-07-17 10:03:50
10:03:56,10:03:56,11.3,--,110,124300,买盘,2017-07-17,2017-07-17 10:03:56
10:03:59,10:03:59,11.3,--,20,22600,买盘,2017-07-17,2017-07-17 10:03:59
10:04:05,10:04:05,11.3,--,135,152550,买盘,2017-07-17,2017-07-17 10:04:05
10:04:17,10:04:17,11.29,-0.01,108,121931,卖盘,2017-07-17,2017-07-17 10:04:17
10:04:20,10:04:20,11.3,0.01,5,5650,买盘,2017-07-17,2017-07-17 10:04:20
10:04:23,10:04:23,11.3,--,10,11300,买盘,2017-07-17,2017-07-17 10:04:23
10:04:30,10:04:30,11.3,--,21,23730,卖盘,2017-07-17,2017-07-17 10:04:30
10:04:32,10:04:32,11.3,--,157,177410,卖盘,2017-07-17,2017-07-17 10:04:32
10:04:36,10:04:36,11.29,-0.01,2,2258,卖盘,2017-07-17,2017-07-17 10:04:36
10:04:39,10:04:39,11.3,0.01,26,29380,买盘,2017-07-17,2017-07-17 10:04:39
10:04:42,10:04:42,11.29,-0.01,4,4516,卖盘,2017-07-17,2017-07-17 10:04:42
10:04:45,10:04:45,11.3,0.01,88,99440,买盘,2017-07-17,2017-07-17 10:04:45
10:04:51,10:04:51,11.29,-0.01,15,16935,卖盘,2017-07-17,2017-07-17 10:04:51
10:04:54,10:04:54,11.3,0.01,135,152550,买盘,2017-07-17,2017-07-17 10:04:54
10:04:57,10:04:57,11.3,--,15,16950,买盘,2017-07-17,2017-07-17 10:04:57
10:05:09,10:05:09,11.3,--,125,141250,买盘,2017-07-17,2017-07-17 10:05:09
10:05:15,10:05:15,11.27,-0.03,16,18032,卖盘,2017-07-17,2017-07-17 10:05:15
10:05:18,10:05:18,11.3,0.03,110,124300,买盘,2017-07-17,2017-07-17 10:05:18
10:05:21,10:05:21,11.3,--,0,0,买盘,2017-07-17,2017-07-17 10:05:21
10:05:27,10:05:27,11.29,-0.01,99,111770,买盘,2017-07-17,2017-07-17 10:05:27
10:05:30,10:05:30,11.29,--,20,22580,买盘,2017-07-17,2017-07-17 10:05:30
10:05:33,10:05:33,11.29,--,112,126447,买盘,2017-07-17,2017-07-17 10:05:33
10:05:39,10:05:39,11.3,0.01,110,124300,买盘,2017-07-17,2017-07-17 10:05:39
10:05:42,10:05:42,11.29,-0.01,5,5645,卖盘,2017-07-17,2017-07-17 10:05:42
10:05:45,10:05:45,11.29,--,82,92578,卖盘,2017-07-17,2017-07-17 10:05:45
10:05:48,10:05:48,11.29,--,200,225799,卖盘,2017-07-17,2017-07-17 10:05:48
10:05:51,10:05:51,11.32,0.03,51,57732,买盘,2017-07-17,2017-07-17 10:05:51
10:05:54,10:05:54,11.29,-0.03,92,103867,卖盘,2017-07-17,2017-07-17 10:05:54
10:05:57,10:05:57,11.29,--,10,11290,买盘,2017-07-17,2017-07-17 10:05:57
10:06:00,10:06:00,11.3,0.01,45,50850,买盘,2017-07-17,2017-07-17 10:06:00
10:06:03,10:06:03,11.3,--,21,23730,卖盘,2017-07-17,2017-07-17 10:06:03
10:06:09,10:06:09,11.3,--,15,16950,买盘,2017-07-17,2017-07-17 10:06:09
10:06:24,10:06:24,11.3,--,125,141250,卖盘,2017-07-17,2017-07-17 10:06:24
10:06:27,10:06:27,11.31,0.01,2,2262,卖盘,2017-07-17,2017-07-17 10:06:27
10:06:33,10:06:33,11.32,0.01,89,100748,买盘,2017-07-17,2017-07-17 10:06:33
10:06:39,10:06:39,11.31,-0.01,23,26013,卖盘,2017-07-17,2017-07-17 10:06:39
10:06:42,10:06:42,11.32,0.01,150,169800,买盘,2017-07-17,2017-07-17 10:06:42
10:06:45,10:06:45,11.32,--,75,84900,买盘,2017-07-17,2017-07-17 10:06:45
10:06:48,10:06:48,11.32,--,8,9056,卖盘,2017-07-17,2017-07-17 10:06:48
10:06:51,10:06:51,11.33,0.01,58,65714,买盘,2017-07-17,2017-07-17 10:06:51
10:07:00,10:07:00,11.32,-0.01,22,24904,卖盘,2017-07-17,2017-07-17 10:07:00
10:07:03,10:07:03,11.33,0.01,122,138226,买盘,2017-07-17,2017-07-17 10:07:03
10:07:09,10:07:09,11.33,--,13,14729,卖盘,2017-07-17,2017-07-17 10:07:09
10:07:15,10:07:15,11.35,0.02,136,154360,买盘,2017-07-17,2017-07-17 10:07:15
10:07:21,10:07:21,11.36,0.01,201,228336,买盘,2017-07-17,2017-07-17 10:07:21
10:07:24,10:07:24,11.36,--,40,45440,卖盘,2017-07-17,2017-07-17 10:07:24
10:07:33,10:07:33,11.39,0.03,120,136680,买盘,2017-07-17,2017-07-17 10:07:33
10:07:36,10:07:36,11.37,-0.02,8,9096,中性盘,2017-07-17,2017-07-17 10:07:36
10:07:42,10:07:42,11.36,-0.01,50,56800,卖盘,2017-07-17,2017-07-17 10:07:42
10:07:51,10:07:51,11.38,0.02,2,2276,买盘,2017-07-17,2017-07-17 10:07:51
10:07:54,10:07:54,11.38,--,47,53486,买盘,2017-07-17,2017-07-17 10:07:54
10:07:57,10:07:57,11.36,-0.02,7,7952,卖盘,2017-07-17,2017-07-17 10:07:57
10:08:00,10:08:00,11.38,0.02,72,81936,买盘,2017-07-17,2017-07-17 10:08:00
10:08:03,10:08:03,11.38,--,10,11380,买盘,2017-07-17,2017-07-17 10:08:03
10:08:06,10:08:06,11.38,--,173,196874,买盘,2017-07-17,2017-07-17 10:08:06
10:08:09,10:08:09,11.36,-0.02,97,110192,卖盘,2017-07-17,2017-07-17 10:08:09
10:08:12,10:08:12,11.36,--,25,28400,买盘,2017-07-17,2017-07-17 10:08:12
10:08:15,10:08:15,11.36,--,50,56800,买盘,2017-07-17,2017-07-17 10:08:15
10:08:18,10:08:18,11.35,-0.01,72,81720,卖盘,2017-07-17,2017-07-17 10:08:18
10:08:21,10:08:21,11.35,--,22,24970,买盘,2017-07-17,2017-07-17 10:08:21
10:08:24,10:08:24,11.36,0.01,120,136320,买盘,2017-07-17,2017-07-17 10:08:24
10:08:30,10:08:30,11.37,0.01,5,5685,买盘,2017-07-17,2017-07-17 10:08:30
10:08:33,10:08:33,11.36,-0.01,20,22720,卖盘,2017-07-17,2017-07-17 10:08:33
10:08:36,10:08:36,11.36,--,2,2272,卖盘,2017-07-17,2017-07-17 10:08:36
10:08:45,10:08:45,11.36,--,35,39760,卖盘,2017-07-17,2017-07-17 10:08:45
10:08:48,10:08:48,11.36,--,27,30672,卖盘,2017-07-17,2017-07-17 10:08:48
10:08:51,10:08:51,11.37,0.01,43,48891,买盘,2017-07-17,2017-07-17 10:08:51
10:08:54,10:08:54,11.36,-0.01,131,148816,卖盘,2017-07-17,2017-07-17 10:08:54
10:08:57,10:08:57,11.37,0.01,51,57986,中性盘,2017-07-17,2017-07-17 10:08:57
10:09:00,10:09:00,11.36,-0.01,30,34080,卖盘,2017-07-17,2017-07-17 10:09:00
10:09:03,10:09:03,11.36,--,17,19312,卖盘,2017-07-17,2017-07-17 10:09:03
10:09:15,10:09:15,11.36,--,441,500976,买盘,2017-07-17,2017-07-17 10:09:15
10:09:18,10:09:18,11.35,-0.01,27,30645,卖盘,2017-07-17,2017-07-17 10:09:18
10:09:21,10:09:21,11.35,--,8,9080,卖盘,2017-07-17,2017-07-17 10:09:21
10:09:24,10:09:24,11.35,--,62,70370,中性盘,2017-07-17,2017-07-17 10:09:24
10:09:27,10:09:27,11.36,0.01,5,5680,中性盘,2017-07-17,2017-07-17 10:09:27
10:09:30,10:09:30,11.36,--,0,0,中性盘,2017-07-17,2017-07-17 10:09:30
10:09:33,10:09:33,11.35,-0.01,12,13620,卖盘,2017-07-17,2017-07-17 10:09:33
10:09:36,10:09:36,11.36,0.01,129,146544,买盘,2017-07-17,2017-07-17 10:09:36
10:09:39,10:09:39,11.35,-0.01,15,17025,卖盘,2017-07-17,2017-07-17 10:09:39
10:09:42,10:09:42,11.35,--,1,1135,买盘,2017-07-17,2017-07-17 10:09:42
10:09:45,10:09:45,11.35,--,22,24970,买盘,2017-07-17,2017-07-17 10:09:45
10:09:48,10:09:48,11.35,--,54,61290,买盘,2017-07-17,2017-07-17 10:09:48
10:09:51,10:09:51,11.35,--,119,135065,买盘,2017-07-17,2017-07-17 10:09:51
10:09:54,10:09:54,11.34,-0.01,158,179172,卖盘,2017-07-17,2017-07-17 10:09:54
10:09:57,10:09:57,11.34,--,15,17010,买盘,2017-07-17,2017-07-17 10:09:57
10:10:00,10:10:00,11.34,--,2,2268,买盘,2017-07-17,2017-07-17 10:10:00
10:10:03,10:10:03,11.33,-0.01,50,56650,卖盘,2017-07-17,2017-07-17 10:10:03
10:10:06,10:10:06,11.34,0.01,162,183708,买盘,2017-07-17,2017-07-17 10:10:06
10:10:09,10:10:09,11.33,-0.01,67,75911,卖盘,2017-07-17,2017-07-17 10:10:09
10:10:15,10:10:15,11.34,0.01,218,247212,买盘,2017-07-17,2017-07-17 10:10:15
10:10:24,10:10:24,11.33,-0.01,10,11330,买盘,2017-07-17,2017-07-17 10:10:24
10:10:30,10:10:30,11.31,-0.02,133,150423,卖盘,2017-07-17,2017-07-17 10:10:30
10:10:36,10:10:36,11.31,--,11,12441,买盘,2017-07-17,2017-07-17 10:10:36
10:10:39,10:10:39,11.3,-0.01,51,57630,卖盘,2017-07-17,2017-07-17 10:10:39
10:10:42,10:10:42,11.31,0.01,110,124410,买盘,2017-07-17,2017-07-17 10:10:42
10:10:45,10:10:45,11.3,-0.01,120,135600,卖盘,2017-07-17,2017-07-17 10:10:45
10:10:48,10:10:48,11.3,--,10,11300,卖盘,2017-07-17,2017-07-17 10:10:48
10:10:51,10:10:51,11.31,0.01,110,124410,买盘,2017-07-17,2017-07-17 10:10:51
10:10:57,10:10:57,11.3,-0.01,12,13560,卖盘,2017-07-17,2017-07-17 10:10:57
10:11:00,10:11:00,11.31,0.01,121,136851,买盘,2017-07-17,2017-07-17 10:11:00
10:11:03,10:11:03,11.3,-0.01,55,62150,卖盘,2017-07-17,2017-07-17 10:11:03
10:11:12,10:11:12,11.31,0.01,110,124410,买盘,2017-07-17,2017-07-17 10:11:12
10:11:18,10:11:18,11.31,--,248,280488,买盘,2017-07-17,2017-07-17 10:11:18
10:11:21,10:11:21,11.31,--,0,0,买盘,2017-07-17,2017-07-17 10:11:21
10:11:27,10:11:27,11.3,-0.01,103,116390,买盘,2017-07-17,2017-07-17 10:11:27
10:11:37,10:11:37,11.29,-0.01,111,125318,卖盘,2017-07-17,2017-07-17 10:11:37
10:11:43,10:11:43,11.3,0.01,99,111870,买盘,2017-07-17,2017-07-17 10:11:43
10:11:46,10:11:46,11.3,--,0,0,买盘,2017-07-17,2017-07-17 10:11:46
10:11:48,10:11:48,11.28,-0.02,12,13536,卖盘,2017-07-17,2017-07-17 10:11:48
10:11:55,10:11:55,11.3,0.02,79,89270,买盘,2017-07-17,2017-07-17 10:11:55
10:11:58,10:11:58,11.31,0.01,51,57681,买盘,2017-07-17,2017-07-17 10:11:58
10:12:01,10:12:01,11.28,-0.03,40,45120,卖盘,2017-07-17,2017-07-17 10:12:01
10:12:07,10:12:07,11.33,0.05,132,149556,买盘,2017-07-17,2017-07-17 10:12:07
10:12:10,10:12:10,11.29,-0.04,10,11290,卖盘,2017-07-17,2017-07-17 10:12:10
10:12:16,10:12:16,11.29,--,0,0,卖盘,2017-07-17,2017-07-17 10:12:16
10:12:19,10:12:19,11.33,0.04,110,124630,买盘,2017-07-17,2017-07-17 10:12:19
10:12:25,10:12:25,11.33,--,99,112167,买盘,2017-07-17,2017-07-17 10:12:25
10:12:31,10:12:31,11.29,-0.04,20,22580,卖盘,2017-07-17,2017-07-17 10:12:31
10:12:34,10:12:34,11.33,0.04,99,112167,买盘,2017-07-17,2017-07-17 10:12:34
10:12:37,10:12:37,11.33,--,0,0,买盘,2017-07-17,2017-07-17 10:12:37
10:12:40,10:12:40,11.29,-0.04,9,10161,卖盘,2017-07-17,2017-07-17 10:12:40
10:12:49,10:12:49,11.3,0.01,99,111870,买盘,2017-07-17,2017-07-17 10:12:49
10:12:55,10:12:55,11.29,-0.01,5,5645,卖盘,2017-07-17,2017-07-17 10:12:55
10:12:58,10:12:58,11.3,0.01,53,59890,买盘,2017-07-17,2017-07-17 10:12:58
10:13:01,10:13:01,11.29,-0.01,25,28224,卖盘,2017-07-17,2017-07-17 10:13:01
10:13:07,10:13:07,11.29,--,16,18064,卖盘,2017-07-17,2017-07-17 10:13:07
10:13:13,10:13:13,11.3,0.01,1,1130,买盘,2017-07-17,2017-07-17 10:13:13
10:13:16,10:13:16,11.29,-0.01,95,107254,卖盘,2017-07-17,2017-07-17 10:13:16
10:13:22,10:13:22,11.3,0.01,18,20340,买盘,2017-07-17,2017-07-17 10:13:22
10:13:25,10:13:25,11.3,--,45,50850,卖盘,2017-07-17,2017-07-17 10:13:25
10:13:28,10:13:28,11.3,--,15,16950,卖盘,2017-07-17,2017-07-17 10:13:28
10:13:31,10:13:31,11.3,--,19,21470,卖盘,2017-07-17,2017-07-17 10:13:31
10:13:34,10:13:34,11.3,--,49,55370,卖盘,2017-07-17,2017-07-17 10:13:34
10:13:43,10:13:43,11.3,--,1,1130,买盘,2017-07-17,2017-07-17 10:13:43
10:13:49,10:13:49,11.29,-0.01,126,142254,卖盘,2017-07-17,2017-07-17 10:13:49
10:13:55,10:13:55,11.29,--,10,11290,卖盘,2017-07-17,2017-07-17 10:13:55
10:13:58,10:13:58,11.29,--,9,10161,卖盘,2017-07-17,2017-07-17 10:13:58
10:14:01,10:14:01,11.29,--,9,10161,卖盘,2017-07-17,2017-07-17 10:14:01
10:14:07,10:14:07,11.29,--,35,39515,买盘,2017-07-17,2017-07-17 10:14:07
10:14:13,10:14:13,11.28,-0.01,302,340656,卖盘,2017-07-17,2017-07-17 10:14:13
10:14:25,10:14:25,11.27,-0.01,47,52969,卖盘,2017-07-17,2017-07-17 10:14:25
10:14:28,10:14:28,11.27,--,62,69874,卖盘,2017-07-17,2017-07-17 10:14:28
10:14:31,10:14:31,11.27,--,26,29302,卖盘,2017-07-17,2017-07-17 10:14:31
10:14:34,10:14:34,11.26,-0.01,189,212814,卖盘,2017-07-17,2017-07-17 10:14:34
10:14:37,10:14:37,11.28,0.02,434,489552,买盘,2017-07-17,2017-07-17 10:14:37
10:14:40,10:14:40,11.28,--,9,10152,卖盘,2017-07-17,2017-07-17 10:14:40
10:14:46,10:14:46,11.28,--,20,22560,卖盘,2017-07-17,2017-07-17 10:14:46
10:14:49,10:14:49,11.28,--,39,43992,卖盘,2017-07-17,2017-07-17 10:14:49
10:14:58,10:14:58,11.28,--,110,124080,买盘,2017-07-17,2017-07-17 10:14:58
10:15:01,10:15:01,11.27,-0.01,1,1127,卖盘,2017-07-17,2017-07-17 10:15:01
10:15:07,10:15:07,11.27,--,59,66493,卖盘,2017-07-17,2017-07-17 10:15:07
10:15:11,10:15:11,11.27,--,209,235543,卖盘,2017-07-17,2017-07-17 10:15:11
10:15:14,10:15:14,11.27,--,2,2254,买盘,2017-07-17,2017-07-17 10:15:14
10:15:20,10:15:20,11.27,--,16,18032,买盘,2017-07-17,2017-07-17 10:15:20
10:15:25,10:15:25,11.27,--,0,0,买盘,2017-07-17,2017-07-17 10:15:25
10:15:32,10:15:32,11.26,-0.01,2,2252,买盘,2017-07-17,2017-07-17 10:15:32
10:15:37,10:15:37,11.25,-0.01,10,11250,卖盘,2017-07-17,2017-07-17 10:15:37
10:15:40,10:15:40,11.25,--,30,33750,卖盘,2017-07-17,2017-07-17 10:15:40
10:15:44,10:15:44,11.25,--,13,14625,卖盘,2017-07-17,2017-07-17 10:15:44
10:15:47,10:15:47,11.25,--,23,25875,卖盘,2017-07-17,2017-07-17 10:15:47
10:15:49,10:15:49,11.25,--,2,2250,中性盘,2017-07-17,2017-07-17 10:15:49
10:16:02,10:16:02,11.24,-0.01,142,159608,卖盘,2017-07-17,2017-07-17 10:16:02
10:16:05,10:16:05,11.25,0.01,43,48375,买盘,2017-07-17,2017-07-17 10:16:05
10:16:11,10:16:11,11.25,--,170,191250,卖盘,2017-07-17,2017-07-17 10:16:11
10:16:13,10:16:13,11.25,--,7,7875,卖盘,2017-07-17,2017-07-17 10:16:13
10:16:17,10:16:17,11.27,0.02,141,158907,买盘,2017-07-17,2017-07-17 10:16:17
10:16:20,10:16:20,11.27,--,0,0,买盘,2017-07-17,2017-07-17 10:16:20
10:16:32,10:16:32,11.25,-0.02,99,111375,买盘,2017-07-17,2017-07-17 10:16:32
10:16:35,10:16:35,11.25,--,4,4500,买盘,2017-07-17,2017-07-17 10:16:35
10:16:38,10:16:38,11.23,-0.02,1,1123,卖盘,2017-07-17,2017-07-17 10:16:38
10:16:40,10:16:40,11.23,--,110,123530,卖盘,2017-07-17,2017-07-17 10:16:40
10:16:44,10:16:44,11.25,0.02,127,142875,买盘,2017-07-17,2017-07-17 10:16:44
10:16:47,10:16:47,11.25,--,0,0,买盘,2017-07-17,2017-07-17 10:16:47
10:16:53,10:16:53,11.23,-0.02,107,120161,卖盘,2017-07-17,2017-07-17 10:16:53
10:16:56,10:16:56,11.24,0.01,36,40464,买盘,2017-07-17,2017-07-17 10:16:56
10:17:02,10:17:02,11.23,-0.01,70,78610,卖盘,2017-07-17,2017-07-17 10:17:02
10:17:05,10:17:05,11.25,0.02,76,85500,买盘,2017-07-17,2017-07-17 10:17:05
10:17:08,10:17:08,11.23,-0.02,51,57273,卖盘,2017-07-17,2017-07-17 10:17:08
10:17:14,10:17:14,11.23,--,3,3369,卖盘,2017-07-17,2017-07-17 10:17:14
10:17:22,10:17:22,11.23,--,108,121284,卖盘,2017-07-17,2017-07-17 10:17:22
10:17:26,10:17:26,11.23,--,59,66257,卖盘,2017-07-17,2017-07-17 10:17:26
10:17:29,10:17:29,11.23,--,37,41551,卖盘,2017-07-17,2017-07-17 10:17:29
10:17:35,10:17:35,11.27,0.04,99,111573,买盘,2017-07-17,2017-07-17 10:17:35
10:17:38,10:17:38,11.23,-0.04,40,44920,卖盘,2017-07-17,2017-07-17 10:17:38
10:17:47,10:17:47,11.23,--,128,143744,卖盘,2017-07-17,2017-07-17 10:17:47
10:17:50,10:17:50,11.22,-0.01,117,131274,卖盘,2017-07-17,2017-07-17 10:17:50
10:17:56,10:17:56,11.23,0.01,3,3369,买盘,2017-07-17,2017-07-17 10:17:56
10:17:59,10:17:59,11.29,0.06,126,142254,买盘,2017-07-17,2017-07-17 10:17:59
10:18:02,10:18:02,11.29,--,0,0,买盘,2017-07-17,2017-07-17 10:18:02
10:18:11,10:18:11,11.23,-0.06,60,67380,买盘,2017-07-17,2017-07-17 10:18:11
10:18:17,10:18:17,11.23,--,14,15722,卖盘,2017-07-17,2017-07-17 10:18:17
10:18:20,10:18:20,11.23,--,57,64011,卖盘,2017-07-17,2017-07-17 10:18:20
10:18:23,10:18:23,11.23,--,163,183049,卖盘,2017-07-17,2017-07-17 10:18:23
10:18:26,10:18:26,11.29,0.06,20,22580,买盘,2017-07-17,2017-07-17 10:18:26
10:18:29,10:18:29,11.29,--,0,0,买盘,2017-07-17,2017-07-17 10:18:29
10:18:32,10:18:32,11.28,-0.01,3,3384,卖盘,2017-07-17,2017-07-17 10:18:32
10:18:50,10:18:50,11.25,-0.03,2,2250,买盘,2017-07-17,2017-07-17 10:18:50
10:18:53,10:18:53,11.25,--,103,115875,卖盘,2017-07-17,2017-07-17 10:18:53
10:18:56,10:18:56,11.25,--,0,0,卖盘,2017-07-17,2017-07-17 10:18:56
10:19:05,10:19:05,11.25,--,157,176625,卖盘,2017-07-17,2017-07-17 10:19:05
10:19:11,10:19:11,11.3,0.05,110,124300,买盘,2017-07-17,2017-07-17 10:19:11
10:19:17,10:19:17,11.3,--,0,0,买盘,2017-07-17,2017-07-17 10:19:17
10:19:23,10:19:23,11.3,--,126,142380,买盘,2017-07-17,2017-07-17 10:19:23
10:19:32,10:19:32,11.33,0.03,99,112167,买盘,2017-07-17,2017-07-17 10:19:32
10:19:35,10:19:35,11.25,-0.08,196,220500,卖盘,2017-07-17,2017-07-17 10:19:35
10:19:38,10:19:38,11.25,--,199,223875,买盘,2017-07-17,2017-07-17 10:19:38
10:19:44,10:19:44,11.25,--,51,57375,买盘,2017-07-17,2017-07-17 10:19:44
10:19:47,10:19:47,11.25,--,70,78750,买盘,2017-07-17,2017-07-17 10:19:47
10:19:50,10:19:50,11.25,--,51,57375,买盘,2017-07-17,2017-07-17 10:19:50
10:20:02,10:20:02,11.28,0.03,4,4512,买盘,2017-07-17,2017-07-17 10:20:02
10:20:08,10:20:08,11.28,--,0,0,买盘,2017-07-17,2017-07-17 10:20:08
10:20:11,10:20:11,11.28,--,6,6768,买盘,2017-07-17,2017-07-17 10:20:11
10:20:14,10:20:14,11.26,-0.02,50,56300,卖盘,2017-07-17,2017-07-17 10:20:14
10:20:17,10:20:17,11.33,0.07,99,112167,买盘,2017-07-17,2017-07-17 10:20:17
10:20:20,10:20:20,11.33,--,0,0,买盘,2017-07-17,2017-07-17 10:20:20
10:20:23,10:20:23,11.28,-0.05,30,33840,卖盘,2017-07-17,2017-07-17 10:20:23
10:20:26,10:20:26,11.33,0.05,110,124630,买盘,2017-07-17,2017-07-17 10:20:26
10:20:32,10:20:32,11.33,--,0,0,买盘,2017-07-17,2017-07-17 10:20:32
10:20:41,10:20:41,11.3,-0.03,230,259900,卖盘,2017-07-17,2017-07-17 10:20:41
10:20:47,10:20:47,11.33,0.03,5,5665,卖盘,2017-07-17,2017-07-17 10:20:47
10:20:53,10:20:53,11.33,--,3,3399,买盘,2017-07-17,2017-07-17 10:20:53
10:20:56,10:20:56,11.33,--,0,0,买盘,2017-07-17,2017-07-17 10:20:56
10:20:59,10:20:59,11.33,--,20,22660,买盘,2017-07-17,2017-07-17 10:20:59
10:21:02,10:21:02,11.33,--,5,5665,买盘,2017-07-17,2017-07-17 10:21:02
10:21:05,10:21:05,11.31,-0.02,1,1131,卖盘,2017-07-17,2017-07-17 10:21:05
10:21:08,10:21:08,11.33,0.02,20,22660,买盘,2017-07-17,2017-07-17 10:21:08
10:21:14,10:21:14,11.33,--,8,9064,买盘,2017-07-17,2017-07-17 10:21:14
10:21:20,10:21:20,11.34,0.01,16,18144,买盘,2017-07-17,2017-07-17 10:21:20
10:21:23,10:21:23,11.34,--,1,1134,买盘,2017-07-17,2017-07-17 10:21:23
10:21:29,10:21:29,11.33,-0.01,22,24926,卖盘,2017-07-17,2017-07-17 10:21:29
10:21:38,10:21:38,11.33,--,100,113300,买盘,2017-07-17,2017-07-17 10:21:38
10:21:41,10:21:41,11.33,--,4,4532,买盘,2017-07-17,2017-07-17 10:21:41
10:21:47,10:21:47,11.33,--,0,0,买盘,2017-07-17,2017-07-17 10:21:47
10:21:56,10:21:56,11.33,--,10,11330,买盘,2017-07-17,2017-07-17 10:21:56
10:22:02,10:22:02,11.33,--,1,1133,买盘,2017-07-17,2017-07-17 10:22:02
10:22:08,10:22:08,11.32,-0.01,7,7924,卖盘,2017-07-17,2017-07-17 10:22:08
10:22:14,10:22:14,11.32,--,5,5660,买盘,2017-07-17,2017-07-17 10:22:14
10:22:26,10:22:26,11.31,-0.01,1,1131,卖盘,2017-07-17,2017-07-17 10:22:26
10:22:35,10:22:35,11.31,--,3,3393,卖盘,2017-07-17,2017-07-17 10:22:35
10:22:41,10:22:41,11.31,--,4,4524,卖盘,2017-07-17,2017-07-17 10:22:41
10:22:47,10:22:47,11.31,--,10,11310,卖盘,2017-07-17,2017-07-17 10:22:47
10:22:53,10:22:53,11.3,-0.01,28,31640,卖盘,2017-07-17,2017-07-17 10:22:53
10:22:59,10:22:59,11.32,0.02,71,80372,买盘,2017-07-17,2017-07-17 10:22:59
10:23:02,10:23:02,11.3,-0.02,30,33900,卖盘,2017-07-17,2017-07-17 10:23:02
10:23:11,10:23:11,11.3,--,9,10170,卖盘,2017-07-17,2017-07-17 10:23:11
10:23:14,10:23:14,11.32,0.02,35,39620,买盘,2017-07-17,2017-07-17 10:23:14
10:23:17,10:23:17,11.32,--,0,0,买盘,2017-07-17,2017-07-17 10:23:17
10:23:20,10:23:20,11.31,-0.01,10,11310,买盘,2017-07-17,2017-07-17 10:23:20
10:23:23,10:23:23,11.32,0.01,35,39620,买盘,2017-07-17,2017-07-17 10:23:23
10:23:26,10:23:26,11.32,--,19,21508,卖盘,2017-07-17,2017-07-17 10:23:26
10:23:41,10:23:41,11.33,0.01,7,7931,买盘,2017-07-17,2017-07-17 10:23:41
10:23:44,10:23:44,11.33,--,10,11330,买盘,2017-07-17,2017-07-17 10:23:44
10:23:53,10:23:53,11.32,-0.01,39,44148,卖盘,2017-07-17,2017-07-17 10:23:53
10:23:59,10:23:59,11.32,--,10,11320,买盘,2017-07-17,2017-07-17 10:23:59
10:24:02,10:24:02,11.32,--,31,35092,买盘,2017-07-17,2017-07-17 10:24:02
10:24:08,10:24:08,11.3,-0.02,2,2260,卖盘,2017-07-17,2017-07-17 10:24:08
10:24:12,10:24:12,11.32,0.02,8,9056,买盘,2017-07-17,2017-07-17 10:24:12
10:24:15,10:24:15,11.32,--,3,3396,买盘,2017-07-17,2017-07-17 10:24:15
10:24:17,10:24:17,11.32,--,12,13584,买盘,2017-07-17,2017-07-17 10:24:17
10:24:23,10:24:23,11.32,--,6,6792,卖盘,2017-07-17,2017-07-17 10:24:23
10:24:30,10:24:30,11.33,0.01,10,11330,买盘,2017-07-17,2017-07-17 10:24:30
10:24:36,10:24:36,11.32,-0.01,20,22640,卖盘,2017-07-17,2017-07-17 10:24:36
10:24:51,10:24:51,11.32,--,3,3396,卖盘,2017-07-17,2017-07-17 10:24:51
10:24:54,10:24:54,11.33,0.01,67,75911,买盘,2017-07-17,2017-07-17 10:24:54
10:24:57,10:24:57,11.33,--,19,21527,卖盘,2017-07-17,2017-07-17 10:24:57
10:25:00,10:25:00,11.33,--,5,5665,卖盘,2017-07-17,2017-07-17 10:25:00
10:25:09,10:25:09,11.34,0.01,2,2268,买盘,2017-07-17,2017-07-17 10:25:09
10:25:12,10:25:12,11.34,--,5,5670,买盘,2017-07-17,2017-07-17 10:25:12
10:25:15,10:25:15,11.33,-0.01,9,10197,卖盘,2017-07-17,2017-07-17 10:25:15
10:25:18,10:25:18,11.33,--,5,5665,买盘,2017-07-17,2017-07-17 10:25:18
10:25:24,10:25:24,11.33,--,9,10197,买盘,2017-07-17,2017-07-17 10:25:24
10:25:30,10:25:30,11.33,--,37,41921,买盘,2017-07-17,2017-07-17 10:25:30
10:25:33,10:25:33,11.33,--,5,5665,卖盘,2017-07-17,2017-07-17 10:25:33
10:25:57,10:25:57,11.33,--,5,5665,卖盘,2017-07-17,2017-07-17 10:25:57
10:26:06,10:26:06,11.33,--,25,28325,卖盘,2017-07-17,2017-07-17 10:26:06
10:26:09,10:26:09,11.33,--,3,3399,卖盘,2017-07-17,2017-07-17 10:26:09
10:26:21,10:26:21,11.33,--,16,18128,买盘,2017-07-17,2017-07-17 10:26:21
10:26:24,10:26:24,11.32,-0.01,27,30564,卖盘,2017-07-17,2017-07-17 10:26:24
10:26:33,10:26:33,11.33,0.01,3,3399,买盘,2017-07-17,2017-07-17 10:26:33
10:26:36,10:26:36,11.32,-0.01,32,36224,卖盘,2017-07-17,2017-07-17 10:26:36
10:26:45,10:26:45,11.32,--,1,1132,卖盘,2017-07-17,2017-07-17 10:26:45
10:26:48,10:26:48,11.33,0.01,16,18128,买盘,2017-07-17,2017-07-17 10:26:48
10:26:51,10:26:51,11.33,--,33,37389,买盘,2017-07-17,2017-07-17 10:26:51
10:26:54,10:26:54,11.32,-0.01,6,6792,卖盘,2017-07-17,2017-07-17 10:26:54
10:27:00,10:27:00,11.33,0.01,10,11330,中性盘,2017-07-17,2017-07-17 10:27:00
10:27:06,10:27:06,11.32,-0.01,2,2264,卖盘,2017-07-17,2017-07-17 10:27:06
10:27:18,10:27:18,11.32,--,1,1132,卖盘,2017-07-17,2017-07-17 10:27:18
10:27:36,10:27:36,11.33,0.01,3,3399,买盘,2017-07-17,2017-07-17 10:27:36
10:27:39,10:27:39,11.32,-0.01,17,19244,卖盘,2017-07-17,2017-07-17 10:27:39
10:27:42,10:27:42,11.34,0.02,99,112266,买盘,2017-07-17,2017-07-17 10:27:42
10:27:45,10:27:45,11.32,-0.02,55,62260,卖盘,2017-07-17,2017-07-17 10:27:45
10:27:48,10:27:48,11.32,--,10,11320,买盘,2017-07-17,2017-07-17 10:27:48
10:27:54,10:27:54,11.32,--,142,160744,买盘,2017-07-17,2017-07-17 10:27:54
10:28:03,10:28:03,11.32,--,2,2264,卖盘,2017-07-17,2017-07-17 10:28:03
10:28:06,10:28:06,11.34,0.02,99,112266,买盘,2017-07-17,2017-07-17 10:28:06
10:28:09,10:28:09,11.32,-0.02,5,5660,卖盘,2017-07-17,2017-07-17 10:28:09
10:28:12,10:28:12,11.32,--,0,0,卖盘,2017-07-17,2017-07-17 10:28:12
10:28:18,10:28:18,11.35,0.03,99,112365,买盘,2017-07-17,2017-07-17 10:28:18
10:28:24,10:28:24,11.35,--,0,0,买盘,2017-07-17,2017-07-17 10:28:24
10:28:27,10:28:27,11.35,--,36,40860,买盘,2017-07-17,2017-07-17 10:28:27
10:28:36,10:28:36,11.34,-0.01,100,113400,卖盘,2017-07-17,2017-07-17 10:28:36
10:28:51,10:28:51,11.37,0.03,99,112562,买盘,2017-07-17,2017-07-17 10:28:51
10:28:57,10:28:57,11.37,--,0,0,买盘,2017-07-17,2017-07-17 10:28:57
10:29:00,10:29:00,11.35,-0.02,17,19295,卖盘,2017-07-17,2017-07-17 10:29:00
10:29:03,10:29:03,11.35,--,0,0,卖盘,2017-07-17,2017-07-17 10:29:03
10:29:06,10:29:06,11.36,0.01,99,112464,买盘,2017-07-17,2017-07-17 10:29:06
10:29:12,10:29:12,11.35,-0.01,85,96475,卖盘,2017-07-17,2017-07-17 10:29:12
10:29:21,10:29:21,11.35,--,99,112365,买盘,2017-07-17,2017-07-17 10:29:21
10:29:24,10:29:24,11.35,--,2,2270,买盘,2017-07-17,2017-07-17 10:29:24
10:29:27,10:29:27,11.36,0.01,10,11360,买盘,2017-07-17,2017-07-17 10:29:27
10:29:30,10:29:30,11.35,-0.01,3,3405,卖盘,2017-07-17,2017-07-17 10:29:30
10:29:33,10:29:33,11.35,--,1,1135,卖盘,2017-07-17,2017-07-17 10:29:33
10:29:36,10:29:36,11.35,--,38,43130,买盘,2017-07-17,2017-07-17 10:29:36
10:29:45,10:29:45,11.34,-0.01,15,17010,卖盘,2017-07-17,2017-07-17 10:29:45
10:29:51,10:29:51,11.35,0.01,100,113500,买盘,2017-07-17,2017-07-17 10:29:51
10:29:57,10:29:57,11.34,-0.01,12,13608,卖盘,2017-07-17,2017-07-17 10:29:57
10:30:03,10:30:03,11.35,0.01,110,124850,买盘,2017-07-17,2017-07-17 10:30:03
10:30:06,10:30:06,11.35,--,10,11350,买盘,2017-07-17,2017-07-17 10:30:06
10:30:15,10:30:15,11.33,-0.02,3,3399,卖盘,2017-07-17,2017-07-17 10:30:15
10:30:18,10:30:18,11.33,--,12,13596,卖盘,2017-07-17,2017-07-17 10:30:18
10:30:21,10:30:21,11.35,0.02,7,7945,买盘,2017-07-17,2017-07-17 10:30:21
10:30:24,10:30:24,11.35,--,0,0,买盘,2017-07-17,2017-07-17 10:30:24
10:30:27,10:30:27,11.33,-0.02,18,20394,卖盘,2017-07-17,2017-07-17 10:30:27
10:30:36,10:30:36,11.33,--,6,6798,买盘,2017-07-17,2017-07-17 10:30:36
10:30:42,10:30:42,11.33,--,20,22660,买盘,2017-07-17,2017-07-17 10:30:42
10:30:49,10:30:49,11.32,-0.01,3,3396,卖盘,2017-07-17,2017-07-17 10:30:49
10:30:52,10:30:52,11.32,--,27,30564,卖盘,2017-07-17,2017-07-17 10:30:52
10:30:55,10:30:55,11.32,--,5,5660,买盘,2017-07-17,2017-07-17 10:30:55
10:31:04,10:31:04,11.32,--,50,56600,买盘,2017-07-17,2017-07-17 10:31:04
10:31:07,10:31:07,11.32,--,48,54336,买盘,2017-07-17,2017-07-17 10:31:07
10:31:13,10:31:13,11.32,--,1,1132,买盘,2017-07-17,2017-07-17 10:31:13
10:31:16,10:31:16,11.3,-0.02,17,19210,卖盘,2017-07-17,2017-07-17 10:31:16
10:31:31,10:31:31,11.3,--,20,22600,卖盘,2017-07-17,2017-07-17 10:31:31
10:31:34,10:31:34,11.3,--,71,80230,卖盘,2017-07-17,2017-07-17 10:31:34
10:31:40,10:31:40,11.3,--,17,19210,卖盘,2017-07-17,2017-07-17 10:31:40
10:31:43,10:31:43,11.32,0.02,99,112068,买盘,2017-07-17,2017-07-17 10:31:43
10:31:49,10:31:49,11.3,-0.02,10,11300,卖盘,2017-07-17,2017-07-17 10:31:49
10:31:55,10:31:55,11.31,0.01,1,1131,买盘,2017-07-17,2017-07-17 10:31:55
10:31:58,10:31:58,11.3,-0.01,100,113000,卖盘,2017-07-17,2017-07-17 10:31:58
10:32:01,10:32:01,11.3,--,13,14690,卖盘,2017-07-17,2017-07-17 10:32:01
10:32:10,10:32:10,11.32,0.02,35,39620,买盘,2017-07-17,2017-07-17 10:32:10
10:32:19,10:32:19,11.32,--,43,48676,卖盘,2017-07-17,2017-07-17 10:32:19
10:32:25,10:32:25,11.32,--,21,23772,卖盘,2017-07-17,2017-07-17 10:32:25
10:32:46,10:32:46,11.32,--,0,0,买盘,2017-07-17,2017-07-17 10:32:46
10:33:01,10:33:01,11.31,-0.01,70,79170,买盘,2017-07-17,2017-07-17 10:33:01
10:33:04,10:33:04,11.31,--,10,11310,买盘,2017-07-17,2017-07-17 10:33:04
10:33:07,10:33:07,11.31,--,4,4524,买盘,2017-07-17,2017-07-17 10:33:07
10:33:10,10:33:10,11.3,-0.01,46,51980,卖盘,2017-07-17,2017-07-17 10:33:10
10:33:13,10:33:13,11.31,0.01,10,11310,中性盘,2017-07-17,2017-07-17 10:33:13
10:33:22,10:33:22,11.31,--,15,16965,买盘,2017-07-17,2017-07-17 10:33:22
10:33:28,10:33:28,11.31,--,3,3393,卖盘,2017-07-17,2017-07-17 10:33:28
10:33:34,10:33:34,11.32,0.01,99,112068,买盘,2017-07-17,2017-07-17 10:33:34
10:33:43,10:33:43,11.31,-0.01,10,11310,卖盘,2017-07-17,2017-07-17 10:33:43
10:33:49,10:33:49,11.33,0.02,4,4532,买盘,2017-07-17,2017-07-17 10:33:49
10:33:55,10:33:55,11.33,--,50,56650,卖盘,2017-07-17,2017-07-17 10:33:55
10:34:07,10:34:07,11.32,-0.01,47,53204,卖盘,2017-07-17,2017-07-17 10:34:07
10:34:19,10:34:19,11.33,0.01,27,30591,买盘,2017-07-17,2017-07-17 10:34:19
10:34:25,10:34:25,11.33,--,12,13596,卖盘,2017-07-17,2017-07-17 10:34:25
10:34:29,10:34:29,11.33,--,20,22660,卖盘,2017-07-17,2017-07-17 10:34:29
10:34:31,10:34:31,11.33,--,17,19261,卖盘,2017-07-17,2017-07-17 10:34:31
10:34:50,10:34:50,11.33,--,24,27192,卖盘,2017-07-17,2017-07-17 10:34:50
10:34:59,10:34:59,11.34,0.01,5,5670,买盘,2017-07-17,2017-07-17 10:34:59
10:35:05,10:35:05,11.34,--,51,57834,买盘,2017-07-17,2017-07-17 10:35:05
10:35:08,10:35:08,11.33,-0.01,27,30591,卖盘,2017-07-17,2017-07-17 10:35:08
10:35:14,10:35:14,11.33,--,11,12463,卖盘,2017-07-17,2017-07-17 10:35:14
10:35:17,10:35:17,11.37,0.04,89,101193,买盘,2017-07-17,2017-07-17 10:35:17
10:35:23,10:35:23,11.34,-0.03,13,14742,卖盘,2017-07-17,2017-07-17 10:35:23
10:35:26,10:35:26,11.38,0.04,101,114938,买盘,2017-07-17,2017-07-17 10:35:26
10:35:35,10:35:35,11.38,--,0,0,买盘,2017-07-17,2017-07-17 10:35:35
10:35:38,10:35:38,11.38,--,58,66004,买盘,2017-07-17,2017-07-17 10:35:38
10:35:44,10:35:44,11.38,--,0,0,买盘,2017-07-17,2017-07-17 10:35:44
10:36:02,10:36:02,11.38,--,18,20484,买盘,2017-07-17,2017-07-17 10:36:02
10:36:08,10:36:08,11.38,--,149,169562,买盘,2017-07-17,2017-07-17 10:36:08
10:36:14,10:36:14,11.38,--,16,18208,买盘,2017-07-17,2017-07-17 10:36:14
10:36:17,10:36:17,11.39,0.01,90,102510,买盘,2017-07-17,2017-07-17 10:36:17
10:36:23,10:36:23,11.38,-0.01,110,125180,卖盘,2017-07-17,2017-07-17 10:36:23
10:36:26,10:36:26,11.38,--,9,10242,买盘,2017-07-17,2017-07-17 10:36:26
10:36:28,10:36:28,11.39,0.01,110,125290,买盘,2017-07-17,2017-07-17 10:36:28
10:36:41,10:36:41,11.38,-0.01,13,14794,买盘,2017-07-17,2017-07-17 10:36:41
10:36:50,10:36:50,11.38,--,146,166148,买盘,2017-07-17,2017-07-17 10:36:50
10:36:53,10:36:53,11.38,--,2,2276,买盘,2017-07-17,2017-07-17 10:36:53
10:36:56,10:36:56,11.39,0.01,8,9112,买盘,2017-07-17,2017-07-17 10:36:56
10:37:05,10:37:05,11.39,--,147,167433,买盘,2017-07-17,2017-07-17 10:37:05
10:37:08,10:37:08,11.39,--,0,0,买盘,2017-07-17,2017-07-17 10:37:08
10:37:20,10:37:20,11.38,-0.01,2,2276,买盘,2017-07-17,2017-07-17 10:37:20
10:37:23,10:37:23,11.38,--,4,4552,买盘,2017-07-17,2017-07-17 10:37:23
10:37:35,10:37:35,11.38,--,16,18208,买盘,2017-07-17,2017-07-17 10:37:35
10:37:38,10:37:38,11.38,--,11,12518,买盘,2017-07-17,2017-07-17 10:37:38
10:37:41,10:37:41,11.38,--,64,72832,买盘,2017-07-17,2017-07-17 10:37:41
10:37:44,10:37:44,11.38,--,27,30726,买盘,2017-07-17,2017-07-17 10:37:44
10:37:50,10:37:50,11.37,-0.01,20,22740,卖盘,2017-07-17,2017-07-17 10:37:50
10:37:56,10:37:56,11.38,0.01,10,11380,买盘,2017-07-17,2017-07-17 10:37:56
10:38:05,10:38:05,11.38,--,20,22760,买盘,2017-07-17,2017-07-17 10:38:05
10:38:08,10:38:08,11.37,-0.01,14,15917,卖盘,2017-07-17,2017-07-17 10:38:08
10:38:14,10:38:14,11.38,0.01,11,12518,买盘,2017-07-17,2017-07-17 10:38:14
10:38:17,10:38:17,11.38,--,35,39830,买盘,2017-07-17,2017-07-17 10:38:17
10:38:35,10:38:35,11.38,--,9,10242,卖盘,2017-07-17,2017-07-17 10:38:35
10:38:44,10:38:44,11.39,0.01,13,14807,买盘,2017-07-17,2017-07-17 10:38:44
10:38:47,10:38:47,11.39,--,87,99093,买盘,2017-07-17,2017-07-17 10:38:47
10:38:59,10:38:59,11.41,0.02,98,111818,买盘,2017-07-17,2017-07-17 10:38:59
10:39:02,10:39:02,11.39,-0.02,10,11390,卖盘,2017-07-17,2017-07-17 10:39:02
10:39:11,10:39:11,11.42,0.03,10,11420,买盘,2017-07-17,2017-07-17 10:39:11
10:39:14,10:39:14,11.42,--,0,0,买盘,2017-07-17,2017-07-17 10:39:14
10:39:23,10:39:23,11.4,-0.02,5,5700,卖盘,2017-07-17,2017-07-17 10:39:23
10:39:35,10:39:35,11.4,--,7,7980,买盘,2017-07-17,2017-07-17 10:39:35
10:39:47,10:39:47,11.41,0.01,65,74165,买盘,2017-07-17,2017-07-17 10:39:47
10:39:50,10:39:50,11.41,--,5,5705,卖盘,2017-07-17,2017-07-17 10:39:50
10:39:53,10:39:53,11.41,--,51,58191,卖盘,2017-07-17,2017-07-17 10:39:53
10:39:56,10:39:56,11.41,--,134,152894,买盘,2017-07-17,2017-07-17 10:39:56
10:39:59,10:39:59,11.39,-0.02,12,13668,卖盘,2017-07-17,2017-07-17 10:39:59
10:40:05,10:40:05,11.42,0.03,99,113058,买盘,2017-07-17,2017-07-17 10:40:05
10:40:08,10:40:08,11.4,-0.02,40,45600,卖盘,2017-07-17,2017-07-17 10:40:08
10:40:14,10:40:14,11.4,--,122,139080,买盘,2017-07-17,2017-07-17 10:40:14
10:40:23,10:40:23,11.39,-0.01,104,118456,卖盘,2017-07-17,2017-07-17 10:40:23
10:40:32,10:40:32,11.39,--,168,191352,卖盘,2017-07-17,2017-07-17 10:40:32
10:40:38,10:40:38,11.39,--,43,48977,买盘,2017-07-17,2017-07-17 10:40:38
10:40:44,10:40:44,11.39,--,31,35309,买盘,2017-07-17,2017-07-17 10:40:44
10:40:50,10:40:50,11.39,--,60,68340,卖盘,2017-07-17,2017-07-17 10:40:50
10:40:56,10:40:56,11.4,0.01,49,55860,买盘,2017-07-17,2017-07-17 10:40:56
10:40:59,10:40:59,11.39,-0.01,46,52394,卖盘,2017-07-17,2017-07-17 10:40:59
10:41:17,10:41:17,11.39,--,190,216410,卖盘,2017-07-17,2017-07-17 10:41:17
10:41:20,10:41:20,11.39,--,1,1139,卖盘,2017-07-17,2017-07-17 10:41:20
10:41:29,10:41:29,11.39,--,5,5695,买盘,2017-07-17,2017-07-17 10:41:29
10:41:35,10:41:35,11.39,--,0,0,中性盘,2017-07-17,2017-07-17 10:41:35
10:41:44,10:41:44,11.39,--,7,7973,卖盘,2017-07-17,2017-07-17 10:41:44
10:41:56,10:41:56,11.38,-0.01,109,124042,卖盘,2017-07-17,2017-07-17 10:41:56
10:42:05,10:42:05,11.38,--,6,6828,卖盘,2017-07-17,2017-07-17 10:42:05
10:42:08,10:42:08,11.38,--,33,37554,卖盘,2017-07-17,2017-07-17 10:42:08
10:42:11,10:42:11,11.38,--,33,37554,卖盘,2017-07-17,2017-07-17 10:42:11
10:42:14,10:42:14,11.39,0.01,98,111622,买盘,2017-07-17,2017-07-17 10:42:14
10:42:20,10:42:20,11.37,-0.02,26,29561,卖盘,2017-07-17,2017-07-17 10:42:20
10:42:29,10:42:29,11.37,--,12,13643,卖盘,2017-07-17,2017-07-17 10:42:29
10:42:35,10:42:35,11.37,--,20,22740,卖盘,2017-07-17,2017-07-17 10:42:35
10:42:38,10:42:38,11.38,0.01,44,50072,买盘,2017-07-17,2017-07-17 10:42:38
10:42:44,10:42:44,11.38,--,5,5690,卖盘,2017-07-17,2017-07-17 10:42:44
10:42:59,10:42:59,11.38,--,4,4552,卖盘,2017-07-17,2017-07-17 10:42:59
10:43:05,10:43:05,11.39,0.01,130,148070,买盘,2017-07-17,2017-07-17 10:43:05
10:43:11,10:43:11,11.39,--,10,11390,买盘,2017-07-17,2017-07-17 10:43:11
10:43:17,10:43:17,11.39,--,62,70618,买盘,2017-07-17,2017-07-17 10:43:17
10:43:23,10:43:23,11.39,--,37,42143,卖盘,2017-07-17,2017-07-17 10:43:23
10:43:29,10:43:29,11.39,--,20,22780,买盘,2017-07-17,2017-07-17 10:43:29
10:43:32,10:43:32,11.39,--,15,17085,卖盘,2017-07-17,2017-07-17 10:43:32
10:43:35,10:43:35,11.38,-0.01,2,2276,卖盘,2017-07-17,2017-07-17 10:43:35
10:43:47,10:43:47,11.39,0.01,1,1139,买盘,2017-07-17,2017-07-17 10:43:47
10:43:50,10:43:50,11.38,-0.01,17,19346,卖盘,2017-07-17,2017-07-17 10:43:50
10:43:56,10:43:56,11.39,0.01,3,3417,买盘,2017-07-17,2017-07-17 10:43:56
10:44:03,10:44:03,11.39,--,109,124151,买盘,2017-07-17,2017-07-17 10:44:03
10:44:09,10:44:09,11.39,--,82,93398,买盘,2017-07-17,2017-07-17 10:44:09
10:44:15,10:44:15,11.38,-0.01,45,51210,卖盘,2017-07-17,2017-07-17 10:44:15
10:44:18,10:44:18,11.38,--,11,12518,卖盘,2017-07-17,2017-07-17 10:44:18
10:44:21,10:44:21,11.4,0.02,99,112860,买盘,2017-07-17,2017-07-17 10:44:21
10:44:24,10:44:24,11.38,-0.02,40,45520,卖盘,2017-07-17,2017-07-17 10:44:24
10:44:36,10:44:36,11.38,--,24,27312,买盘,2017-07-17,2017-07-17 10:44:36
10:44:48,10:44:48,11.38,--,21,23898,卖盘,2017-07-17,2017-07-17 10:44:48
10:44:51,10:44:51,11.38,--,2,2276,卖盘,2017-07-17,2017-07-17 10:44:51
10:45:00,10:45:00,11.39,0.01,71,80869,买盘,2017-07-17,2017-07-17 10:45:00
10:45:03,10:45:03,11.39,--,34,38726,卖盘,2017-07-17,2017-07-17 10:45:03
10:45:09,10:45:09,11.39,--,39,44421,卖盘,2017-07-17,2017-07-17 10:45:09
10:45:15,10:45:15,11.37,-0.02,64,72768,卖盘,2017-07-17,2017-07-17 10:45:15
10:45:36,10:45:36,11.37,--,52,59123,买盘,2017-07-17,2017-07-17 10:45:36
10:45:39,10:45:39,11.37,--,2,2274,卖盘,2017-07-17,2017-07-17 10:45:39
10:45:42,10:45:42,11.37,--,4,4548,卖盘,2017-07-17,2017-07-17 10:45:42
10:45:45,10:45:45,11.37,--,3,3410,卖盘,2017-07-17,2017-07-17 10:45:45
10:45:48,10:45:48,11.37,--,15,17055,卖盘,2017-07-17,2017-07-17 10:45:48
10:45:51,10:45:51,11.4,0.03,99,112860,买盘,2017-07-17,2017-07-17 10:45:51
10:45:54,10:45:54,11.37,-0.03,5,5685,卖盘,2017-07-17,2017-07-17 10:45:54
10:45:57,10:45:57,11.37,--,10,11370,卖盘,2017-07-17,2017-07-17 10:45:57
10:46:03,10:46:03,11.38,0.01,20,22760,买盘,2017-07-17,2017-07-17 10:46:03
10:46:12,10:46:12,11.38,--,4,4552,卖盘,2017-07-17,2017-07-17 10:46:12
10:46:21,10:46:21,11.38,--,29,33002,卖盘,2017-07-17,2017-07-17 10:46:21
10:46:36,10:46:36,11.38,--,5,5690,买盘,2017-07-17,2017-07-17 10:46:36
10:46:42,10:46:42,11.37,-0.01,110,125069,卖盘,2017-07-17,2017-07-17 10:46:42
10:46:48,10:46:48,11.37,--,0,0,中性盘,2017-07-17,2017-07-17 10:46:48
10:47:00,10:47:00,11.37,--,14,15917,买盘,2017-07-17,2017-07-17 10:47:00
10:47:09,10:47:09,11.36,-0.01,4,4544,卖盘,2017-07-17,2017-07-17 10:47:09
10:47:18,10:47:18,11.37,0.01,50,56849,买盘,2017-07-17,2017-07-17 10:47:18
10:47:27,10:47:27,11.36,-0.01,58,65888,卖盘,2017-07-17,2017-07-17 10:47:27
10:47:30,10:47:30,11.36,--,3,3408,卖盘,2017-07-17,2017-07-17 10:47:30
10:47:42,10:47:42,11.36,--,10,11360,卖盘,2017-07-17,2017-07-17 10:47:42
10:47:45,10:47:45,11.36,--,140,159040,卖盘,2017-07-17,2017-07-17 10:47:45
10:47:48,10:47:48,11.37,0.01,99,112562,买盘,2017-07-17,2017-07-17 10:47:48
10:47:54,10:47:54,11.37,--,0,0,买盘,2017-07-17,2017-07-17 10:47:54
10:48:03,10:48:03,11.35,-0.02,14,15890,卖盘,2017-07-17,2017-07-17 10:48:03
10:48:06,10:48:06,11.36,0.01,83,94288,买盘,2017-07-17,2017-07-17 10:48:06
10:48:09,10:48:09,11.34,-0.02,303,343602,卖盘,2017-07-17,2017-07-17 10:48:09
10:48:21,10:48:21,11.34,--,0,0,卖盘,2017-07-17,2017-07-17 10:48:21
10:48:24,10:48:24,11.35,0.01,2,2270,卖盘,2017-07-17,2017-07-17 10:48:24
10:48:30,10:48:30,11.35,--,0,0,卖盘,2017-07-17,2017-07-17 10:48:30
10:48:33,10:48:33,11.35,--,5,5675,卖盘,2017-07-17,2017-07-17 10:48:33
10:48:39,10:48:39,11.35,--,50,56750,卖盘,2017-07-17,2017-07-17 10:48:39
10:48:42,10:48:42,11.35,--,4,4540,卖盘,2017-07-17,2017-07-17 10:48:42
10:48:54,10:48:54,11.35,--,1,1135,卖盘,2017-07-17,2017-07-17 10:48:54
10:49:03,10:49:03,11.35,--,1,1135,卖盘,2017-07-17,2017-07-17 10:49:03
10:49:09,10:49:09,11.35,--,5,5675,卖盘,2017-07-17,2017-07-17 10:49:09
10:49:15,10:49:15,11.37,0.02,108,122795,买盘,2017-07-17,2017-07-17 10:49:15
10:49:21,10:49:21,11.37,--,0,0,买盘,2017-07-17,2017-07-17 10:49:21
10:49:27,10:49:27,11.38,0.01,99,112662,买盘,2017-07-17,2017-07-17 10:49:27
10:49:54,10:49:54,11.36,-0.02,5,5680,卖盘,2017-07-17,2017-07-17 10:49:54
10:50:00,10:50:00,11.36,--,0,0,卖盘,2017-07-17,2017-07-17 10:50:00
10:50:06,10:50:06,11.38,0.02,44,50072,买盘,2017-07-17,2017-07-17 10:50:06
10:50:22,10:50:22,11.35,-0.03,52,59020,卖盘,2017-07-17,2017-07-17 10:50:22
10:50:28,10:50:28,11.35,--,0,0,卖盘,2017-07-17,2017-07-17 10:50:28
10:50:43,10:50:43,11.36,0.01,1,1136,买盘,2017-07-17,2017-07-17 10:50:43
10:50:45,10:50:45,11.35,-0.01,34,38590,卖盘,2017-07-17,2017-07-17 10:50:45
10:50:49,10:50:49,11.35,--,35,39725,卖盘,2017-07-17,2017-07-17 10:50:49
10:50:55,10:50:55,11.35,--,5,5675,卖盘,2017-07-17,2017-07-17 10:50:55
10:50:58,10:50:58,11.35,--,20,22700,卖盘,2017-07-17,2017-07-17 10:50:58
10:51:10,10:51:10,11.36,0.01,98,111328,买盘,2017-07-17,2017-07-17 10:51:10
10:51:19,10:51:19,11.35,-0.01,5,5675,卖盘,2017-07-17,2017-07-17 10:51:19
10:51:34,10:51:34,11.38,0.03,99,112662,买盘,2017-07-17,2017-07-17 10:51:34
10:51:43,10:51:43,11.35,-0.03,105,119175,卖盘,2017-07-17,2017-07-17 10:51:43
10:51:49,10:51:49,11.35,--,0,0,卖盘,2017-07-17,2017-07-17 10:51:49
10:51:55,10:51:55,11.35,--,21,23835,卖盘,2017-07-17,2017-07-17 10:51:55
10:52:04,10:52:04,11.35,--,3,3405,卖盘,2017-07-17,2017-07-17 10:52:04
10:52:07,10:52:07,11.35,--,25,28375,卖盘,2017-07-17,2017-07-17 10:52:07
10:52:10,10:52:10,11.35,--,25,28375,卖盘,2017-07-17,2017-07-17 10:52:10
10:52:13,10:52:13,11.35,--,0,0,卖盘,2017-07-17,2017-07-17 10:52:13
10:52:40,10:52:40,11.36,0.01,1,1136,卖盘,2017-07-17,2017-07-17 10:52:40
10:53:07,10:53:07,11.36,--,3,3408,买盘,2017-07-17,2017-07-17 10:53:07
10:53:19,10:53:19,11.36,--,15,17040,买盘,2017-07-17,2017-07-17 10:53:19
10:53:25,10:53:25,11.35,-0.01,50,56750,卖盘,2017-07-17,2017-07-17 10:53:25
10:53:43,10:53:43,11.35,--,100,113500,卖盘,2017-07-17,2017-07-17 10:53:43
10:53:46,10:53:46,11.35,--,100,113500,卖盘,2017-07-17,2017-07-17 10:53:46
10:53:55,10:53:55,11.36,0.01,68,77248,买盘,2017-07-17,2017-07-17 10:53:55
10:54:04,10:54:04,11.36,--,191,216976,买盘,2017-07-17,2017-07-17 10:54:04
10:54:07,10:54:07,11.36,--,0,0,买盘,2017-07-17,2017-07-17 10:54:07
10:54:13,10:54:13,11.35,-0.01,8,9080,买盘,2017-07-17,2017-07-17 10:54:13
10:54:16,10:54:16,11.35,--,99,112365,买盘,2017-07-17,2017-07-17 10:54:16
10:54:29,10:54:29,11.35,--,65,73775,买盘,2017-07-17,2017-07-17 10:54:29
10:54:32,10:54:32,11.33,-0.02,200,226600,卖盘,2017-07-17,2017-07-17 10:54:32
10:54:35,10:54:35,11.34,0.01,1,1134,卖盘,2017-07-17,2017-07-17 10:54:35
10:54:53,10:54:53,11.34,--,23,26082,买盘,2017-07-17,2017-07-17 10:54:53
10:54:56,10:54:56,11.34,--,3,3402,卖盘,2017-07-17,2017-07-17 10:54:56
10:54:59,10:54:59,11.34,--,1,1134,卖盘,2017-07-17,2017-07-17 10:54:59
10:55:13,10:55:13,11.34,--,39,44226,卖盘,2017-07-17,2017-07-17 10:55:13
10:55:17,10:55:17,11.34,--,53,60102,卖盘,2017-07-17,2017-07-17 10:55:17
10:55:23,10:55:23,11.34,--,28,31752,卖盘,2017-07-17,2017-07-17 10:55:23
10:55:29,10:55:29,11.34,--,7,7938,卖盘,2017-07-17,2017-07-17 10:55:29
10:55:32,10:55:32,11.34,--,41,46494,卖盘,2017-07-17,2017-07-17 10:55:32
10:55:35,10:55:35,11.34,--,100,113400,卖盘,2017-07-17,2017-07-17 10:55:35
10:55:41,10:55:41,11.34,--,4,4536,卖盘,2017-07-17,2017-07-17 10:55:41
10:55:47,10:55:47,11.34,--,1,1134,卖盘,2017-07-17,2017-07-17 10:55:47
10:55:50,10:55:50,11.35,0.01,113,128255,买盘,2017-07-17,2017-07-17 10:55:50
10:55:56,10:55:56,11.35,--,19,21565,卖盘,2017-07-17,2017-07-17 10:55:56
10:56:05,10:56:05,11.35,--,20,22700,卖盘,2017-07-17,2017-07-17 10:56:05
10:56:08,10:56:08,11.35,--,58,65830,卖盘,2017-07-17,2017-07-17 10:56:08
10:56:20,10:56:20,11.35,--,0,0,中性盘,2017-07-17,2017-07-17 10:56:20
10:56:23,10:56:23,11.35,--,6,6810,卖盘,2017-07-17,2017-07-17 10:56:23
10:56:26,10:56:26,11.35,--,10,11350,卖盘,2017-07-17,2017-07-17 10:56:26
10:56:35,10:56:35,11.35,--,100,113500,卖盘,2017-07-17,2017-07-17 10:56:35
10:56:38,10:56:38,11.36,0.01,57,64752,买盘,2017-07-17,2017-07-17 10:56:38
10:56:44,10:56:44,11.36,--,0,0,中性盘,2017-07-17,2017-07-17 10:56:44
10:56:56,10:56:56,11.34,-0.02,391,443394,卖盘,2017-07-17,2017-07-17 10:56:56
10:57:02,10:57:02,11.34,--,5,5670,买盘,2017-07-17,2017-07-17 10:57:02
10:57:08,10:57:08,11.34,--,8,9072,买盘,2017-07-17,2017-07-17 10:57:08
10:57:17,10:57:17,11.34,--,0,0,卖盘,2017-07-17,2017-07-17 10:57:17
10:57:20,10:57:20,11.34,--,3,3402,卖盘,2017-07-17,2017-07-17 10:57:20
10:57:23,10:57:23,11.34,--,7,7938,卖盘,2017-07-17,2017-07-17 10:57:23
10:57:41,10:57:41,11.34,--,5,5670,卖盘,2017-07-17,2017-07-17 10:57:41
10:57:53,10:57:53,11.34,--,10,11340,卖盘,2017-07-17,2017-07-17 10:57:53
10:57:59,10:57:59,11.34,--,39,44226,卖盘,2017-07-17,2017-07-17 10:57:59
10:58:02,10:58:02,11.36,0.02,4,4544,买盘,2017-07-17,2017-07-17 10:58:02
10:58:08,10:58:08,11.34,-0.02,200,226800,卖盘,2017-07-17,2017-07-17 10:58:08
10:58:32,10:58:32,11.34,--,43,48762,卖盘,2017-07-17,2017-07-17 10:58:32
10:58:35,10:58:35,11.34,--,68,77112,卖盘,2017-07-17,2017-07-17 10:58:35
10:58:41,10:58:41,11.34,--,30,34020,卖盘,2017-07-17,2017-07-17 10:58:41
10:58:44,10:58:44,11.34,--,34,38556,卖盘,2017-07-17,2017-07-17 10:58:44
10:58:47,10:58:47,11.34,--,7,7938,卖盘,2017-07-17,2017-07-17 10:58:47
10:58:53,10:58:53,11.34,--,15,17010,卖盘,2017-07-17,2017-07-17 10:58:53
10:58:56,10:58:56,11.34,--,20,22680,卖盘,2017-07-17,2017-07-17 10:58:56
10:59:02,10:59:02,11.34,--,47,53298,卖盘,2017-07-17,2017-07-17 10:59:02
10:59:23,10:59:23,11.33,-0.01,25,28325,卖盘,2017-07-17,2017-07-17 10:59:23
10:59:29,10:59:29,11.32,-0.01,13,14716,卖盘,2017-07-17,2017-07-17 10:59:29
10:59:38,10:59:38,11.32,--,13,14716,卖盘,2017-07-17,2017-07-17 10:59:38
10:59:41,10:59:41,11.32,--,10,11320,卖盘,2017-07-17,2017-07-17 10:59:41
10:59:44,10:59:44,11.32,--,1,1132,卖盘,2017-07-17,2017-07-17 10:59:44
10:59:50,10:59:50,11.32,--,40,45280,卖盘,2017-07-17,2017-07-17 10:59:50
10:59:53,10:59:53,11.32,--,23,26036,卖盘,2017-07-17,2017-07-17 10:59:53
10:59:56,10:59:56,11.32,--,7,7924,卖盘,2017-07-17,2017-07-17 10:59:56
10:59:59,10:59:59,11.32,--,92,104144,卖盘,2017-07-17,2017-07-17 10:59:59
11:00:14,11:00:14,11.31,-0.01,9,10179,卖盘,2017-07-17,2017-07-17 11:00:14
11:00:32,11:00:32,11.31,--,6,6786,卖盘,2017-07-17,2017-07-17 11:00:32
11:00:38,11:00:38,11.31,--,41,46371,卖盘,2017-07-17,2017-07-17 11:00:38
11:00:53,11:00:53,11.32,0.01,50,56600,买盘,2017-07-17,2017-07-17 11:00:53
11:00:56,11:00:56,11.31,-0.01,41,46371,卖盘,2017-07-17,2017-07-17 11:00:56
11:00:59,11:00:59,11.31,--,24,27144,卖盘,2017-07-17,2017-07-17 11:00:59
11:01:05,11:01:05,11.32,0.01,1,1132,买盘,2017-07-17,2017-07-17 11:01:05
11:01:14,11:01:14,11.32,--,32,36224,买盘,2017-07-17,2017-07-17 11:01:14
11:01:17,11:01:17,11.31,-0.01,50,56550,卖盘,2017-07-17,2017-07-17 11:01:17
11:01:26,11:01:26,11.31,--,10,11310,卖盘,2017-07-17,2017-07-17 11:01:26
11:01:47,11:01:47,11.31,--,25,28275,卖盘,2017-07-17,2017-07-17 11:01:47
11:01:59,11:01:59,11.32,0.01,1,1132,买盘,2017-07-17,2017-07-17 11:01:59
11:02:05,11:02:05,11.31,-0.01,10,11310,卖盘,2017-07-17,2017-07-17 11:02:05
11:02:23,11:02:23,11.32,0.01,8,9056,买盘,2017-07-17,2017-07-17 11:02:23
11:02:26,11:02:26,11.31,-0.01,25,28275,卖盘,2017-07-17,2017-07-17 11:02:26
11:02:44,11:02:44,11.32,0.01,10,11320,买盘,2017-07-17,2017-07-17 11:02:44
11:02:47,11:02:47,11.32,--,9,10188,卖盘,2017-07-17,2017-07-17 11:02:47
11:02:56,11:02:56,11.32,--,22,24904,卖盘,2017-07-17,2017-07-17 11:02:56
11:02:59,11:02:59,11.33,0.01,7,7931,买盘,2017-07-17,2017-07-17 11:02:59
11:03:02,11:03:02,11.33,--,30,33990,买盘,2017-07-17,2017-07-17 11:03:02
11:03:11,11:03:11,11.32,-0.01,21,23772,卖盘,2017-07-17,2017-07-17 11:03:11
11:03:17,11:03:17,11.31,-0.01,103,116493,卖盘,2017-07-17,2017-07-17 11:03:17
11:03:20,11:03:20,11.31,--,3,3393,买盘,2017-07-17,2017-07-17 11:03:20
11:03:44,11:03:44,11.33,0.02,81,91773,买盘,2017-07-17,2017-07-17 11:03:44
11:03:56,11:03:56,11.33,--,5,5665,买盘,2017-07-17,2017-07-17 11:03:56
11:04:11,11:04:11,11.32,-0.01,39,44148,卖盘,2017-07-17,2017-07-17 11:04:11
11:04:20,11:04:20,11.33,0.01,131,148423,买盘,2017-07-17,2017-07-17 11:04:20
11:04:26,11:04:26,11.34,0.01,60,68040,买盘,2017-07-17,2017-07-17 11:04:26
11:04:44,11:04:44,11.33,-0.01,30,33990,卖盘,2017-07-17,2017-07-17 11:04:44
11:04:50,11:04:50,11.36,0.03,11,12496,买盘,2017-07-17,2017-07-17 11:04:50
11:05:02,11:05:02,11.36,--,10,11360,买盘,2017-07-17,2017-07-17 11:05:02
11:05:05,11:05:05,11.36,--,4,4544,买盘,2017-07-17,2017-07-17 11:05:05
11:05:08,11:05:08,11.36,--,12,13632,买盘,2017-07-17,2017-07-17 11:05:08
11:05:12,11:05:12,11.36,--,10,11360,卖盘,2017-07-17,2017-07-17 11:05:12
11:05:18,11:05:18,11.37,0.01,31,35247,买盘,2017-07-17,2017-07-17 11:05:18
11:05:29,11:05:29,11.37,--,8,9096,买盘,2017-07-17,2017-07-17 11:05:29
11:05:39,11:05:39,11.37,--,16,18192,买盘,2017-07-17,2017-07-17 11:05:39
11:05:42,11:05:42,11.37,--,13,14780,买盘,2017-07-17,2017-07-17 11:05:42
11:06:12,11:06:12,11.37,--,1,1137,卖盘,2017-07-17,2017-07-17 11:06:12
11:06:30,11:06:30,11.37,--,18,20466,卖盘,2017-07-17,2017-07-17 11:06:30
11:06:33,11:06:33,11.37,--,8,9096,买盘,2017-07-17,2017-07-17 11:06:33
11:06:36,11:06:36,11.37,--,15,17055,买盘,2017-07-17,2017-07-17 11:06:36
11:06:51,11:06:51,11.37,--,10,11370,买盘,2017-07-17,2017-07-17 11:06:51
11:06:54,11:06:54,11.37,--,51,57986,买盘,2017-07-17,2017-07-17 11:06:54
11:06:57,11:06:57,11.37,--,10,11370,买盘,2017-07-17,2017-07-17 11:06:57
11:07:00,11:07:00,11.37,--,4,4548,买盘,2017-07-17,2017-07-17 11:07:00
11:07:06,11:07:06,11.36,-0.01,12,13632,卖盘,2017-07-17,2017-07-17 11:07:06
11:07:15,11:07:15,11.36,--,4,4544,卖盘,2017-07-17,2017-07-17 11:07:15
11:07:18,11:07:18,11.34,-0.02,67,75978,卖盘,2017-07-17,2017-07-17 11:07:18
11:07:39,11:07:39,11.34,--,11,12474,买盘,2017-07-17,2017-07-17 11:07:39
11:07:48,11:07:48,11.31,-0.03,276,312156,卖盘,2017-07-17,2017-07-17 11:07:48
11:08:21,11:08:21,11.34,0.03,7,7938,卖盘,2017-07-17,2017-07-17 11:08:21
11:08:27,11:08:27,11.34,--,1,1134,卖盘,2017-07-17,2017-07-17 11:08:27
11:08:33,11:08:33,11.34,--,0,0,卖盘,2017-07-17,2017-07-17 11:08:33
11:08:39,11:08:39,11.31,-0.03,30,33930,卖盘,2017-07-17,2017-07-17 11:08:39
11:08:42,11:08:42,11.31,--,0,0,卖盘,2017-07-17,2017-07-17 11:08:42
11:08:48,11:08:48,11.3,-0.01,276,311880,卖盘,2017-07-17,2017-07-17 11:08:48
11:08:57,11:08:57,11.3,--,0,0,卖盘,2017-07-17,2017-07-17 11:08:57
11:09:06,11:09:06,11.31,0.01,6,6786,卖盘,2017-07-17,2017-07-17 11:09:06
11:09:30,11:09:30,11.31,--,0,0,卖盘,2017-07-17,2017-07-17 11:09:30
11:09:57,11:09:57,11.31,--,22,24882,卖盘,2017-07-17,2017-07-17 11:09:57
11:10:00,11:10:00,11.31,--,21,23751,卖盘,2017-07-17,2017-07-17 11:10:00
11:10:18,11:10:18,11.31,--,0,0,卖盘,2017-07-17,2017-07-17 11:10:18
11:10:30,11:10:30,11.34,0.03,10,11340,买盘,2017-07-17,2017-07-17 11:10:30
11:10:33,11:10:33,11.32,-0.02,4,4528,卖盘,2017-07-17,2017-07-17 11:10:33
11:10:54,11:10:54,11.32,--,6,6792,卖盘,2017-07-17,2017-07-17 11:10:54
11:10:58,11:10:58,11.32,--,0,0,卖盘,2017-07-17,2017-07-17 11:10:58
11:11:01,11:11:01,11.33,0.01,1,1133,买盘,2017-07-17,2017-07-17 11:11:01
11:11:12,11:11:12,11.33,--,5,5665,买盘,2017-07-17,2017-07-17 11:11:12
11:11:30,11:11:30,11.34,0.01,25,28350,买盘,2017-07-17,2017-07-17 11:11:30
11:11:55,11:11:55,11.31,-0.03,100,113100,卖盘,2017-07-17,2017-07-17 11:11:55
11:12:04,11:12:04,11.31,--,5,5655,卖盘,2017-07-17,2017-07-17 11:12:04
11:12:10,11:12:10,11.35,0.04,2,2270,买盘,2017-07-17,2017-07-17 11:12:10
11:12:22,11:12:22,11.35,--,0,0,买盘,2017-07-17,2017-07-17 11:12:22
11:12:46,11:12:46,11.35,--,10,11350,买盘,2017-07-17,2017-07-17 11:12:46
11:12:52,11:12:52,11.32,-0.03,91,103012,卖盘,2017-07-17,2017-07-17 11:12:52
11:12:55,11:12:55,11.32,--,0,0,卖盘,2017-07-17,2017-07-17 11:12:55
11:13:40,11:13:40,11.33,0.01,71,80443,卖盘,2017-07-17,2017-07-17 11:13:40
11:13:49,11:13:49,11.32,-0.01,10,11320,卖盘,2017-07-17,2017-07-17 11:13:49
11:13:52,11:13:52,11.33,0.01,50,56650,买盘,2017-07-17,2017-07-17 11:13:52
11:13:58,11:13:58,11.33,--,50,56650,买盘,2017-07-17,2017-07-17 11:13:58
11:14:22,11:14:22,11.33,--,311,352363,买盘,2017-07-17,2017-07-17 11:14:22
11:14:28,11:14:28,11.33,--,0,0,卖盘,2017-07-17,2017-07-17 11:14:28
11:14:31,11:14:31,11.33,--,3,3399,卖盘,2017-07-17,2017-07-17 11:14:31
11:14:46,11:14:46,11.3,-0.03,45,50850,卖盘,2017-07-17,2017-07-17 11:14:46
11:14:49,11:14:49,11.3,--,0,0,卖盘,2017-07-17,2017-07-17 11:14:49
11:14:52,11:14:52,11.32,0.02,11,12452,买盘,2017-07-17,2017-07-17 11:14:52
11:14:55,11:14:55,11.31,-0.01,18,20358,卖盘,2017-07-17,2017-07-17 11:14:55
11:15:11,11:15:11,11.31,--,13,14703,卖盘,2017-07-17,2017-07-17 11:15:11
11:15:20,11:15:20,11.31,--,10,11310,卖盘,2017-07-17,2017-07-17 11:15:20
11:15:23,11:15:23,11.31,--,2,2262,卖盘,2017-07-17,2017-07-17 11:15:23
11:15:26,11:15:26,11.31,--,10,11310,买盘,2017-07-17,2017-07-17 11:15:26
11:15:29,11:15:29,11.31,--,7,7917,买盘,2017-07-17,2017-07-17 11:15:29
11:15:32,11:15:32,11.3,-0.01,10,11300,卖盘,2017-07-17,2017-07-17 11:15:32
11:15:38,11:15:38,11.31,0.01,1,1131,买盘,2017-07-17,2017-07-17 11:15:38
11:15:47,11:15:47,11.31,--,37,41847,买盘,2017-07-17,2017-07-17 11:15:47
11:15:53,11:15:53,11.3,-0.01,32,36160,卖盘,2017-07-17,2017-07-17 11:15:53
11:15:56,11:15:56,11.3,--,10,11300,卖盘,2017-07-17,2017-07-17 11:15:56
11:16:05,11:16:05,11.31,0.01,33,37323,买盘,2017-07-17,2017-07-17 11:16:05
11:16:08,11:16:08,11.3,-0.01,25,28250,卖盘,2017-07-17,2017-07-17 11:16:08
11:16:14,11:16:14,11.3,--,4,4520,卖盘,2017-07-17,2017-07-17 11:16:14
11:16:17,11:16:17,11.31,0.01,1,1131,买盘,2017-07-17,2017-07-17 11:16:17
11:16:26,11:16:26,11.3,-0.01,1,1130,卖盘,2017-07-17,2017-07-17 11:16:26
11:16:29,11:16:29,11.31,0.01,18,20358,买盘,2017-07-17,2017-07-17 11:16:29
11:16:32,11:16:32,11.31,--,6,6786,卖盘,2017-07-17,2017-07-17 11:16:32
11:16:35,11:16:35,11.3,-0.01,165,186450,卖盘,2017-07-17,2017-07-17 11:16:35
11:16:38,11:16:38,11.29,-0.01,2,2258,卖盘,2017-07-17,2017-07-17 11:16:38
11:16:44,11:16:44,11.3,0.01,27,30510,买盘,2017-07-17,2017-07-17 11:16:44
11:16:53,11:16:53,11.29,-0.01,14,15805,卖盘,2017-07-17,2017-07-17 11:16:53
11:16:59,11:16:59,11.29,--,11,12418,卖盘,2017-07-17,2017-07-17 11:16:59
11:17:08,11:17:08,11.29,--,2,2258,卖盘,2017-07-17,2017-07-17 11:17:08
11:17:14,11:17:14,11.29,--,1,1129,卖盘,2017-07-17,2017-07-17 11:17:14
11:17:26,11:17:26,11.29,--,22,24837,卖盘,2017-07-17,2017-07-17 11:17:26
11:17:29,11:17:29,11.29,--,174,196445,卖盘,2017-07-17,2017-07-17 11:17:29
11:17:41,11:17:41,11.29,--,50,56449,卖盘,2017-07-17,2017-07-17 11:17:41
11:17:47,11:17:47,11.29,--,5,5645,卖盘,2017-07-17,2017-07-17 11:17:47
11:17:53,11:17:53,11.3,0.01,11,12430,买盘,2017-07-17,2017-07-17 11:17:53
11:17:59,11:17:59,11.29,-0.01,136,153544,卖盘,2017-07-17,2017-07-17 11:17:59
11:18:02,11:18:02,11.3,0.01,99,111870,买盘,2017-07-17,2017-07-17 11:18:02
11:18:05,11:18:05,11.3,--,10,11300,卖盘,2017-07-17,2017-07-17 11:18:05
11:18:11,11:18:11,11.29,-0.01,90,101609,卖盘,2017-07-17,2017-07-17 11:18:11
11:18:17,11:18:17,11.29,--,10,11290,买盘,2017-07-17,2017-07-17 11:18:17
11:18:20,11:18:20,11.29,--,23,25966,买盘,2017-07-17,2017-07-17 11:18:20
11:18:23,11:18:23,11.29,--,10,11290,买盘,2017-07-17,2017-07-17 11:18:23
11:18:26,11:18:26,11.29,--,38,42902,卖盘,2017-07-17,2017-07-17 11:18:26
11:18:44,11:18:44,11.3,0.01,5,5650,买盘,2017-07-17,2017-07-17 11:18:44
11:18:47,11:18:47,11.29,-0.01,3,3386,卖盘,2017-07-17,2017-07-17 11:18:47
11:19:02,11:19:02,11.29,--,54,60965,卖盘,2017-07-17,2017-07-17 11:19:02
11:19:11,11:19:11,11.29,--,0,0,卖盘,2017-07-17,2017-07-17 11:19:11
11:19:14,11:19:14,11.3,0.01,5,5650,卖盘,2017-07-17,2017-07-17 11:19:14
11:19:17,11:19:17,11.3,--,7,7910,买盘,2017-07-17,2017-07-17 11:19:17
11:19:26,11:19:26,11.31,0.01,2,2262,买盘,2017-07-17,2017-07-17 11:19:26
11:19:35,11:19:35,11.31,--,1,1131,买盘,2017-07-17,2017-07-17 11:19:35
11:19:38,11:19:38,11.3,-0.01,13,14690,卖盘,2017-07-17,2017-07-17 11:19:38
11:19:47,11:19:47,11.3,--,9,10170,买盘,2017-07-17,2017-07-17 11:19:47
11:19:50,11:19:50,11.3,--,27,30510,卖盘,2017-07-17,2017-07-17 11:19:50
11:19:56,11:19:56,11.29,-0.01,50,56449,卖盘,2017-07-17,2017-07-17 11:19:56
11:20:11,11:20:11,11.3,0.01,25,28250,买盘,2017-07-17,2017-07-17 11:20:11
11:20:14,11:20:14,11.3,--,1,1130,买盘,2017-07-17,2017-07-17 11:20:14
11:20:29,11:20:29,11.29,-0.01,10,11290,卖盘,2017-07-17,2017-07-17 11:20:29
11:20:32,11:20:32,11.3,0.01,6,6780,买盘,2017-07-17,2017-07-17 11:20:32
11:20:50,11:20:50,11.29,-0.01,51,57578,卖盘,2017-07-17,2017-07-17 11:20:50
11:20:59,11:20:59,11.29,--,75,84675,卖盘,2017-07-17,2017-07-17 11:20:59
11:21:02,11:21:02,11.3,0.01,4,4520,买盘,2017-07-17,2017-07-17 11:21:02
11:21:05,11:21:05,11.3,--,4,4520,买盘,2017-07-17,2017-07-17 11:21:05
11:21:11,11:21:11,11.29,-0.01,150,169350,卖盘,2017-07-17,2017-07-17 11:21:11
11:21:14,11:21:14,11.29,--,12,13547,买盘,2017-07-17,2017-07-17 11:21:14
11:21:32,11:21:32,11.28,-0.01,100,112800,卖盘,2017-07-17,2017-07-17 11:21:32
11:21:38,11:21:38,11.28,--,28,31584,卖盘,2017-07-17,2017-07-17 11:21:38
11:21:41,11:21:41,11.29,0.01,3,3386,买盘,2017-07-17,2017-07-17 11:21:41
11:21:44,11:21:44,11.28,-0.01,39,43992,卖盘,2017-07-17,2017-07-17 11:21:44
11:21:47,11:21:47,11.28,--,28,31584,卖盘,2017-07-17,2017-07-17 11:21:47
11:21:50,11:21:50,11.28,--,8,9024,卖盘,2017-07-17,2017-07-17 11:21:50
11:21:53,11:21:53,11.28,--,20,22560,卖盘,2017-07-17,2017-07-17 11:21:53
11:21:59,11:21:59,11.28,--,9,10152,卖盘,2017-07-17,2017-07-17 11:21:59
11:22:02,11:22:02,11.29,0.01,10,11290,买盘,2017-07-17,2017-07-17 11:22:02
11:22:11,11:22:11,11.28,-0.01,4,4512,卖盘,2017-07-17,2017-07-17 11:22:11
11:22:17,11:22:17,11.28,--,8,9024,买盘,2017-07-17,2017-07-17 11:22:17
11:22:32,11:22:32,11.27,-0.01,3,3381,卖盘,2017-07-17,2017-07-17 11:22:32
11:22:35,11:22:35,11.28,0.01,61,68808,买盘,2017-07-17,2017-07-17 11:22:35
11:22:44,11:22:44,11.27,-0.01,108,121716,卖盘,2017-07-17,2017-07-17 11:22:44
11:23:11,11:23:11,11.26,-0.01,5,5630,卖盘,2017-07-17,2017-07-17 11:23:11
11:23:17,11:23:17,11.26,--,44,49544,卖盘,2017-07-17,2017-07-17 11:23:17
11:23:20,11:23:20,11.26,--,9,10134,卖盘,2017-07-17,2017-07-17 11:23:20
11:23:23,11:23:23,11.27,0.01,86,96922,买盘,2017-07-17,2017-07-17 11:23:23
11:23:26,11:23:26,11.27,--,20,22540,卖盘,2017-07-17,2017-07-17 11:23:26
11:23:32,11:23:32,11.27,--,73,82271,卖盘,2017-07-17,2017-07-17 11:23:32
11:23:35,11:23:35,11.27,--,1,1127,卖盘,2017-07-17,2017-07-17 11:23:35
11:23:38,11:23:38,11.28,0.01,63,71064,买盘,2017-07-17,2017-07-17 11:23:38
11:23:53,11:23:53,11.28,--,9,10152,卖盘,2017-07-17,2017-07-17 11:23:53
11:24:11,11:24:11,11.29,0.01,44,49675,买盘,2017-07-17,2017-07-17 11:24:11
11:24:20,11:24:20,11.3,0.01,2,2260,买盘,2017-07-17,2017-07-17 11:24:20
11:24:23,11:24:23,11.3,--,25,28250,卖盘,2017-07-17,2017-07-17 11:24:23
11:24:29,11:24:29,11.29,-0.01,26,29353,卖盘,2017-07-17,2017-07-17 11:24:29
11:24:32,11:24:32,11.3,0.01,10,11300,中性盘,2017-07-17,2017-07-17 11:24:32
11:24:35,11:24:35,11.3,--,2,2260,卖盘,2017-07-17,2017-07-17 11:24:35
11:24:44,11:24:44,11.3,--,8,9040,买盘,2017-07-17,2017-07-17 11:24:44
11:24:59,11:24:59,11.3,--,6,6780,卖盘,2017-07-17,2017-07-17 11:24:59
11:25:11,11:25:11,11.3,--,3,3390,买盘,2017-07-17,2017-07-17 11:25:11
11:25:14,11:25:14,11.29,-0.01,33,37257,卖盘,2017-07-17,2017-07-17 11:25:14
11:25:20,11:25:20,11.3,0.01,8,9040,中性盘,2017-07-17,2017-07-17 11:25:20
11:25:23,11:25:23,11.3,--,5,5650,卖盘,2017-07-17,2017-07-17 11:25:23
11:25:38,11:25:38,11.31,0.01,10,11310,买盘,2017-07-17,2017-07-17 11:25:38
11:26:02,11:26:02,11.3,-0.01,32,36160,卖盘,2017-07-17,2017-07-17 11:26:02
11:26:11,11:26:11,11.31,0.01,33,37323,买盘,2017-07-17,2017-07-17 11:26:11
11:26:39,11:26:39,11.33,0.02,10,11330,买盘,2017-07-17,2017-07-17 11:26:39
11:26:42,11:26:42,11.33,--,0,0,买盘,2017-07-17,2017-07-17 11:26:42
11:26:51,11:26:51,11.32,-0.01,5,5660,买盘,2017-07-17,2017-07-17 11:26:51
11:27:00,11:27:00,11.32,--,0,0,中性盘,2017-07-17,2017-07-17 11:27:00
11:27:03,11:27:03,11.33,0.01,1,1133,买盘,2017-07-17,2017-07-17 11:27:03
11:27:09,11:27:09,11.33,--,80,90640,买盘,2017-07-17,2017-07-17 11:27:09
11:27:15,11:27:15,11.32,-0.01,10,11320,卖盘,2017-07-17,2017-07-17 11:27:15
11:27:54,11:27:54,11.31,-0.01,11,12441,卖盘,2017-07-17,2017-07-17 11:27:54
11:28:18,11:28:18,11.32,0.01,27,30564,买盘,2017-07-17,2017-07-17 11:28:18
11:28:27,11:28:27,11.32,--,32,36224,卖盘,2017-07-17,2017-07-17 11:28:27
11:28:30,11:28:30,11.32,--,0,0,卖盘,2017-07-17,2017-07-17 11:28:30
11:28:45,11:28:45,11.32,--,10,11320,买盘,2017-07-17,2017-07-17 11:28:45
11:28:48,11:28:48,11.32,--,4,4528,买盘,2017-07-17,2017-07-17 11:28:48
11:28:54,11:28:54,11.32,--,11,12452,买盘,2017-07-17,2017-07-17 11:28:54
11:29:00,11:29:00,11.32,--,6,6792,卖盘,2017-07-17,2017-07-17 11:29:00
11:29:09,11:29:09,11.32,--,27,30564,卖盘,2017-07-17,2017-07-17 11:29:09
11:29:12,11:29:12,11.32,--,45,50940,卖盘,2017-07-17,2017-07-17 11:29:12
11:29:21,11:29:21,11.31,-0.01,1,1131,卖盘,2017-07-17,2017-07-17 11:29:21
11:29:33,11:29:33,11.32,0.01,20,22640,买盘,2017-07-17,2017-07-17 11:29:33
11:29:45,11:29:45,11.32,--,21,23772,买盘,2017-07-17,2017-07-17 11:29:45
11:30:00,11:30:00,11.32,--,0,0,买盘,2017-07-17,2017-07-17 11:30:00
11:30:00,11:30:00,11.32,--,0,0,买盘,2017-07-17,2017-07-17 11:30:00
13:00:04,13:00:04,11.36,0.04,295,335120,买盘,2017-07-17,2017-07-17 13:00:04
13:00:07,13:00:07,11.31,-0.05,238,269178,卖盘,2017-07-17,2017-07-17 13:00:07
13:00:10,13:00:10,11.31,--,10,11310,卖盘,2017-07-17,2017-07-17 13:00:10
