idx_time,time,price,change,volume,amount,type,date,date_time
09:25:06,09:25:06,15.52,15.52,31814,49375328,买盘,2017-07-20,2017-07-20 09:25:06
09:29:03,09:29:03,15.52,--,0,0,买盘,2017-07-20,2017-07-20 09:29:03
09:30:00,09:30:00,15.55,0.03,20162,31352392,卖盘,2017-07-20,2017-07-20 09:30:00
09:30:03,09:30:03,15.52,-0.03,17577,27279566,卖盘,2017-07-20,2017-07-20 09:30:03
09:30:06,09:30:06,15.73,0.21,10836,17045028,卖盘,2017-07-20,2017-07-20 09:30:06
09:30:09,09:30:09,15.73,--,7556,11885588,卖盘,2017-07-20,2017-07-20 09:30:09
09:30:12,09:30:12,15.73,--,3845,6048185,卖盘,2017-07-20,2017-07-20 09:30:12
09:30:15,09:30:15,15.73,--,548,862004,卖盘,2017-07-20,2017-07-20 09:30:15
09:30:18,09:30:18,15.73,--,5908,9294007,卖盘,2017-07-20,2017-07-20 09:30:18
09:30:21,09:30:21,15.73,--,284,446732,卖盘,2017-07-20,2017-07-20 09:30:21
09:30:24,09:30:24,15.73,--,257,404261,卖盘,2017-07-20,2017-07-20 09:30:24
09:30:27,09:30:27,15.73,--,339,534269,卖盘,2017-07-20,2017-07-20 09:30:27
09:30:30,09:30:30,15.73,--,336,528528,卖盘,2017-07-20,2017-07-20 09:30:30
09:30:33,09:30:33,15.73,--,233,366509,卖盘,2017-07-20,2017-07-20 09:30:33
09:30:36,09:30:36,15.73,--,92,144716,卖盘,2017-07-20,2017-07-20 09:30:36
09:30:39,09:30:39,15.73,--,200,314600,卖盘,2017-07-20,2017-07-20 09:30:39
09:30:42,09:30:42,15.73,--,255,401115,卖盘,2017-07-20,2017-07-20 09:30:42
09:30:45,09:30:45,15.73,--,1197,1882881,卖盘,2017-07-20,2017-07-20 09:30:45
09:30:48,09:30:48,15.73,--,2219,3490487,卖盘,2017-07-20,2017-07-20 09:30:48
09:30:51,09:30:51,15.73,--,2568,4039464,卖盘,2017-07-20,2017-07-20 09:30:51
09:30:54,09:30:54,15.73,--,3118,4904614,卖盘,2017-07-20,2017-07-20 09:30:54
09:30:57,09:30:57,15.73,--,2220,3492594,卖盘,2017-07-20,2017-07-20 09:30:57
09:31:00,09:31:00,15.73,--,4818,7578714,卖盘,2017-07-20,2017-07-20 09:31:00
09:31:03,09:31:03,15.73,--,2844,4473612,卖盘,2017-07-20,2017-07-20 09:31:03
09:31:06,09:31:06,15.73,--,6396,10060908,卖盘,2017-07-20,2017-07-20 09:31:06
09:31:09,09:31:09,15.73,--,748,1176604,卖盘,2017-07-20,2017-07-20 09:31:09
09:31:12,09:31:12,15.73,--,936,1472328,卖盘,2017-07-20,2017-07-20 09:31:12
09:31:15,09:31:15,15.73,--,1072,1687246,卖盘,2017-07-20,2017-07-20 09:31:15
09:31:18,09:31:18,15.73,--,814,1280610,卖盘,2017-07-20,2017-07-20 09:31:18
09:31:21,09:31:21,15.73,--,405,637065,卖盘,2017-07-20,2017-07-20 09:31:21
09:31:24,09:31:24,15.73,--,1040,1635935,卖盘,2017-07-20,2017-07-20 09:31:24
09:31:27,09:31:27,15.73,--,93,146289,卖盘,2017-07-20,2017-07-20 09:31:27
09:31:30,09:31:30,15.73,--,113,177749,卖盘,2017-07-20,2017-07-20 09:31:30
09:31:33,09:31:33,15.73,--,95,149435,卖盘,2017-07-20,2017-07-20 09:31:33
09:31:36,09:31:36,15.73,--,95,149435,卖盘,2017-07-20,2017-07-20 09:31:36
09:31:39,09:31:39,15.73,--,172,270556,卖盘,2017-07-20,2017-07-20 09:31:39
09:31:42,09:31:42,15.73,--,44,69212,卖盘,2017-07-20,2017-07-20 09:31:42
09:31:45,09:31:45,15.73,--,167,262691,卖盘,2017-07-20,2017-07-20 09:31:45
09:31:48,09:31:48,15.73,--,97,152581,卖盘,2017-07-20,2017-07-20 09:31:48
09:31:51,09:31:51,15.73,--,73,114829,卖盘,2017-07-20,2017-07-20 09:31:51
09:31:54,09:31:54,15.73,--,116,182468,卖盘,2017-07-20,2017-07-20 09:31:54
09:31:57,09:31:57,15.73,--,37,58201,卖盘,2017-07-20,2017-07-20 09:31:57
09:32:00,09:32:00,15.73,--,62,97526,卖盘,2017-07-20,2017-07-20 09:32:00
09:32:03,09:32:03,15.73,--,92,144716,卖盘,2017-07-20,2017-07-20 09:32:03
09:32:06,09:32:06,15.73,--,4,6292,卖盘,2017-07-20,2017-07-20 09:32:06
09:32:09,09:32:09,15.73,--,20,31460,卖盘,2017-07-20,2017-07-20 09:32:09
09:32:12,09:32:12,15.73,--,90,141570,卖盘,2017-07-20,2017-07-20 09:32:12
09:32:15,09:32:15,15.73,--,26,40898,卖盘,2017-07-20,2017-07-20 09:32:15
09:32:21,09:32:21,15.73,--,5,7865,卖盘,2017-07-20,2017-07-20 09:32:21
09:32:24,09:32:24,15.73,--,148,232898,卖盘,2017-07-20,2017-07-20 09:32:24
09:32:27,09:32:27,15.73,--,60,94380,卖盘,2017-07-20,2017-07-20 09:32:27
09:32:30,09:32:30,15.73,--,15,23595,卖盘,2017-07-20,2017-07-20 09:32:30
09:32:33,09:32:33,15.73,--,6,9438,卖盘,2017-07-20,2017-07-20 09:32:33
09:32:36,09:32:36,15.73,--,25,39325,卖盘,2017-07-20,2017-07-20 09:32:36
09:32:39,09:32:39,15.73,--,17,26741,卖盘,2017-07-20,2017-07-20 09:32:39
09:32:42,09:32:42,15.73,--,91,143143,卖盘,2017-07-20,2017-07-20 09:32:42
09:32:45,09:32:45,15.73,--,81,127413,卖盘,2017-07-20,2017-07-20 09:32:45
09:32:48,09:32:48,15.73,--,26,40898,卖盘,2017-07-20,2017-07-20 09:32:48
09:32:51,09:32:51,15.73,--,2,3146,卖盘,2017-07-20,2017-07-20 09:32:51
09:32:54,09:32:54,15.73,--,34,53482,卖盘,2017-07-20,2017-07-20 09:32:54
09:32:57,09:32:57,15.73,--,115,180895,卖盘,2017-07-20,2017-07-20 09:32:57
09:33:00,09:33:00,15.73,--,54,84942,卖盘,2017-07-20,2017-07-20 09:33:00
09:33:03,09:33:03,15.73,--,15,23595,卖盘,2017-07-20,2017-07-20 09:33:03
09:33:06,09:33:06,15.73,--,9,14157,卖盘,2017-07-20,2017-07-20 09:33:06
09:33:09,09:33:09,15.73,--,35,55055,卖盘,2017-07-20,2017-07-20 09:33:09
09:33:12,09:33:12,15.73,--,9,14157,卖盘,2017-07-20,2017-07-20 09:33:12
09:33:15,09:33:15,15.73,--,287,451451,卖盘,2017-07-20,2017-07-20 09:33:15
09:33:18,09:33:18,15.73,--,10,15730,卖盘,2017-07-20,2017-07-20 09:33:18
09:33:21,09:33:21,15.73,--,58,91234,卖盘,2017-07-20,2017-07-20 09:33:21
09:33:24,09:33:24,15.73,--,32,50336,卖盘,2017-07-20,2017-07-20 09:33:24
09:33:27,09:33:27,15.73,--,8,12584,卖盘,2017-07-20,2017-07-20 09:33:27
09:33:30,09:33:30,15.73,--,80,125840,卖盘,2017-07-20,2017-07-20 09:33:30
09:33:33,09:33:33,15.73,--,71,111683,卖盘,2017-07-20,2017-07-20 09:33:33
09:33:36,09:33:36,15.73,--,4,6292,卖盘,2017-07-20,2017-07-20 09:33:36
09:33:39,09:33:39,15.73,--,22,34606,卖盘,2017-07-20,2017-07-20 09:33:39
09:33:42,09:33:42,15.73,--,17,26741,卖盘,2017-07-20,2017-07-20 09:33:42
09:33:45,09:33:45,15.73,--,141,221793,卖盘,2017-07-20,2017-07-20 09:33:45
09:33:48,09:33:48,15.73,--,293,460889,卖盘,2017-07-20,2017-07-20 09:33:48
09:33:51,09:33:51,15.73,--,8,12584,卖盘,2017-07-20,2017-07-20 09:33:51
09:33:54,09:33:54,15.73,--,25,39325,卖盘,2017-07-20,2017-07-20 09:33:54
09:33:57,09:33:57,15.73,--,21,33033,卖盘,2017-07-20,2017-07-20 09:33:57
09:34:00,09:34:00,15.73,--,18,28314,卖盘,2017-07-20,2017-07-20 09:34:00
09:34:03,09:34:03,15.73,--,42,66066,卖盘,2017-07-20,2017-07-20 09:34:03
09:34:06,09:34:06,15.73,--,13,20449,卖盘,2017-07-20,2017-07-20 09:34:06
09:34:09,09:34:09,15.73,--,11,17303,卖盘,2017-07-20,2017-07-20 09:34:09
09:34:12,09:34:12,15.73,--,10,15730,卖盘,2017-07-20,2017-07-20 09:34:12
09:34:15,09:34:15,15.73,--,99,155727,卖盘,2017-07-20,2017-07-20 09:34:15
09:34:18,09:34:18,15.73,--,159,250107,卖盘,2017-07-20,2017-07-20 09:34:18
09:34:21,09:34:21,15.73,--,4,6292,卖盘,2017-07-20,2017-07-20 09:34:21
09:34:24,09:34:24,15.73,--,8,12584,卖盘,2017-07-20,2017-07-20 09:34:24
09:34:27,09:34:27,15.73,--,2,3146,卖盘,2017-07-20,2017-07-20 09:34:27
09:34:30,09:34:30,15.73,--,15,23595,卖盘,2017-07-20,2017-07-20 09:34:30
09:34:33,09:34:33,15.73,--,10,15730,卖盘,2017-07-20,2017-07-20 09:34:33
09:34:36,09:34:36,15.73,--,47,73931,卖盘,2017-07-20,2017-07-20 09:34:36
09:34:39,09:34:39,15.73,--,144,226512,卖盘,2017-07-20,2017-07-20 09:34:39
09:34:42,09:34:42,15.73,--,30,47190,卖盘,2017-07-20,2017-07-20 09:34:42
09:34:45,09:34:45,15.73,--,23,36179,卖盘,2017-07-20,2017-07-20 09:34:45
09:34:48,09:34:48,15.73,--,5,7865,卖盘,2017-07-20,2017-07-20 09:34:48
09:34:51,09:34:51,15.73,--,10,15730,卖盘,2017-07-20,2017-07-20 09:34:51
09:34:54,09:34:54,15.73,--,2,3146,卖盘,2017-07-20,2017-07-20 09:34:54
09:34:57,09:34:57,15.73,--,77,121121,卖盘,2017-07-20,2017-07-20 09:34:57
09:35:00,09:35:00,15.73,--,5,7865,卖盘,2017-07-20,2017-07-20 09:35:00
09:35:03,09:35:03,15.73,--,38,59774,卖盘,2017-07-20,2017-07-20 09:35:03
09:35:06,09:35:06,15.73,--,11,17303,卖盘,2017-07-20,2017-07-20 09:35:06
09:35:09,09:35:09,15.73,--,18,28314,卖盘,2017-07-20,2017-07-20 09:35:09
09:35:12,09:35:12,15.73,--,21,33033,卖盘,2017-07-20,2017-07-20 09:35:12
09:35:15,09:35:15,15.73,--,386,607178,卖盘,2017-07-20,2017-07-20 09:35:15
09:35:18,09:35:18,15.73,--,24,37752,卖盘,2017-07-20,2017-07-20 09:35:18
09:35:21,09:35:21,15.73,--,280,440440,卖盘,2017-07-20,2017-07-20 09:35:21
09:35:24,09:35:24,15.73,--,168,264264,卖盘,2017-07-20,2017-07-20 09:35:24
09:35:27,09:35:27,15.73,--,12,18876,卖盘,2017-07-20,2017-07-20 09:35:27
09:35:30,09:35:30,15.73,--,52,81796,卖盘,2017-07-20,2017-07-20 09:35:30
09:35:33,09:35:33,15.73,--,15,23595,卖盘,2017-07-20,2017-07-20 09:35:33
09:35:45,09:35:45,15.73,--,45,70785,卖盘,2017-07-20,2017-07-20 09:35:45
09:35:48,09:35:48,15.73,--,6,9438,卖盘,2017-07-20,2017-07-20 09:35:48
09:35:51,09:35:51,15.73,--,15,23595,卖盘,2017-07-20,2017-07-20 09:35:51
09:35:56,09:35:56,15.73,--,1,1573,卖盘,2017-07-20,2017-07-20 09:35:56
09:36:02,09:36:02,15.73,--,5,7865,卖盘,2017-07-20,2017-07-20 09:36:02
09:36:05,09:36:05,15.73,--,13,20449,卖盘,2017-07-20,2017-07-20 09:36:05
09:36:06,09:36:06,15.73,--,3,4719,卖盘,2017-07-20,2017-07-20 09:36:06
09:36:09,09:36:09,15.73,--,9,14157,卖盘,2017-07-20,2017-07-20 09:36:09
09:36:14,09:36:14,15.73,--,2,3146,卖盘,2017-07-20,2017-07-20 09:36:14
09:36:17,09:36:17,15.73,--,10,15730,卖盘,2017-07-20,2017-07-20 09:36:17
09:36:20,09:36:20,15.73,--,7,11011,卖盘,2017-07-20,2017-07-20 09:36:20
09:36:21,09:36:21,15.73,--,24,37752,卖盘,2017-07-20,2017-07-20 09:36:21
09:36:24,09:36:24,15.73,--,247,388531,卖盘,2017-07-20,2017-07-20 09:36:24
09:36:29,09:36:29,15.73,--,30,47190,卖盘,2017-07-20,2017-07-20 09:36:29
09:36:32,09:36:32,15.73,--,71,111683,卖盘,2017-07-20,2017-07-20 09:36:32
09:36:35,09:36:35,15.73,--,2,3146,卖盘,2017-07-20,2017-07-20 09:36:35
09:36:38,09:36:38,15.73,--,12,18876,卖盘,2017-07-20,2017-07-20 09:36:38
09:36:41,09:36:41,15.73,--,53,83369,卖盘,2017-07-20,2017-07-20 09:36:41
09:36:44,09:36:44,15.73,--,71,111683,卖盘,2017-07-20,2017-07-20 09:36:44
09:36:47,09:36:47,15.73,--,38,59774,卖盘,2017-07-20,2017-07-20 09:36:47
09:36:50,09:36:50,15.73,--,12,18876,卖盘,2017-07-20,2017-07-20 09:36:50
09:36:53,09:36:53,15.73,--,43,67639,卖盘,2017-07-20,2017-07-20 09:36:53
09:36:56,09:36:56,15.73,--,50,78650,卖盘,2017-07-20,2017-07-20 09:36:56
09:36:59,09:36:59,15.73,--,52,81796,卖盘,2017-07-20,2017-07-20 09:36:59
09:37:03,09:37:03,15.73,--,8,12584,卖盘,2017-07-20,2017-07-20 09:37:03
09:37:06,09:37:06,15.73,--,280,440440,卖盘,2017-07-20,2017-07-20 09:37:06
09:37:08,09:37:08,15.73,--,18,28314,卖盘,2017-07-20,2017-07-20 09:37:08
09:37:11,09:37:11,15.73,--,22,34606,卖盘,2017-07-20,2017-07-20 09:37:11
09:37:15,09:37:15,15.73,--,4,6292,卖盘,2017-07-20,2017-07-20 09:37:15
09:37:20,09:37:20,15.73,--,7,11011,卖盘,2017-07-20,2017-07-20 09:37:20
09:37:23,09:37:23,15.73,--,7,11011,卖盘,2017-07-20,2017-07-20 09:37:23
09:37:27,09:37:27,15.73,--,9,14157,卖盘,2017-07-20,2017-07-20 09:37:27
09:37:30,09:37:30,15.73,--,95,149435,卖盘,2017-07-20,2017-07-20 09:37:30
09:37:33,09:37:33,15.73,--,7,11011,卖盘,2017-07-20,2017-07-20 09:37:33
09:37:36,09:37:36,15.73,--,1,1573,卖盘,2017-07-20,2017-07-20 09:37:36
09:37:39,09:37:39,15.73,--,71,111683,卖盘,2017-07-20,2017-07-20 09:37:39
09:37:42,09:37:42,15.73,--,8,12584,卖盘,2017-07-20,2017-07-20 09:37:42
09:37:45,09:37:45,15.73,--,28,44044,卖盘,2017-07-20,2017-07-20 09:37:45
09:37:48,09:37:48,15.73,--,15,23595,卖盘,2017-07-20,2017-07-20 09:37:48
09:37:51,09:37:51,15.73,--,67,105391,卖盘,2017-07-20,2017-07-20 09:37:51
09:37:54,09:37:54,15.73,--,103,162019,卖盘,2017-07-20,2017-07-20 09:37:54
09:37:57,09:37:57,15.73,--,86,135278,卖盘,2017-07-20,2017-07-20 09:37:57
09:38:00,09:38:00,15.73,--,11,17303,卖盘,2017-07-20,2017-07-20 09:38:00
09:38:06,09:38:06,15.73,--,50,78650,卖盘,2017-07-20,2017-07-20 09:38:06
09:38:09,09:38:09,15.73,--,4,6292,卖盘,2017-07-20,2017-07-20 09:38:09
09:38:12,09:38:12,15.73,--,8,12584,卖盘,2017-07-20,2017-07-20 09:38:12
09:38:15,09:38:15,15.73,--,20,31460,卖盘,2017-07-20,2017-07-20 09:38:15
09:38:18,09:38:18,15.73,--,20,31460,卖盘,2017-07-20,2017-07-20 09:38:18
09:38:21,09:38:21,15.73,--,35,55055,卖盘,2017-07-20,2017-07-20 09:38:21
09:38:24,09:38:24,15.73,--,10,15730,卖盘,2017-07-20,2017-07-20 09:38:24
09:38:27,09:38:27,15.73,--,226,355498,卖盘,2017-07-20,2017-07-20 09:38:27
09:38:30,09:38:30,15.73,--,2,3146,卖盘,2017-07-20,2017-07-20 09:38:30
09:38:33,09:38:33,15.73,--,10,15730,卖盘,2017-07-20,2017-07-20 09:38:33
09:38:36,09:38:36,15.73,--,1026,1613898,卖盘,2017-07-20,2017-07-20 09:38:36
09:38:42,09:38:42,15.73,--,8,12584,卖盘,2017-07-20,2017-07-20 09:38:42
09:38:45,09:38:45,15.73,--,118,185614,卖盘,2017-07-20,2017-07-20 09:38:45
09:38:48,09:38:48,15.73,--,1,1573,卖盘,2017-07-20,2017-07-20 09:38:48
09:38:51,09:38:51,15.73,--,9,14157,卖盘,2017-07-20,2017-07-20 09:38:51
09:38:54,09:38:54,15.73,--,22,34606,卖盘,2017-07-20,2017-07-20 09:38:54
09:38:57,09:38:57,15.73,--,2,3146,卖盘,2017-07-20,2017-07-20 09:38:57
09:39:00,09:39:00,15.73,--,20,31460,卖盘,2017-07-20,2017-07-20 09:39:00
09:39:03,09:39:03,15.73,--,165,259545,卖盘,2017-07-20,2017-07-20 09:39:03
09:39:06,09:39:06,15.73,--,7,11011,卖盘,2017-07-20,2017-07-20 09:39:06
09:39:09,09:39:09,15.73,--,10,15730,卖盘,2017-07-20,2017-07-20 09:39:09
09:39:12,09:39:12,15.73,--,35,55055,卖盘,2017-07-20,2017-07-20 09:39:12
09:39:15,09:39:15,15.73,--,3,4719,卖盘,2017-07-20,2017-07-20 09:39:15
09:39:18,09:39:18,15.73,--,14,22022,卖盘,2017-07-20,2017-07-20 09:39:18
09:39:21,09:39:21,15.73,--,11,17303,卖盘,2017-07-20,2017-07-20 09:39:21
09:39:24,09:39:24,15.73,--,19,29887,卖盘,2017-07-20,2017-07-20 09:39:24
09:39:27,09:39:27,15.73,--,20,31460,卖盘,2017-07-20,2017-07-20 09:39:27
09:39:30,09:39:30,15.73,--,182,286286,卖盘,2017-07-20,2017-07-20 09:39:30
09:39:33,09:39:33,15.73,--,13,20449,卖盘,2017-07-20,2017-07-20 09:39:33
09:39:36,09:39:36,15.73,--,11,17303,卖盘,2017-07-20,2017-07-20 09:39:36
09:39:39,09:39:39,15.73,--,73,114829,卖盘,2017-07-20,2017-07-20 09:39:39
09:39:42,09:39:42,15.73,--,80,125840,卖盘,2017-07-20,2017-07-20 09:39:42
09:39:45,09:39:45,15.73,--,11,17303,卖盘,2017-07-20,2017-07-20 09:39:45
09:39:48,09:39:48,15.73,--,5,7865,卖盘,2017-07-20,2017-07-20 09:39:48
09:39:51,09:39:51,15.73,--,9,14157,卖盘,2017-07-20,2017-07-20 09:39:51
09:39:54,09:39:54,15.73,--,60,94380,卖盘,2017-07-20,2017-07-20 09:39:54
09:39:57,09:39:57,15.73,--,11,17303,卖盘,2017-07-20,2017-07-20 09:39:57
09:40:00,09:40:00,15.73,--,13,20449,卖盘,2017-07-20,2017-07-20 09:40:00
09:40:03,09:40:03,15.73,--,4,6292,卖盘,2017-07-20,2017-07-20 09:40:03
09:40:06,09:40:06,15.73,--,7,11011,卖盘,2017-07-20,2017-07-20 09:40:06
09:40:09,09:40:09,15.73,--,20,31460,卖盘,2017-07-20,2017-07-20 09:40:09
09:40:12,09:40:12,15.73,--,10,15730,卖盘,2017-07-20,2017-07-20 09:40:12
09:40:18,09:40:18,15.73,--,72,113256,卖盘,2017-07-20,2017-07-20 09:40:18
09:40:21,09:40:21,15.73,--,36,56628,卖盘,2017-07-20,2017-07-20 09:40:21
09:40:24,09:40:24,15.73,--,22,34606,卖盘,2017-07-20,2017-07-20 09:40:24
09:40:30,09:40:30,15.73,--,42,66066,卖盘,2017-07-20,2017-07-20 09:40:30
09:40:33,09:40:33,15.73,--,13,20449,卖盘,2017-07-20,2017-07-20 09:40:33
09:40:39,09:40:39,15.73,--,50,78650,卖盘,2017-07-20,2017-07-20 09:40:39
09:40:42,09:40:42,15.73,--,3,4719,卖盘,2017-07-20,2017-07-20 09:40:42
09:40:45,09:40:45,15.73,--,16,25168,卖盘,2017-07-20,2017-07-20 09:40:45
09:40:54,09:40:54,15.73,--,11,17303,卖盘,2017-07-20,2017-07-20 09:40:54
09:40:57,09:40:57,15.73,--,7,11011,卖盘,2017-07-20,2017-07-20 09:40:57
09:41:00,09:41:00,15.73,--,4,6292,卖盘,2017-07-20,2017-07-20 09:41:00
09:41:03,09:41:03,15.73,--,7,11011,卖盘,2017-07-20,2017-07-20 09:41:03
09:41:06,09:41:06,15.73,--,16,25168,卖盘,2017-07-20,2017-07-20 09:41:06
09:41:09,09:41:09,15.73,--,25,39325,卖盘,2017-07-20,2017-07-20 09:41:09
09:41:12,09:41:12,15.73,--,6,9438,卖盘,2017-07-20,2017-07-20 09:41:12
09:41:21,09:41:21,15.73,--,33,51909,卖盘,2017-07-20,2017-07-20 09:41:21
09:41:33,09:41:33,15.73,--,10,15730,卖盘,2017-07-20,2017-07-20 09:41:33
09:41:36,09:41:36,15.73,--,86,135278,卖盘,2017-07-20,2017-07-20 09:41:36
09:41:42,09:41:42,15.73,--,12,18876,卖盘,2017-07-20,2017-07-20 09:41:42
09:41:45,09:41:45,15.73,--,91,143143,卖盘,2017-07-20,2017-07-20 09:41:45
09:41:48,09:41:48,15.73,--,8,12584,卖盘,2017-07-20,2017-07-20 09:41:48
09:41:51,09:41:51,15.73,--,7,11011,卖盘,2017-07-20,2017-07-20 09:41:51
09:41:54,09:41:54,15.73,--,3,4719,卖盘,2017-07-20,2017-07-20 09:41:54
09:41:57,09:41:57,15.73,--,18,28314,卖盘,2017-07-20,2017-07-20 09:41:57
09:42:03,09:42:03,15.73,--,2,3146,卖盘,2017-07-20,2017-07-20 09:42:03
09:42:09,09:42:09,15.73,--,22,34606,卖盘,2017-07-20,2017-07-20 09:42:09
09:42:15,09:42:15,15.73,--,20,31460,卖盘,2017-07-20,2017-07-20 09:42:15
09:42:21,09:42:21,15.73,--,114,179322,卖盘,2017-07-20,2017-07-20 09:42:21
09:42:30,09:42:30,15.73,--,28,44044,卖盘,2017-07-20,2017-07-20 09:42:30
09:42:33,09:42:33,15.73,--,3,4719,卖盘,2017-07-20,2017-07-20 09:42:33
09:42:39,09:42:39,15.73,--,5,7865,卖盘,2017-07-20,2017-07-20 09:42:39
09:42:42,09:42:42,15.73,--,20,31460,卖盘,2017-07-20,2017-07-20 09:42:42
09:42:45,09:42:45,15.73,--,3,4719,卖盘,2017-07-20,2017-07-20 09:42:45
09:42:51,09:42:51,15.73,--,10,15730,卖盘,2017-07-20,2017-07-20 09:42:51
09:42:54,09:42:54,15.73,--,15,23595,卖盘,2017-07-20,2017-07-20 09:42:54
09:42:57,09:42:57,15.73,--,9,14157,卖盘,2017-07-20,2017-07-20 09:42:57
09:43:03,09:43:03,15.73,--,22,34606,卖盘,2017-07-20,2017-07-20 09:43:03
09:43:06,09:43:06,15.73,--,8,12584,卖盘,2017-07-20,2017-07-20 09:43:06
09:43:09,09:43:09,15.73,--,5,7865,卖盘,2017-07-20,2017-07-20 09:43:09
09:43:12,09:43:12,15.73,--,58,91234,卖盘,2017-07-20,2017-07-20 09:43:12
09:43:15,09:43:15,15.73,--,27,42471,卖盘,2017-07-20,2017-07-20 09:43:15
09:43:18,09:43:18,15.73,--,10,15730,卖盘,2017-07-20,2017-07-20 09:43:18
09:43:21,09:43:21,15.73,--,4,6292,卖盘,2017-07-20,2017-07-20 09:43:21
09:43:27,09:43:27,15.73,--,1,1573,卖盘,2017-07-20,2017-07-20 09:43:27
09:43:33,09:43:33,15.73,--,20,31460,卖盘,2017-07-20,2017-07-20 09:43:33
09:43:42,09:43:42,15.73,--,16,25168,卖盘,2017-07-20,2017-07-20 09:43:42
09:43:45,09:43:45,15.73,--,5,7865,卖盘,2017-07-20,2017-07-20 09:43:45
09:43:48,09:43:48,15.73,--,6,9438,卖盘,2017-07-20,2017-07-20 09:43:48
09:43:51,09:43:51,15.73,--,7,11011,卖盘,2017-07-20,2017-07-20 09:43:51
09:43:54,09:43:54,15.73,--,14,22022,卖盘,2017-07-20,2017-07-20 09:43:54
09:43:57,09:43:57,15.73,--,1,1573,卖盘,2017-07-20,2017-07-20 09:43:57
09:44:00,09:44:00,15.73,--,36,56628,卖盘,2017-07-20,2017-07-20 09:44:00
09:44:03,09:44:03,15.73,--,16,25168,卖盘,2017-07-20,2017-07-20 09:44:03
09:44:09,09:44:09,15.73,--,1,1573,卖盘,2017-07-20,2017-07-20 09:44:09
09:44:12,09:44:12,15.73,--,6,9438,卖盘,2017-07-20,2017-07-20 09:44:12
09:44:21,09:44:21,15.73,--,1,1573,卖盘,2017-07-20,2017-07-20 09:44:21
09:44:24,09:44:24,15.73,--,4,6292,卖盘,2017-07-20,2017-07-20 09:44:24
09:44:27,09:44:27,15.73,--,20,31460,卖盘,2017-07-20,2017-07-20 09:44:27
09:44:30,09:44:30,15.73,--,10,15730,卖盘,2017-07-20,2017-07-20 09:44:30
09:44:33,09:44:33,15.73,--,11,17303,卖盘,2017-07-20,2017-07-20 09:44:33
09:44:36,09:44:36,15.73,--,1,1573,卖盘,2017-07-20,2017-07-20 09:44:36
09:44:39,09:44:39,15.73,--,22,34606,卖盘,2017-07-20,2017-07-20 09:44:39
09:44:45,09:44:45,15.73,--,11,17303,卖盘,2017-07-20,2017-07-20 09:44:45
09:44:48,09:44:48,15.73,--,3,4719,卖盘,2017-07-20,2017-07-20 09:44:48
09:44:51,09:44:51,15.73,--,21,33033,卖盘,2017-07-20,2017-07-20 09:44:51
09:45:00,09:45:00,15.73,--,11,17303,卖盘,2017-07-20,2017-07-20 09:45:00
09:45:03,09:45:03,15.73,--,4,6292,卖盘,2017-07-20,2017-07-20 09:45:03
09:45:06,09:45:06,15.73,--,18,28314,卖盘,2017-07-20,2017-07-20 09:45:06
09:45:12,09:45:12,15.73,--,1,1573,卖盘,2017-07-20,2017-07-20 09:45:12
09:45:15,09:45:15,15.73,--,13,21188,卖盘,2017-07-20,2017-07-20 09:45:15
09:45:18,09:45:18,15.73,--,5,7865,卖盘,2017-07-20,2017-07-20 09:45:18
09:45:21,09:45:21,15.73,--,40,62920,卖盘,2017-07-20,2017-07-20 09:45:21
09:45:24,09:45:24,15.73,--,1,1573,卖盘,2017-07-20,2017-07-20 09:45:24
09:45:30,09:45:30,15.73,--,25,39325,卖盘,2017-07-20,2017-07-20 09:45:30
09:45:33,09:45:33,15.73,--,68,106964,卖盘,2017-07-20,2017-07-20 09:45:33
09:45:36,09:45:36,15.73,--,1,1573,卖盘,2017-07-20,2017-07-20 09:45:36
09:45:39,09:45:39,15.73,--,1,1573,卖盘,2017-07-20,2017-07-20 09:45:39
09:45:45,09:45:45,15.73,--,2,3146,卖盘,2017-07-20,2017-07-20 09:45:45
09:45:48,09:45:48,15.73,--,152,239096,卖盘,2017-07-20,2017-07-20 09:45:48
09:45:51,09:45:51,15.73,--,1,1573,卖盘,2017-07-20,2017-07-20 09:45:51
09:46:00,09:46:00,15.73,--,1,1573,卖盘,2017-07-20,2017-07-20 09:46:00
09:46:03,09:46:03,15.73,--,1,1573,卖盘,2017-07-20,2017-07-20 09:46:03
09:46:06,09:46:06,15.73,--,20,31460,卖盘,2017-07-20,2017-07-20 09:46:06
09:46:09,09:46:09,15.73,--,6,9438,卖盘,2017-07-20,2017-07-20 09:46:09
09:46:12,09:46:12,15.73,--,3,4719,卖盘,2017-07-20,2017-07-20 09:46:12
09:46:15,09:46:15,15.73,--,5,7865,卖盘,2017-07-20,2017-07-20 09:46:15
09:46:21,09:46:21,15.73,--,2,3146,卖盘,2017-07-20,2017-07-20 09:46:21
09:46:30,09:46:30,15.73,--,8,12584,卖盘,2017-07-20,2017-07-20 09:46:30
09:46:33,09:46:33,15.73,--,2,3146,卖盘,2017-07-20,2017-07-20 09:46:33
09:46:36,09:46:36,15.73,--,15,23595,卖盘,2017-07-20,2017-07-20 09:46:36
09:46:39,09:46:39,15.73,--,10,15730,卖盘,2017-07-20,2017-07-20 09:46:39
09:46:48,09:46:48,15.73,--,5,7865,卖盘,2017-07-20,2017-07-20 09:46:48
09:46:57,09:46:57,15.73,--,11,17303,卖盘,2017-07-20,2017-07-20 09:46:57
09:47:09,09:47:09,15.73,--,2,3146,卖盘,2017-07-20,2017-07-20 09:47:09
09:47:12,09:47:12,15.73,--,50,78650,卖盘,2017-07-20,2017-07-20 09:47:12
09:47:15,09:47:15,15.73,--,1,1573,卖盘,2017-07-20,2017-07-20 09:47:15
09:47:27,09:47:27,15.73,--,8,12584,卖盘,2017-07-20,2017-07-20 09:47:27
09:47:39,09:47:39,15.73,--,4,6292,卖盘,2017-07-20,2017-07-20 09:47:39
09:47:42,09:47:42,15.73,--,7,11011,卖盘,2017-07-20,2017-07-20 09:47:42
09:47:45,09:47:45,15.73,--,39,61347,卖盘,2017-07-20,2017-07-20 09:47:45
09:47:48,09:47:48,15.73,--,3,4719,卖盘,2017-07-20,2017-07-20 09:47:48
09:47:51,09:47:51,15.73,--,2,3146,卖盘,2017-07-20,2017-07-20 09:47:51
09:48:00,09:48:00,15.73,--,35,55055,卖盘,2017-07-20,2017-07-20 09:48:00
09:48:03,09:48:03,15.73,--,18,28314,卖盘,2017-07-20,2017-07-20 09:48:03
09:48:06,09:48:06,15.73,--,4,6292,卖盘,2017-07-20,2017-07-20 09:48:06
09:48:09,09:48:09,15.73,--,400,629200,卖盘,2017-07-20,2017-07-20 09:48:09
09:48:12,09:48:12,15.73,--,5,7865,卖盘,2017-07-20,2017-07-20 09:48:12
09:48:15,09:48:15,15.73,--,1,1573,卖盘,2017-07-20,2017-07-20 09:48:15
09:48:18,09:48:18,15.73,--,1,1573,卖盘,2017-07-20,2017-07-20 09:48:18
09:48:24,09:48:24,15.73,--,3,4719,卖盘,2017-07-20,2017-07-20 09:48:24
09:48:27,09:48:27,15.73,--,4,6292,卖盘,2017-07-20,2017-07-20 09:48:27
09:48:33,09:48:33,15.73,--,5,7865,卖盘,2017-07-20,2017-07-20 09:48:33
09:48:36,09:48:36,15.73,--,100,157300,卖盘,2017-07-20,2017-07-20 09:48:36
09:48:57,09:48:57,15.73,--,30,47190,卖盘,2017-07-20,2017-07-20 09:48:57
09:49:00,09:49:00,15.73,--,1,1573,卖盘,2017-07-20,2017-07-20 09:49:00
09:49:24,09:49:24,15.73,--,20,31460,卖盘,2017-07-20,2017-07-20 09:49:24
09:49:36,09:49:36,15.73,--,4,6292,卖盘,2017-07-20,2017-07-20 09:49:36
09:49:42,09:49:42,15.73,--,6,9438,卖盘,2017-07-20,2017-07-20 09:49:42
09:49:45,09:49:45,15.73,--,100,157300,卖盘,2017-07-20,2017-07-20 09:49:45
09:49:48,09:49:48,15.73,--,2,3146,卖盘,2017-07-20,2017-07-20 09:49:48
09:49:54,09:49:54,15.73,--,10,15730,卖盘,2017-07-20,2017-07-20 09:49:54
09:50:06,09:50:06,15.73,--,17,26741,卖盘,2017-07-20,2017-07-20 09:50:06
09:50:09,09:50:09,15.73,--,2,3146,卖盘,2017-07-20,2017-07-20 09:50:09
09:50:12,09:50:12,15.73,--,5,7865,卖盘,2017-07-20,2017-07-20 09:50:12
09:50:15,09:50:15,15.73,--,10,15730,卖盘,2017-07-20,2017-07-20 09:50:15
09:50:18,09:50:18,15.73,--,6,9438,卖盘,2017-07-20,2017-07-20 09:50:18
09:50:21,09:50:21,15.73,--,13,20449,卖盘,2017-07-20,2017-07-20 09:50:21
09:50:24,09:50:24,15.73,--,2,3146,卖盘,2017-07-20,2017-07-20 09:50:24
09:50:36,09:50:36,15.73,--,35,55055,卖盘,2017-07-20,2017-07-20 09:50:36
09:50:51,09:50:51,15.73,--,4,6292,卖盘,2017-07-20,2017-07-20 09:50:51
09:50:54,09:50:54,15.73,--,25,39325,卖盘,2017-07-20,2017-07-20 09:50:54
09:50:57,09:50:57,15.73,--,5,7865,卖盘,2017-07-20,2017-07-20 09:50:57
09:51:00,09:51:00,15.73,--,21,33033,卖盘,2017-07-20,2017-07-20 09:51:00
09:51:06,09:51:06,15.73,--,10,15730,卖盘,2017-07-20,2017-07-20 09:51:06
09:51:18,09:51:18,15.73,--,5,7865,卖盘,2017-07-20,2017-07-20 09:51:18
09:51:21,09:51:21,15.73,--,2,3146,卖盘,2017-07-20,2017-07-20 09:51:21
09:51:27,09:51:27,15.73,--,9,14157,卖盘,2017-07-20,2017-07-20 09:51:27
09:51:30,09:51:30,15.73,--,1,1573,卖盘,2017-07-20,2017-07-20 09:51:30
09:51:33,09:51:33,15.73,--,20,31460,卖盘,2017-07-20,2017-07-20 09:51:33
09:51:42,09:51:42,15.73,--,10,15730,卖盘,2017-07-20,2017-07-20 09:51:42
09:51:51,09:51:51,15.73,--,6,9438,卖盘,2017-07-20,2017-07-20 09:51:51
09:52:00,09:52:00,15.73,--,15,23595,卖盘,2017-07-20,2017-07-20 09:52:00
09:52:12,09:52:12,15.73,--,30,47190,卖盘,2017-07-20,2017-07-20 09:52:12
09:52:15,09:52:15,15.73,--,20,31460,卖盘,2017-07-20,2017-07-20 09:52:15
09:52:18,09:52:18,15.73,--,50,78650,卖盘,2017-07-20,2017-07-20 09:52:18
09:52:21,09:52:21,15.73,--,10,15730,卖盘,2017-07-20,2017-07-20 09:52:21
09:52:24,09:52:24,15.73,--,5,7865,卖盘,2017-07-20,2017-07-20 09:52:24
09:52:36,09:52:36,15.73,--,3,4719,卖盘,2017-07-20,2017-07-20 09:52:36
09:52:39,09:52:39,15.73,--,110,173030,卖盘,2017-07-20,2017-07-20 09:52:39
09:52:42,09:52:42,15.73,--,1,1573,卖盘,2017-07-20,2017-07-20 09:52:42
09:52:48,09:52:48,15.73,--,60,94380,卖盘,2017-07-20,2017-07-20 09:52:48
09:52:57,09:52:57,15.73,--,6,9438,卖盘,2017-07-20,2017-07-20 09:52:57
09:53:00,09:53:00,15.73,--,25,39325,卖盘,2017-07-20,2017-07-20 09:53:00
09:53:03,09:53:03,15.73,--,9,14157,卖盘,2017-07-20,2017-07-20 09:53:03
09:53:06,09:53:06,15.73,--,2,3146,卖盘,2017-07-20,2017-07-20 09:53:06
09:53:09,09:53:09,15.73,--,13,20449,卖盘,2017-07-20,2017-07-20 09:53:09
09:53:17,09:53:17,15.73,--,1,1573,卖盘,2017-07-20,2017-07-20 09:53:17
09:53:18,09:53:18,15.73,--,15,23595,卖盘,2017-07-20,2017-07-20 09:53:18
09:53:25,09:53:25,15.73,--,20,31460,卖盘,2017-07-20,2017-07-20 09:53:25
09:53:42,09:53:42,15.73,--,3,4719,卖盘,2017-07-20,2017-07-20 09:53:42
09:53:44,09:53:44,15.73,--,24,37752,卖盘,2017-07-20,2017-07-20 09:53:44
09:53:54,09:53:54,15.73,--,16,25168,卖盘,2017-07-20,2017-07-20 09:53:54
09:53:57,09:53:57,15.73,--,18,28314,卖盘,2017-07-20,2017-07-20 09:53:57
09:54:00,09:54:00,15.73,--,2,3146,卖盘,2017-07-20,2017-07-20 09:54:00
09:54:06,09:54:06,15.73,--,7,11011,卖盘,2017-07-20,2017-07-20 09:54:06
09:54:21,09:54:21,15.73,--,10,15730,卖盘,2017-07-20,2017-07-20 09:54:21
09:54:24,09:54:24,15.73,--,19,29887,卖盘,2017-07-20,2017-07-20 09:54:24
09:54:27,09:54:27,15.73,--,50,78650,卖盘,2017-07-20,2017-07-20 09:54:27
09:54:33,09:54:33,15.73,--,1,1573,卖盘,2017-07-20,2017-07-20 09:54:33
09:54:36,09:54:36,15.73,--,10,15730,卖盘,2017-07-20,2017-07-20 09:54:36
09:54:57,09:54:57,15.73,--,25,39325,卖盘,2017-07-20,2017-07-20 09:54:57
09:55:00,09:55:00,15.73,--,56,88088,卖盘,2017-07-20,2017-07-20 09:55:00
09:55:12,09:55:12,15.73,--,1,1573,卖盘,2017-07-20,2017-07-20 09:55:12
09:55:15,09:55:15,15.73,--,60,94380,卖盘,2017-07-20,2017-07-20 09:55:15
09:55:18,09:55:18,15.73,--,4,6292,卖盘,2017-07-20,2017-07-20 09:55:18
09:55:21,09:55:21,15.73,--,3,4734,卖盘,2017-07-20,2017-07-20 09:55:21
09:55:24,09:55:24,15.73,--,100,157300,卖盘,2017-07-20,2017-07-20 09:55:24
09:55:33,09:55:33,15.73,--,22,34606,卖盘,2017-07-20,2017-07-20 09:55:33
09:55:48,09:55:48,15.73,--,2,3146,卖盘,2017-07-20,2017-07-20 09:55:48
09:55:51,09:55:51,15.73,--,1,1573,卖盘,2017-07-20,2017-07-20 09:55:51
09:55:54,09:55:54,15.73,--,5,7865,卖盘,2017-07-20,2017-07-20 09:55:54
09:56:00,09:56:00,15.73,--,5,7865,卖盘,2017-07-20,2017-07-20 09:56:00
09:56:06,09:56:06,15.73,--,8,12584,卖盘,2017-07-20,2017-07-20 09:56:06
09:56:12,09:56:12,15.73,--,3,4719,卖盘,2017-07-20,2017-07-20 09:56:12
09:56:18,09:56:18,15.73,--,20,31460,卖盘,2017-07-20,2017-07-20 09:56:18
09:56:27,09:56:27,15.73,--,13,20449,卖盘,2017-07-20,2017-07-20 09:56:27
09:56:30,09:56:30,15.73,--,1,1573,卖盘,2017-07-20,2017-07-20 09:56:30
09:56:33,09:56:33,15.73,--,29,45617,卖盘,2017-07-20,2017-07-20 09:56:33
09:56:39,09:56:39,15.73,--,1,1573,卖盘,2017-07-20,2017-07-20 09:56:39
09:56:42,09:56:42,15.73,--,2,3146,卖盘,2017-07-20,2017-07-20 09:56:42
09:56:45,09:56:45,15.73,--,2,3146,卖盘,2017-07-20,2017-07-20 09:56:45
09:56:48,09:56:48,15.73,--,98,154154,卖盘,2017-07-20,2017-07-20 09:56:48
09:56:51,09:56:51,15.73,--,6,9438,卖盘,2017-07-20,2017-07-20 09:56:51
09:57:03,09:57:03,15.73,--,6,9438,卖盘,2017-07-20,2017-07-20 09:57:03
09:57:06,09:57:06,15.73,--,1,1573,卖盘,2017-07-20,2017-07-20 09:57:06
09:57:09,09:57:09,15.73,--,1,1573,卖盘,2017-07-20,2017-07-20 09:57:09
09:57:24,09:57:24,15.73,--,5,7865,卖盘,2017-07-20,2017-07-20 09:57:24
09:57:30,09:57:30,15.73,--,5,7865,卖盘,2017-07-20,2017-07-20 09:57:30
09:57:45,09:57:45,15.73,--,5,7865,卖盘,2017-07-20,2017-07-20 09:57:45
09:58:00,09:58:00,15.73,--,10,15730,卖盘,2017-07-20,2017-07-20 09:58:00
09:58:03,09:58:03,15.73,--,19,29887,卖盘,2017-07-20,2017-07-20 09:58:03
09:58:06,09:58:06,15.73,--,3,4719,卖盘,2017-07-20,2017-07-20 09:58:06
09:58:12,09:58:12,15.73,--,6,9438,卖盘,2017-07-20,2017-07-20 09:58:12
09:58:18,09:58:18,15.73,--,40,62920,卖盘,2017-07-20,2017-07-20 09:58:18
09:58:24,09:58:24,15.73,--,24,37752,卖盘,2017-07-20,2017-07-20 09:58:24
09:58:27,09:58:27,15.73,--,19,29887,卖盘,2017-07-20,2017-07-20 09:58:27
09:58:33,09:58:33,15.73,--,31,48763,卖盘,2017-07-20,2017-07-20 09:58:33
09:58:36,09:58:36,15.73,--,16,25168,卖盘,2017-07-20,2017-07-20 09:58:36
09:58:42,09:58:42,15.73,--,45,70785,卖盘,2017-07-20,2017-07-20 09:58:42
09:58:51,09:58:51,15.73,--,11,17303,卖盘,2017-07-20,2017-07-20 09:58:51
09:58:54,09:58:54,15.73,--,30,47190,卖盘,2017-07-20,2017-07-20 09:58:54
09:58:57,09:58:57,15.73,--,1,1573,卖盘,2017-07-20,2017-07-20 09:58:57
09:59:00,09:59:00,15.73,--,55,86515,卖盘,2017-07-20,2017-07-20 09:59:00
09:59:03,09:59:03,15.73,--,80,125840,卖盘,2017-07-20,2017-07-20 09:59:03
09:59:06,09:59:06,15.73,--,3,4719,卖盘,2017-07-20,2017-07-20 09:59:06
09:59:09,09:59:09,15.73,--,1,1573,卖盘,2017-07-20,2017-07-20 09:59:09
09:59:18,09:59:18,15.73,--,1,1573,卖盘,2017-07-20,2017-07-20 09:59:18
09:59:24,09:59:24,15.73,--,10,15730,卖盘,2017-07-20,2017-07-20 09:59:24
09:59:30,09:59:30,15.73,--,2,3146,卖盘,2017-07-20,2017-07-20 09:59:30
09:59:39,09:59:39,15.73,--,8,12584,卖盘,2017-07-20,2017-07-20 09:59:39
09:59:48,09:59:48,15.73,--,40,62920,卖盘,2017-07-20,2017-07-20 09:59:48
09:59:51,09:59:51,15.73,--,64,100672,卖盘,2017-07-20,2017-07-20 09:59:51
09:59:54,09:59:54,15.73,--,5,7865,卖盘,2017-07-20,2017-07-20 09:59:54
10:00:00,10:00:00,15.73,--,5,7865,卖盘,2017-07-20,2017-07-20 10:00:00
10:00:12,10:00:12,15.73,--,3,4719,卖盘,2017-07-20,2017-07-20 10:00:12
10:00:18,10:00:18,15.73,--,13,20449,卖盘,2017-07-20,2017-07-20 10:00:18
10:00:21,10:00:21,15.73,--,84,132132,卖盘,2017-07-20,2017-07-20 10:00:21
10:00:24,10:00:24,15.73,--,5,7865,卖盘,2017-07-20,2017-07-20 10:00:24
10:00:30,10:00:30,15.73,--,1,1573,卖盘,2017-07-20,2017-07-20 10:00:30
10:00:33,10:00:33,15.73,--,7,11011,卖盘,2017-07-20,2017-07-20 10:00:33
10:00:42,10:00:42,15.73,--,15,23595,卖盘,2017-07-20,2017-07-20 10:00:42
10:00:45,10:00:45,15.73,--,7,11640,卖盘,2017-07-20,2017-07-20 10:00:45
10:00:48,10:00:48,15.73,--,1005,1580865,卖盘,2017-07-20,2017-07-20 10:00:48
10:00:57,10:00:57,15.73,--,15,23595,卖盘,2017-07-20,2017-07-20 10:00:57
10:01:00,10:01:00,15.73,--,8,12584,卖盘,2017-07-20,2017-07-20 10:01:00
10:01:03,10:01:03,15.73,--,306,481338,卖盘,2017-07-20,2017-07-20 10:01:03
10:01:06,10:01:06,15.73,--,747,1175031,卖盘,2017-07-20,2017-07-20 10:01:06
10:01:09,10:01:09,15.73,--,19167,30149691,卖盘,2017-07-20,2017-07-20 10:01:09
10:01:12,10:01:12,15.73,--,2703,4252526,卖盘,2017-07-20,2017-07-20 10:01:12
10:01:15,10:01:15,15.73,--,4610,7251938,卖盘,2017-07-20,2017-07-20 10:01:15
10:01:18,10:01:18,15.73,--,7888,12408122,卖盘,2017-07-20,2017-07-20 10:01:18
10:01:21,10:01:21,15.73,--,3999,6290427,卖盘,2017-07-20,2017-07-20 10:01:21
10:01:24,10:01:24,15.73,--,5838,9183174,卖盘,2017-07-20,2017-07-20 10:01:24
10:01:27,10:01:27,15.73,--,4163,6548399,卖盘,2017-07-20,2017-07-20 10:01:27
10:01:30,10:01:30,15.73,--,4650,7314450,卖盘,2017-07-20,2017-07-20 10:01:30
10:01:33,10:01:33,15.7,-0.03,1385,2174795,卖盘,2017-07-20,2017-07-20 10:01:33
10:01:36,10:01:36,15.72,0.02,193,303396,买盘,2017-07-20,2017-07-20 10:01:36
10:01:39,10:01:39,15.7,-0.02,65,102050,卖盘,2017-07-20,2017-07-20 10:01:39
10:01:42,10:01:42,15.7,--,674,1058180,卖盘,2017-07-20,2017-07-20 10:01:42
10:01:45,10:01:45,15.71,0.01,751,1179821,中性盘,2017-07-20,2017-07-20 10:01:45
10:01:48,10:01:48,15.7,-0.01,668,1048760,卖盘,2017-07-20,2017-07-20 10:01:48
10:01:51,10:01:51,15.66,-0.04,1376,2154816,中性盘,2017-07-20,2017-07-20 10:01:51
10:01:54,10:01:54,15.61,-0.05,727,1134847,卖盘,2017-07-20,2017-07-20 10:01:54
10:01:57,10:01:57,15.6,-0.01,523,815880,卖盘,2017-07-20,2017-07-20 10:01:57
10:02:00,10:02:00,15.6,--,268,418080,卖盘,2017-07-20,2017-07-20 10:02:00
10:02:03,10:02:03,15.55,-0.05,322,500710,卖盘,2017-07-20,2017-07-20 10:02:03
10:02:06,10:02:06,15.55,--,248,385640,卖盘,2017-07-20,2017-07-20 10:02:06
10:02:09,10:02:09,15.56,0.01,723,1124988,买盘,2017-07-20,2017-07-20 10:02:09
10:02:12,10:02:12,15.52,-0.04,1378,2138656,卖盘,2017-07-20,2017-07-20 10:02:12
10:02:15,10:02:15,15.52,--,404,627008,卖盘,2017-07-20,2017-07-20 10:02:15
10:02:18,10:02:18,15.52,--,1363,2115376,卖盘,2017-07-20,2017-07-20 10:02:18
10:02:21,10:02:21,15.48,-0.04,1489,2304972,卖盘,2017-07-20,2017-07-20 10:02:21
10:02:24,10:02:24,15.49,0.01,353,546797,中性盘,2017-07-20,2017-07-20 10:02:24
10:02:27,10:02:27,15.44,-0.05,666,1028304,卖盘,2017-07-20,2017-07-20 10:02:27
10:02:30,10:02:30,15.36,-0.08,358,549888,卖盘,2017-07-20,2017-07-20 10:02:30
10:02:33,10:02:33,15.4,0.04,811,1248940,买盘,2017-07-20,2017-07-20 10:02:33
10:02:36,10:02:36,15.4,--,858,1321320,买盘,2017-07-20,2017-07-20 10:02:36
10:02:39,10:02:39,15.3,-0.1,2142,3277673,卖盘,2017-07-20,2017-07-20 10:02:39
10:02:42,10:02:42,15.33,0.03,700,1073100,中性盘,2017-07-20,2017-07-20 10:02:42
10:02:45,10:02:45,15.3,-0.03,583,891990,卖盘,2017-07-20,2017-07-20 10:02:45
10:02:48,10:02:48,15.35,0.05,1547,2375949,买盘,2017-07-20,2017-07-20 10:02:48
10:02:51,10:02:51,15.3,-0.05,1481,2266159,卖盘,2017-07-20,2017-07-20 10:02:51
10:02:54,10:02:54,15.27,-0.03,1431,2185320,中性盘,2017-07-20,2017-07-20 10:02:54
10:02:57,10:02:57,15.22,-0.05,1211,1843142,中性盘,2017-07-20,2017-07-20 10:02:57
10:03:00,10:03:00,15.27,0.05,1586,2422753,买盘,2017-07-20,2017-07-20 10:03:00
10:03:03,10:03:03,15.23,-0.04,982,1495586,中性盘,2017-07-20,2017-07-20 10:03:03
10:03:06,10:03:06,15.22,-0.01,2212,3366664,卖盘,2017-07-20,2017-07-20 10:03:06
10:03:09,10:03:09,15.32,0.1,1803,2762196,买盘,2017-07-20,2017-07-20 10:03:09
10:03:12,10:03:12,15.3,-0.02,1678,2567340,卖盘,2017-07-20,2017-07-20 10:03:12
10:03:15,10:03:15,15.2,-0.1,1186,1802720,卖盘,2017-07-20,2017-07-20 10:03:15
10:03:18,10:03:18,15.2,--,722,1097440,卖盘,2017-07-20,2017-07-20 10:03:18
10:03:21,10:03:21,15.28,0.08,522,797616,买盘,2017-07-20,2017-07-20 10:03:21
10:03:24,10:03:24,15.2,-0.08,473,718960,卖盘,2017-07-20,2017-07-20 10:03:24
10:03:27,10:03:27,15.25,0.05,1476,2250900,买盘,2017-07-20,2017-07-20 10:03:27
10:03:30,10:03:30,15.22,-0.03,550,837100,卖盘,2017-07-20,2017-07-20 10:03:30
10:03:33,10:03:33,15.22,--,763,1161286,卖盘,2017-07-20,2017-07-20 10:03:33
10:03:36,10:03:36,15.26,0.04,2761,4214583,买盘,2017-07-20,2017-07-20 10:03:36
10:03:39,10:03:39,15.23,-0.03,1972,3003584,卖盘,2017-07-20,2017-07-20 10:03:39
10:03:42,10:03:42,15.25,0.02,634,966850,买盘,2017-07-20,2017-07-20 10:03:42
10:03:45,10:03:45,15.25,--,1403,2140871,买盘,2017-07-20,2017-07-20 10:03:45
10:03:48,10:03:48,15.26,0.01,447,682122,买盘,2017-07-20,2017-07-20 10:03:48
10:03:51,10:03:51,15.29,0.03,1096,1675784,买盘,2017-07-20,2017-07-20 10:03:51
10:03:54,10:03:54,15.35,0.06,666,1022310,买盘,2017-07-20,2017-07-20 10:03:54
10:03:57,10:03:57,15.28,-0.07,1306,1995568,卖盘,2017-07-20,2017-07-20 10:03:57
10:04:00,10:04:00,15.3,0.02,188,287640,中性盘,2017-07-20,2017-07-20 10:04:00
10:04:03,10:04:03,15.37,0.07,1764,2711867,中性盘,2017-07-20,2017-07-20 10:04:03
10:04:06,10:04:06,15.39,0.02,78,120042,中性盘,2017-07-20,2017-07-20 10:04:06
10:04:09,10:04:09,15.4,0.01,376,579040,卖盘,2017-07-20,2017-07-20 10:04:09
10:04:12,10:04:12,15.38,-0.02,1445,2222410,中性盘,2017-07-20,2017-07-20 10:04:12
10:04:15,10:04:15,15.37,-0.01,481,739297,卖盘,2017-07-20,2017-07-20 10:04:15
10:04:18,10:04:18,15.39,0.02,692,1064988,买盘,2017-07-20,2017-07-20 10:04:18
10:04:21,10:04:21,15.31,-0.08,364,557284,中性盘,2017-07-20,2017-07-20 10:04:21
10:04:24,10:04:24,15.32,0.01,261,399852,买盘,2017-07-20,2017-07-20 10:04:24
10:04:27,10:04:27,15.28,-0.04,624,953472,卖盘,2017-07-20,2017-07-20 10:04:27
10:04:30,10:04:30,15.3,0.02,772,1181160,买盘,2017-07-20,2017-07-20 10:04:30
10:04:33,10:04:33,15.27,-0.03,429,655083,中性盘,2017-07-20,2017-07-20 10:04:33
10:04:36,10:04:36,15.28,0.01,575,879532,买盘,2017-07-20,2017-07-20 10:04:36
10:04:39,10:04:39,15.28,--,531,811368,买盘,2017-07-20,2017-07-20 10:04:39
10:04:42,10:04:42,15.24,-0.04,522,795528,中性盘,2017-07-20,2017-07-20 10:04:42
10:04:45,10:04:45,15.22,-0.02,523,796006,卖盘,2017-07-20,2017-07-20 10:04:45
10:04:48,10:04:48,15.21,-0.01,353,536913,卖盘,2017-07-20,2017-07-20 10:04:48
10:04:51,10:04:51,15.21,--,1383,2103543,卖盘,2017-07-20,2017-07-20 10:04:51
10:04:54,10:04:54,15.19,-0.02,1716,2606604,卖盘,2017-07-20,2017-07-20 10:04:54
10:04:57,10:04:57,15.19,--,1191,1810237,卖盘,2017-07-20,2017-07-20 10:04:57
10:05:00,10:05:00,15.16,-0.03,701,1062716,卖盘,2017-07-20,2017-07-20 10:05:00
10:05:03,10:05:03,15.15,-0.01,700,1060909,卖盘,2017-07-20,2017-07-20 10:05:03
10:05:06,10:05:06,15.15,--,261,395415,买盘,2017-07-20,2017-07-20 10:05:06
10:05:09,10:05:09,15.15,--,793,1201395,买盘,2017-07-20,2017-07-20 10:05:09
10:05:12,10:05:12,15.06,-0.09,1298,1954788,卖盘,2017-07-20,2017-07-20 10:05:12
10:05:15,10:05:15,15.08,0.02,1226,1848808,中性盘,2017-07-20,2017-07-20 10:05:15
10:05:18,10:05:18,15.06,-0.02,896,1349376,中性盘,2017-07-20,2017-07-20 10:05:18
10:05:21,10:05:21,15.05,-0.01,1380,2076900,卖盘,2017-07-20,2017-07-20 10:05:21
10:05:24,10:05:24,15.1,0.05,6602,9969020,买盘,2017-07-20,2017-07-20 10:05:24
10:05:27,10:05:27,15.0,-0.1,4756,7134000,卖盘,2017-07-20,2017-07-20 10:05:27
10:05:30,10:05:30,15.0,--,1405,2107500,买盘,2017-07-20,2017-07-20 10:05:30
10:05:33,10:05:33,15.05,0.05,6077,9145885,买盘,2017-07-20,2017-07-20 10:05:33
10:05:36,10:05:36,15.01,-0.04,893,1340393,卖盘,2017-07-20,2017-07-20 10:05:36
10:05:39,10:05:39,15.0,-0.01,1250,1876095,卖盘,2017-07-20,2017-07-20 10:05:39
10:05:42,10:05:42,15.03,0.03,837,1258011,买盘,2017-07-20,2017-07-20 10:05:42
10:05:45,10:05:45,15.06,0.03,1269,1911114,买盘,2017-07-20,2017-07-20 10:05:45
10:05:48,10:05:48,15.01,-0.05,1389,2084889,卖盘,2017-07-20,2017-07-20 10:05:48
10:05:51,10:05:51,15.03,0.02,946,1421838,买盘,2017-07-20,2017-07-20 10:05:51
10:05:54,10:05:54,15.05,0.02,954,1435770,中性盘,2017-07-20,2017-07-20 10:05:54
10:05:57,10:05:57,15.1,0.05,951,1436010,买盘,2017-07-20,2017-07-20 10:05:57
10:06:00,10:06:00,15.06,-0.04,667,1004502,卖盘,2017-07-20,2017-07-20 10:06:00
10:06:03,10:06:03,15.07,0.01,438,660066,中性盘,2017-07-20,2017-07-20 10:06:03
10:06:06,10:06:06,15.07,--,688,1036816,卖盘,2017-07-20,2017-07-20 10:06:06
10:06:09,10:06:09,15.11,0.04,744,1124184,买盘,2017-07-20,2017-07-20 10:06:09
10:06:12,10:06:12,15.1,-0.01,444,670440,中性盘,2017-07-20,2017-07-20 10:06:12
10:06:15,10:06:15,15.1,--,360,543600,卖盘,2017-07-20,2017-07-20 10:06:15
10:06:18,10:06:18,15.11,0.01,461,696571,卖盘,2017-07-20,2017-07-20 10:06:18
10:06:21,10:06:21,15.11,--,853,1288883,卖盘,2017-07-20,2017-07-20 10:06:21
10:06:24,10:06:24,15.11,--,516,779676,卖盘,2017-07-20,2017-07-20 10:06:24
10:06:27,10:06:27,15.11,--,201,303711,买盘,2017-07-20,2017-07-20 10:06:27
10:06:30,10:06:30,15.15,0.04,318,481770,买盘,2017-07-20,2017-07-20 10:06:30
10:06:33,10:06:33,15.11,-0.04,526,794801,卖盘,2017-07-20,2017-07-20 10:06:33
10:06:36,10:06:36,15.12,0.01,446,674352,卖盘,2017-07-20,2017-07-20 10:06:36
10:06:39,10:06:39,15.2,0.08,666,1012320,买盘,2017-07-20,2017-07-20 10:06:39
10:06:42,10:06:42,15.2,--,539,819280,买盘,2017-07-20,2017-07-20 10:06:42
10:06:45,10:06:45,15.21,0.01,213,323973,买盘,2017-07-20,2017-07-20 10:06:45
10:06:48,10:06:48,15.25,0.04,296,451400,买盘,2017-07-20,2017-07-20 10:06:48
10:06:51,10:06:51,15.28,0.03,102,155856,买盘,2017-07-20,2017-07-20 10:06:51
10:06:54,10:06:54,15.22,-0.06,74,112628,卖盘,2017-07-20,2017-07-20 10:06:54
10:06:57,10:06:57,15.26,0.04,54,82404,卖盘,2017-07-20,2017-07-20 10:06:57
10:07:00,10:07:00,15.28,0.02,656,1002368,买盘,2017-07-20,2017-07-20 10:07:00
10:07:03,10:07:03,15.26,-0.02,435,663810,中性盘,2017-07-20,2017-07-20 10:07:03
10:07:06,10:07:06,15.28,0.02,305,466040,中性盘,2017-07-20,2017-07-20 10:07:06
10:07:09,10:07:09,15.26,-0.02,409,624134,卖盘,2017-07-20,2017-07-20 10:07:09
10:07:12,10:07:12,15.3,0.04,668,1022040,买盘,2017-07-20,2017-07-20 10:07:12
10:07:15,10:07:15,15.28,-0.02,243,371304,卖盘,2017-07-20,2017-07-20 10:07:15
10:07:18,10:07:18,15.28,--,426,650928,卖盘,2017-07-20,2017-07-20 10:07:18
10:07:21,10:07:21,15.3,0.02,422,645660,买盘,2017-07-20,2017-07-20 10:07:21
10:07:24,10:07:24,15.29,-0.01,239,365431,买盘,2017-07-20,2017-07-20 10:07:24
10:07:27,10:07:27,15.29,--,316,483164,买盘,2017-07-20,2017-07-20 10:07:27
10:07:30,10:07:30,15.28,-0.01,376,574528,买盘,2017-07-20,2017-07-20 10:07:30
10:07:33,10:07:33,15.28,--,496,757888,卖盘,2017-07-20,2017-07-20 10:07:33
10:07:36,10:07:36,15.27,-0.01,318,485586,卖盘,2017-07-20,2017-07-20 10:07:36
10:07:39,10:07:39,15.28,0.01,249,380472,买盘,2017-07-20,2017-07-20 10:07:39
10:07:42,10:07:42,15.26,-0.02,485,740110,卖盘,2017-07-20,2017-07-20 10:07:42
10:07:45,10:07:45,15.28,0.02,98,149744,卖盘,2017-07-20,2017-07-20 10:07:45
10:07:48,10:07:48,15.26,-0.02,678,1034628,卖盘,2017-07-20,2017-07-20 10:07:48
10:07:51,10:07:51,15.26,--,149,227374,买盘,2017-07-20,2017-07-20 10:07:51
10:07:54,10:07:54,15.25,-0.01,101,154025,中性盘,2017-07-20,2017-07-20 10:07:54
10:07:57,10:07:57,15.24,-0.01,485,739140,中性盘,2017-07-20,2017-07-20 10:07:57
10:08:00,10:08:00,15.24,--,493,751332,买盘,2017-07-20,2017-07-20 10:08:00
10:08:03,10:08:03,15.22,-0.02,183,278526,卖盘,2017-07-20,2017-07-20 10:08:03
10:08:06,10:08:06,15.23,0.01,168,255864,买盘,2017-07-20,2017-07-20 10:08:06
10:08:09,10:08:09,15.2,-0.03,400,608000,卖盘,2017-07-20,2017-07-20 10:08:09
10:08:12,10:08:12,15.2,--,158,240160,买盘,2017-07-20,2017-07-20 10:08:12
10:08:15,10:08:15,15.2,--,181,275120,买盘,2017-07-20,2017-07-20 10:08:15
10:08:18,10:08:18,15.18,-0.02,160,242880,卖盘,2017-07-20,2017-07-20 10:08:18
10:08:21,10:08:21,15.18,--,161,244398,卖盘,2017-07-20,2017-07-20 10:08:21
10:08:24,10:08:24,15.15,-0.03,350,530250,卖盘,2017-07-20,2017-07-20 10:08:24
10:08:27,10:08:27,15.15,--,190,287850,卖盘,2017-07-20,2017-07-20 10:08:27
10:08:30,10:08:30,15.13,-0.02,354,535602,卖盘,2017-07-20,2017-07-20 10:08:30
10:08:33,10:08:33,15.15,0.02,59,89385,买盘,2017-07-20,2017-07-20 10:08:33
10:08:36,10:08:36,15.12,-0.03,155,234360,卖盘,2017-07-20,2017-07-20 10:08:36
10:08:39,10:08:39,15.1,-0.02,485,732350,卖盘,2017-07-20,2017-07-20 10:08:39
10:08:42,10:08:42,15.1,--,469,708190,卖盘,2017-07-20,2017-07-20 10:08:42
10:08:45,10:08:45,15.1,--,253,382030,买盘,2017-07-20,2017-07-20 10:08:45
10:08:48,10:08:48,15.1,--,119,179690,买盘,2017-07-20,2017-07-20 10:08:48
10:08:51,10:08:51,15.08,-0.02,345,520260,卖盘,2017-07-20,2017-07-20 10:08:51
10:08:54,10:08:54,15.08,--,286,431288,买盘,2017-07-20,2017-07-20 10:08:54
10:08:57,10:08:57,15.07,-0.01,833,1255331,卖盘,2017-07-20,2017-07-20 10:08:57
10:09:00,10:09:00,15.06,-0.01,253,381018,卖盘,2017-07-20,2017-07-20 10:09:00
10:09:03,10:09:03,15.06,--,290,436740,买盘,2017-07-20,2017-07-20 10:09:03
10:09:06,10:09:06,15.04,-0.02,576,866304,卖盘,2017-07-20,2017-07-20 10:09:06
10:09:09,10:09:09,15.05,0.01,187,281435,买盘,2017-07-20,2017-07-20 10:09:09
10:09:12,10:09:12,15.04,-0.01,772,1161088,中性盘,2017-07-20,2017-07-20 10:09:12
10:09:15,10:09:15,15.03,-0.01,537,807111,卖盘,2017-07-20,2017-07-20 10:09:15
10:09:18,10:09:18,15.03,--,636,955908,买盘,2017-07-20,2017-07-20 10:09:18
10:09:21,10:09:21,15.03,--,875,1315125,买盘,2017-07-20,2017-07-20 10:09:21
10:09:24,10:09:24,15.03,--,479,719937,买盘,2017-07-20,2017-07-20 10:09:24
10:09:27,10:09:27,15.02,-0.01,639,959778,卖盘,2017-07-20,2017-07-20 10:09:27
10:09:30,10:09:30,15.02,--,1097,1647694,买盘,2017-07-20,2017-07-20 10:09:30
10:09:33,10:09:33,15.02,--,1348,2024696,卖盘,2017-07-20,2017-07-20 10:09:33
10:09:36,10:09:36,15.03,0.01,568,853704,卖盘,2017-07-20,2017-07-20 10:09:36
10:09:39,10:09:39,15.03,--,783,1176849,卖盘,2017-07-20,2017-07-20 10:09:39
10:09:42,10:09:42,15.03,--,945,1420335,卖盘,2017-07-20,2017-07-20 10:09:42
10:09:45,10:09:45,15.07,0.04,276,415932,买盘,2017-07-20,2017-07-20 10:09:45
10:09:48,10:09:48,15.07,--,690,1039830,买盘,2017-07-20,2017-07-20 10:09:48
10:09:51,10:09:51,15.05,-0.02,561,844305,中性盘,2017-07-20,2017-07-20 10:09:51
10:09:54,10:09:54,15.08,0.03,765,1153620,买盘,2017-07-20,2017-07-20 10:09:54
10:09:57,10:09:57,15.07,-0.01,289,436608,卖盘,2017-07-20,2017-07-20 10:09:57
10:10:00,10:10:00,15.05,-0.02,1367,2057335,卖盘,2017-07-20,2017-07-20 10:10:00
10:10:03,10:10:03,15.13,0.08,43,65059,中性盘,2017-07-20,2017-07-20 10:10:03
10:10:06,10:10:06,15.15,0.02,214,324210,买盘,2017-07-20,2017-07-20 10:10:06
10:10:09,10:10:09,15.1,-0.05,488,736880,卖盘,2017-07-20,2017-07-20 10:10:09
10:10:12,10:10:12,15.15,0.05,207,313605,中性盘,2017-07-20,2017-07-20 10:10:12
10:10:15,10:10:15,15.15,--,138,209070,卖盘,2017-07-20,2017-07-20 10:10:15
10:10:18,10:10:18,15.16,0.01,108,163728,卖盘,2017-07-20,2017-07-20 10:10:18
10:10:23,10:10:23,15.16,--,60,90960,卖盘,2017-07-20,2017-07-20 10:10:23
10:10:24,10:10:24,15.16,--,495,750420,卖盘,2017-07-20,2017-07-20 10:10:24
10:10:27,10:10:27,15.18,0.02,49,74382,买盘,2017-07-20,2017-07-20 10:10:27
10:10:30,10:10:30,15.18,--,183,277794,买盘,2017-07-20,2017-07-20 10:10:30
10:10:33,10:10:33,15.2,0.02,852,1295040,买盘,2017-07-20,2017-07-20 10:10:33
10:10:36,10:10:36,15.2,--,57,86640,卖盘,2017-07-20,2017-07-20 10:10:36
10:10:39,10:10:39,15.25,0.05,111,169275,买盘,2017-07-20,2017-07-20 10:10:39
10:10:42,10:10:42,15.27,0.02,825,1259775,买盘,2017-07-20,2017-07-20 10:10:42
10:10:45,10:10:45,15.25,-0.02,78,118950,中性盘,2017-07-20,2017-07-20 10:10:45
10:10:48,10:10:48,15.26,0.01,58,88508,中性盘,2017-07-20,2017-07-20 10:10:48
10:10:51,10:10:51,15.27,0.01,156,238212,买盘,2017-07-20,2017-07-20 10:10:51
10:10:54,10:10:54,15.25,-0.02,167,254675,卖盘,2017-07-20,2017-07-20 10:10:54
10:10:57,10:10:57,15.27,0.02,334,510018,买盘,2017-07-20,2017-07-20 10:10:57
10:11:00,10:11:00,15.27,--,106,161862,买盘,2017-07-20,2017-07-20 10:11:00
10:11:06,10:11:06,15.27,--,81,123687,卖盘,2017-07-20,2017-07-20 10:11:06
10:11:09,10:11:09,15.27,--,269,410763,卖盘,2017-07-20,2017-07-20 10:11:09
10:11:12,10:11:12,15.24,-0.03,140,213360,卖盘,2017-07-20,2017-07-20 10:11:12
10:11:14,10:11:14,15.25,0.01,134,204350,买盘,2017-07-20,2017-07-20 10:11:14
10:11:18,10:11:18,15.26,0.01,237,361662,买盘,2017-07-20,2017-07-20 10:11:18
10:11:20,10:11:20,15.23,-0.03,24,36552,中性盘,2017-07-20,2017-07-20 10:11:20
10:11:24,10:11:24,15.2,-0.03,620,942400,卖盘,2017-07-20,2017-07-20 10:11:24
10:11:27,10:11:27,15.18,-0.02,182,276276,卖盘,2017-07-20,2017-07-20 10:11:27
10:11:30,10:11:30,15.25,0.07,523,797575,买盘,2017-07-20,2017-07-20 10:11:30
10:11:33,10:11:33,15.23,-0.02,106,161438,中性盘,2017-07-20,2017-07-20 10:11:33
10:11:36,10:11:36,15.2,-0.03,177,269040,中性盘,2017-07-20,2017-07-20 10:11:36
10:11:39,10:11:39,15.18,-0.02,75,113850,买盘,2017-07-20,2017-07-20 10:11:39
10:11:42,10:11:42,15.18,--,69,104742,买盘,2017-07-20,2017-07-20 10:11:42
10:11:45,10:11:45,15.18,--,294,446292,买盘,2017-07-20,2017-07-20 10:11:45
10:11:48,10:11:48,15.18,--,349,529782,买盘,2017-07-20,2017-07-20 10:11:48
10:11:51,10:11:51,15.17,-0.01,86,130462,中性盘,2017-07-20,2017-07-20 10:11:51
10:11:54,10:11:54,15.19,0.02,1184,1798496,买盘,2017-07-20,2017-07-20 10:11:54
10:11:57,10:11:57,15.19,--,412,625828,卖盘,2017-07-20,2017-07-20 10:11:57
10:12:00,10:12:00,15.19,--,125,189875,卖盘,2017-07-20,2017-07-20 10:12:00
10:12:03,10:12:03,15.18,-0.01,404,613272,卖盘,2017-07-20,2017-07-20 10:12:03
10:12:06,10:12:06,15.2,0.02,1309,1989680,买盘,2017-07-20,2017-07-20 10:12:06
10:12:09,10:12:09,15.2,--,357,542640,卖盘,2017-07-20,2017-07-20 10:12:09
10:12:12,10:12:12,15.2,--,119,180880,卖盘,2017-07-20,2017-07-20 10:12:12
10:12:15,10:12:15,15.2,--,35,53352,卖盘,2017-07-20,2017-07-20 10:12:15
10:12:18,10:12:18,15.2,--,552,839040,卖盘,2017-07-20,2017-07-20 10:12:18
10:12:21,10:12:21,15.2,--,383,582160,卖盘,2017-07-20,2017-07-20 10:12:21
10:12:24,10:12:24,15.2,--,161,244720,卖盘,2017-07-20,2017-07-20 10:12:24
10:12:27,10:12:27,15.23,0.03,121,184283,买盘,2017-07-20,2017-07-20 10:12:27
10:12:30,10:12:30,15.24,0.01,208,316992,买盘,2017-07-20,2017-07-20 10:12:30
10:12:33,10:12:33,15.21,-0.03,139,211419,卖盘,2017-07-20,2017-07-20 10:12:33
10:12:36,10:12:36,15.25,0.04,1929,2941725,买盘,2017-07-20,2017-07-20 10:12:36
10:12:39,10:12:39,15.25,--,365,556625,卖盘,2017-07-20,2017-07-20 10:12:39
10:12:42,10:12:42,15.26,0.01,131,199906,买盘,2017-07-20,2017-07-20 10:12:42
10:12:45,10:12:45,15.25,-0.01,123,187575,卖盘,2017-07-20,2017-07-20 10:12:45
10:12:48,10:12:48,15.26,0.01,2270,3464020,买盘,2017-07-20,2017-07-20 10:12:48
10:12:51,10:12:51,15.25,-0.01,315,480375,卖盘,2017-07-20,2017-07-20 10:12:51
10:12:54,10:12:54,15.27,0.02,420,641340,买盘,2017-07-20,2017-07-20 10:12:54
10:12:57,10:12:57,15.25,-0.02,97,147925,买盘,2017-07-20,2017-07-20 10:12:57
10:13:00,10:13:00,15.27,0.02,102,155754,买盘,2017-07-20,2017-07-20 10:13:00
10:13:03,10:13:03,15.31,0.04,355,543505,买盘,2017-07-20,2017-07-20 10:13:03
10:13:06,10:13:06,15.25,-0.06,242,369050,卖盘,2017-07-20,2017-07-20 10:13:06
10:13:09,10:13:09,15.25,--,335,510875,卖盘,2017-07-20,2017-07-20 10:13:09
10:13:12,10:13:12,15.35,0.1,172,264020,买盘,2017-07-20,2017-07-20 10:13:12
10:13:15,10:13:15,15.34,-0.01,55,84370,中性盘,2017-07-20,2017-07-20 10:13:15
10:13:18,10:13:18,15.37,0.03,115,176755,买盘,2017-07-20,2017-07-20 10:13:18
10:13:21,10:13:21,15.4,0.03,809,1245860,买盘,2017-07-20,2017-07-20 10:13:21
10:13:24,10:13:24,15.4,--,103,158620,卖盘,2017-07-20,2017-07-20 10:13:24
10:13:27,10:13:27,15.45,0.05,61,94245,买盘,2017-07-20,2017-07-20 10:13:27
10:13:30,10:13:30,15.41,-0.04,208,320528,中性盘,2017-07-20,2017-07-20 10:13:30
10:13:33,10:13:33,15.42,0.01,131,202002,中性盘,2017-07-20,2017-07-20 10:13:33
10:13:36,10:13:36,15.46,0.04,389,601394,买盘,2017-07-20,2017-07-20 10:13:36
10:13:39,10:13:39,15.45,-0.01,827,1277730,中性盘,2017-07-20,2017-07-20 10:13:39
10:13:42,10:13:42,15.5,0.05,271,420050,买盘,2017-07-20,2017-07-20 10:13:42
10:13:45,10:13:45,15.5,--,349,540950,买盘,2017-07-20,2017-07-20 10:13:45
10:13:48,10:13:48,15.4,-0.1,803,1238144,卖盘,2017-07-20,2017-07-20 10:13:48
10:13:51,10:13:51,15.45,0.05,327,505539,买盘,2017-07-20,2017-07-20 10:13:51
10:13:54,10:13:54,15.41,-0.04,55,84755,卖盘,2017-07-20,2017-07-20 10:13:54
10:13:57,10:13:57,15.33,-0.08,442,677586,卖盘,2017-07-20,2017-07-20 10:13:57
10:14:00,10:14:00,15.42,0.09,345,531990,买盘,2017-07-20,2017-07-20 10:14:00
10:14:03,10:14:03,15.4,-0.02,124,190960,中性盘,2017-07-20,2017-07-20 10:14:03
10:14:06,10:14:06,15.39,-0.01,466,717174,中性盘,2017-07-20,2017-07-20 10:14:06
10:14:09,10:14:09,15.3,-0.09,504,772328,卖盘,2017-07-20,2017-07-20 10:14:09
10:14:12,10:14:12,15.41,0.11,420,647543,买盘,2017-07-20,2017-07-20 10:14:12
10:14:15,10:14:15,15.41,--,148,228068,卖盘,2017-07-20,2017-07-20 10:14:15
10:14:18,10:14:18,15.39,-0.02,250,384750,卖盘,2017-07-20,2017-07-20 10:14:18
10:14:21,10:14:21,15.35,-0.04,199,305465,卖盘,2017-07-20,2017-07-20 10:14:21
10:14:24,10:14:24,15.35,--,674,1035802,卖盘,2017-07-20,2017-07-20 10:14:24
10:14:27,10:14:27,15.39,0.04,220,338580,买盘,2017-07-20,2017-07-20 10:14:27
10:14:30,10:14:30,15.3,-0.09,79,120870,卖盘,2017-07-20,2017-07-20 10:14:30
10:14:33,10:14:33,15.35,0.05,707,1085245,买盘,2017-07-20,2017-07-20 10:14:33
10:14:36,10:14:36,15.35,--,66,101310,买盘,2017-07-20,2017-07-20 10:14:36
10:14:39,10:14:39,15.3,-0.05,98,149940,卖盘,2017-07-20,2017-07-20 10:14:39
10:14:42,10:14:42,15.33,0.03,217,332661,买盘,2017-07-20,2017-07-20 10:14:42
10:14:45,10:14:45,15.3,-0.03,46,70380,卖盘,2017-07-20,2017-07-20 10:14:45
10:14:48,10:14:48,15.3,--,103,157590,卖盘,2017-07-20,2017-07-20 10:14:48
10:14:51,10:14:51,15.3,--,111,169830,买盘,2017-07-20,2017-07-20 10:14:51
10:14:54,10:14:54,15.3,--,61,93330,买盘,2017-07-20,2017-07-20 10:14:54
10:14:57,10:14:57,15.3,--,239,365670,买盘,2017-07-20,2017-07-20 10:14:57
10:15:00,10:15:00,15.25,-0.05,31,47275,卖盘,2017-07-20,2017-07-20 10:15:00
10:15:03,10:15:03,15.25,--,55,83875,卖盘,2017-07-20,2017-07-20 10:15:03
10:15:06,10:15:06,15.27,0.02,55,83985,中性盘,2017-07-20,2017-07-20 10:15:06
10:15:09,10:15:09,15.29,0.02,159,243111,买盘,2017-07-20,2017-07-20 10:15:09
10:15:12,10:15:12,15.25,-0.04,85,129625,卖盘,2017-07-20,2017-07-20 10:15:12
10:15:15,10:15:15,15.24,-0.01,41,62484,卖盘,2017-07-20,2017-07-20 10:15:15
10:15:18,10:15:18,15.25,0.01,54,82350,买盘,2017-07-20,2017-07-20 10:15:18
10:15:21,10:15:21,15.25,--,41,62525,买盘,2017-07-20,2017-07-20 10:15:21
10:15:24,10:15:24,15.24,-0.01,42,64008,卖盘,2017-07-20,2017-07-20 10:15:24
10:15:27,10:15:27,15.23,-0.01,149,226927,卖盘,2017-07-20,2017-07-20 10:15:27
10:15:30,10:15:30,15.25,0.02,722,1101050,买盘,2017-07-20,2017-07-20 10:15:30
10:15:33,10:15:33,15.23,-0.02,61,92903,中性盘,2017-07-20,2017-07-20 10:15:33
10:15:36,10:15:36,15.22,-0.01,69,105018,卖盘,2017-07-20,2017-07-20 10:15:36
10:15:39,10:15:39,15.22,--,181,275482,卖盘,2017-07-20,2017-07-20 10:15:39
10:15:42,10:15:42,15.21,-0.01,171,260091,卖盘,2017-07-20,2017-07-20 10:15:42
10:15:45,10:15:45,15.22,0.01,248,377456,买盘,2017-07-20,2017-07-20 10:15:45
10:15:48,10:15:48,15.2,-0.02,41,62320,卖盘,2017-07-20,2017-07-20 10:15:48
10:15:51,10:15:51,15.22,0.02,325,494650,买盘,2017-07-20,2017-07-20 10:15:51
10:15:54,10:15:54,15.22,--,138,210036,卖盘,2017-07-20,2017-07-20 10:15:54
10:15:57,10:15:57,15.22,--,23,35006,卖盘,2017-07-20,2017-07-20 10:15:57
10:16:00,10:16:00,15.2,-0.02,1312,1994240,卖盘,2017-07-20,2017-07-20 10:16:00
10:16:03,10:16:03,15.23,0.03,872,1328071,买盘,2017-07-20,2017-07-20 10:16:03
10:16:06,10:16:06,15.24,0.01,174,265176,买盘,2017-07-20,2017-07-20 10:16:06
10:16:09,10:16:09,15.2,-0.04,598,908960,卖盘,2017-07-20,2017-07-20 10:16:09
10:16:12,10:16:12,15.23,0.03,38,57874,中性盘,2017-07-20,2017-07-20 10:16:12
10:16:15,10:16:15,15.22,-0.01,635,966470,卖盘,2017-07-20,2017-07-20 10:16:15
10:16:18,10:16:18,15.24,0.02,231,352044,买盘,2017-07-20,2017-07-20 10:16:18
10:16:21,10:16:21,15.24,--,283,431292,卖盘,2017-07-20,2017-07-20 10:16:21
10:16:24,10:16:24,15.24,--,358,545592,卖盘,2017-07-20,2017-07-20 10:16:24
10:16:27,10:16:27,15.25,0.01,164,250100,买盘,2017-07-20,2017-07-20 10:16:27
10:16:30,10:16:30,15.28,0.03,346,528688,买盘,2017-07-20,2017-07-20 10:16:30
10:16:33,10:16:33,15.28,--,574,877072,买盘,2017-07-20,2017-07-20 10:16:33
10:16:36,10:16:36,15.27,-0.01,296,451992,中性盘,2017-07-20,2017-07-20 10:16:36
10:16:39,10:16:39,15.28,0.01,12,18336,买盘,2017-07-20,2017-07-20 10:16:39
10:16:42,10:16:42,15.29,0.01,231,353199,买盘,2017-07-20,2017-07-20 10:16:42
10:16:45,10:16:45,15.29,--,61,93269,买盘,2017-07-20,2017-07-20 10:16:45
10:16:48,10:16:48,15.3,0.01,1063,1626390,买盘,2017-07-20,2017-07-20 10:16:48
10:16:51,10:16:51,15.32,0.02,754,1155128,买盘,2017-07-20,2017-07-20 10:16:51
10:16:54,10:16:54,15.35,0.03,216,331560,买盘,2017-07-20,2017-07-20 10:16:54
10:16:57,10:16:57,15.32,-0.03,199,304868,中性盘,2017-07-20,2017-07-20 10:16:57
10:17:00,10:17:00,15.45,0.13,3392,5240640,买盘,2017-07-20,2017-07-20 10:17:00
10:17:03,10:17:03,15.5,0.05,562,871100,买盘,2017-07-20,2017-07-20 10:17:03
10:17:06,10:17:06,15.5,--,229,354950,买盘,2017-07-20,2017-07-20 10:17:06
10:17:09,10:17:09,15.5,--,891,1381375,买盘,2017-07-20,2017-07-20 10:17:09
10:17:12,10:17:12,15.49,-0.01,284,441139,卖盘,2017-07-20,2017-07-20 10:17:12
10:17:15,10:17:15,15.54,0.05,167,259518,买盘,2017-07-20,2017-07-20 10:17:15
10:17:18,10:17:18,15.51,-0.03,20,31020,卖盘,2017-07-20,2017-07-20 10:17:18
10:17:21,10:17:21,15.51,--,532,825132,卖盘,2017-07-20,2017-07-20 10:17:21
10:17:24,10:17:24,15.73,0.22,3472,5461456,买盘,2017-07-20,2017-07-20 10:17:24
10:17:27,10:17:27,15.73,--,1918,3017014,买盘,2017-07-20,2017-07-20 10:17:27
10:17:30,10:17:30,15.73,--,9954,15658601,卖盘,2017-07-20,2017-07-20 10:17:30
10:17:33,10:17:33,15.73,--,732,1151436,卖盘,2017-07-20,2017-07-20 10:17:33
10:17:36,10:17:36,15.73,--,265,416845,卖盘,2017-07-20,2017-07-20 10:17:36
10:17:39,10:17:39,15.73,--,299,470327,卖盘,2017-07-20,2017-07-20 10:17:39
10:17:42,10:17:42,15.73,--,366,575718,卖盘,2017-07-20,2017-07-20 10:17:42
10:17:45,10:17:45,15.73,--,1238,1947374,卖盘,2017-07-20,2017-07-20 10:17:45
10:17:48,10:17:48,15.73,--,9522,14978106,卖盘,2017-07-20,2017-07-20 10:17:48
10:17:51,10:17:51,15.73,--,10574,16632902,卖盘,2017-07-20,2017-07-20 10:17:51
10:17:54,10:17:54,15.73,--,1148,1805804,卖盘,2017-07-20,2017-07-20 10:17:54
10:17:57,10:17:57,15.73,--,2924,4599452,卖盘,2017-07-20,2017-07-20 10:17:57
10:18:00,10:18:00,15.73,--,3557,5595161,卖盘,2017-07-20,2017-07-20 10:18:00
10:18:03,10:18:03,15.73,--,2492,3919916,卖盘,2017-07-20,2017-07-20 10:18:03
10:18:06,10:18:06,15.73,--,3384,5323032,卖盘,2017-07-20,2017-07-20 10:18:06
10:18:09,10:18:09,15.72,-0.01,1828,2873616,卖盘,2017-07-20,2017-07-20 10:18:09
10:18:12,10:18:12,15.73,0.01,2852,4486196,卖盘,2017-07-20,2017-07-20 10:18:12
10:18:15,10:18:15,15.73,--,1610,2532530,卖盘,2017-07-20,2017-07-20 10:18:15
10:18:18,10:18:18,15.73,--,6770,10649210,卖盘,2017-07-20,2017-07-20 10:18:18
10:18:21,10:18:21,15.73,--,555,873015,卖盘,2017-07-20,2017-07-20 10:18:21
10:18:24,10:18:24,15.73,--,762,1198626,卖盘,2017-07-20,2017-07-20 10:18:24
10:18:27,10:18:27,15.73,--,277,435721,卖盘,2017-07-20,2017-07-20 10:18:27
10:18:30,10:18:30,15.73,--,537,844701,卖盘,2017-07-20,2017-07-20 10:18:30
10:18:33,10:18:33,15.73,--,474,745602,卖盘,2017-07-20,2017-07-20 10:18:33
10:18:36,10:18:36,15.73,--,295,464035,卖盘,2017-07-20,2017-07-20 10:18:36
10:18:39,10:18:39,15.73,--,262,412126,卖盘,2017-07-20,2017-07-20 10:18:39
10:18:42,10:18:42,15.73,--,299,470327,卖盘,2017-07-20,2017-07-20 10:18:42
10:18:45,10:18:45,15.73,--,262,412126,卖盘,2017-07-20,2017-07-20 10:18:45
10:18:48,10:18:48,15.73,--,162,254826,卖盘,2017-07-20,2017-07-20 10:18:48
10:18:51,10:18:51,15.73,--,44,69212,卖盘,2017-07-20,2017-07-20 10:18:51
10:18:54,10:18:54,15.73,--,102,160446,卖盘,2017-07-20,2017-07-20 10:18:54
10:18:57,10:18:57,15.73,--,157,246961,卖盘,2017-07-20,2017-07-20 10:18:57
10:19:00,10:19:00,15.73,--,146,229658,卖盘,2017-07-20,2017-07-20 10:19:00
10:19:03,10:19:03,15.73,--,115,180895,卖盘,2017-07-20,2017-07-20 10:19:03
10:19:06,10:19:06,15.73,--,181,284713,卖盘,2017-07-20,2017-07-20 10:19:06
10:19:09,10:19:09,15.73,--,345,542685,卖盘,2017-07-20,2017-07-20 10:19:09
10:19:12,10:19:12,15.73,--,230,361790,卖盘,2017-07-20,2017-07-20 10:19:12
10:19:15,10:19:15,15.73,--,66,103818,卖盘,2017-07-20,2017-07-20 10:19:15
10:19:18,10:19:18,15.73,--,265,416845,卖盘,2017-07-20,2017-07-20 10:19:18
10:19:21,10:19:21,15.73,--,103,162019,卖盘,2017-07-20,2017-07-20 10:19:21
10:19:24,10:19:24,15.73,--,335,526955,卖盘,2017-07-20,2017-07-20 10:19:24
10:19:27,10:19:27,15.73,--,122,191906,卖盘,2017-07-20,2017-07-20 10:19:27
10:19:30,10:19:30,15.73,--,31,48763,卖盘,2017-07-20,2017-07-20 10:19:30
10:19:33,10:19:33,15.73,--,105,165165,卖盘,2017-07-20,2017-07-20 10:19:33
10:19:36,10:19:36,15.73,--,66,103818,卖盘,2017-07-20,2017-07-20 10:19:36
10:19:39,10:19:39,15.73,--,15,23595,卖盘,2017-07-20,2017-07-20 10:19:39
10:19:42,10:19:42,15.73,--,323,508079,卖盘,2017-07-20,2017-07-20 10:19:42
10:19:45,10:19:45,15.73,--,27,42471,卖盘,2017-07-20,2017-07-20 10:19:45
10:19:48,10:19:48,15.73,--,40,62920,卖盘,2017-07-20,2017-07-20 10:19:48
10:19:51,10:19:51,15.73,--,30,47190,卖盘,2017-07-20,2017-07-20 10:19:51
10:19:54,10:19:54,15.73,--,3,4719,卖盘,2017-07-20,2017-07-20 10:19:54
10:19:57,10:19:57,15.73,--,70,110110,卖盘,2017-07-20,2017-07-20 10:19:57
10:20:00,10:20:00,15.73,--,139,218647,卖盘,2017-07-20,2017-07-20 10:20:00
10:20:03,10:20:03,15.73,--,23,36179,卖盘,2017-07-20,2017-07-20 10:20:03
10:20:06,10:20:06,15.73,--,104,163592,卖盘,2017-07-20,2017-07-20 10:20:06
10:20:09,10:20:09,15.73,--,72,113256,卖盘,2017-07-20,2017-07-20 10:20:09
10:20:12,10:20:12,15.73,--,147,231231,卖盘,2017-07-20,2017-07-20 10:20:12
10:20:15,10:20:15,15.73,--,90,141570,卖盘,2017-07-20,2017-07-20 10:20:15
10:20:18,10:20:18,15.73,--,50,78650,卖盘,2017-07-20,2017-07-20 10:20:18
10:20:21,10:20:21,15.73,--,16,25168,卖盘,2017-07-20,2017-07-20 10:20:21
10:20:24,10:20:24,15.73,--,156,245388,卖盘,2017-07-20,2017-07-20 10:20:24
10:20:27,10:20:27,15.73,--,72,113256,卖盘,2017-07-20,2017-07-20 10:20:27
10:20:30,10:20:30,15.73,--,101,158873,卖盘,2017-07-20,2017-07-20 10:20:30
10:20:33,10:20:33,15.73,--,59,92807,卖盘,2017-07-20,2017-07-20 10:20:33
10:20:36,10:20:36,15.73,--,126,198198,卖盘,2017-07-20,2017-07-20 10:20:36
10:20:39,10:20:39,15.73,--,9,14157,卖盘,2017-07-20,2017-07-20 10:20:39
10:20:42,10:20:42,15.73,--,49,77077,卖盘,2017-07-20,2017-07-20 10:20:42
10:20:45,10:20:45,15.73,--,55,86515,卖盘,2017-07-20,2017-07-20 10:20:45
10:20:48,10:20:48,15.73,--,35,55055,卖盘,2017-07-20,2017-07-20 10:20:48
10:20:51,10:20:51,15.73,--,239,375947,卖盘,2017-07-20,2017-07-20 10:20:51
10:20:54,10:20:54,15.73,--,640,1006720,卖盘,2017-07-20,2017-07-20 10:20:54
10:20:57,10:20:57,15.73,--,103,162019,卖盘,2017-07-20,2017-07-20 10:20:57
10:21:00,10:21:00,15.73,--,77,121121,卖盘,2017-07-20,2017-07-20 10:21:00
10:21:03,10:21:03,15.73,--,10,15730,卖盘,2017-07-20,2017-07-20 10:21:03
10:21:06,10:21:06,15.73,--,107,168311,卖盘,2017-07-20,2017-07-20 10:21:06
10:21:09,10:21:09,15.73,--,122,191906,卖盘,2017-07-20,2017-07-20 10:21:09
10:21:12,10:21:12,15.73,--,219,344487,卖盘,2017-07-20,2017-07-20 10:21:12
10:21:15,10:21:15,15.73,--,27,42471,卖盘,2017-07-20,2017-07-20 10:21:15
10:21:18,10:21:18,15.73,--,133,209209,卖盘,2017-07-20,2017-07-20 10:21:18
10:21:24,10:21:24,15.73,--,29,45617,卖盘,2017-07-20,2017-07-20 10:21:24
10:21:27,10:21:27,15.73,--,74,116402,卖盘,2017-07-20,2017-07-20 10:21:27
10:21:30,10:21:30,15.73,--,27,42471,卖盘,2017-07-20,2017-07-20 10:21:30
10:21:33,10:21:33,15.73,--,114,179322,卖盘,2017-07-20,2017-07-20 10:21:33
10:21:36,10:21:36,15.73,--,41,64493,卖盘,2017-07-20,2017-07-20 10:21:36
10:21:39,10:21:39,15.73,--,11,17303,卖盘,2017-07-20,2017-07-20 10:21:39
10:21:42,10:21:42,15.73,--,47,73931,卖盘,2017-07-20,2017-07-20 10:21:42
10:21:45,10:21:45,15.73,--,158,248534,卖盘,2017-07-20,2017-07-20 10:21:45
10:21:48,10:21:48,15.73,--,6,9438,卖盘,2017-07-20,2017-07-20 10:21:48
10:21:51,10:21:51,15.73,--,9,14157,卖盘,2017-07-20,2017-07-20 10:21:51
10:21:54,10:21:54,15.73,--,68,106964,卖盘,2017-07-20,2017-07-20 10:21:54
10:21:57,10:21:57,15.73,--,30,47190,卖盘,2017-07-20,2017-07-20 10:21:57
10:22:00,10:22:00,15.73,--,7,11011,卖盘,2017-07-20,2017-07-20 10:22:00
10:22:03,10:22:03,15.73,--,60,94380,卖盘,2017-07-20,2017-07-20 10:22:03
10:22:06,10:22:06,15.73,--,126,198198,卖盘,2017-07-20,2017-07-20 10:22:06
10:22:09,10:22:09,15.73,--,78,122694,卖盘,2017-07-20,2017-07-20 10:22:09
10:22:12,10:22:12,15.73,--,29,45617,卖盘,2017-07-20,2017-07-20 10:22:12
10:22:15,10:22:15,15.73,--,104,163592,卖盘,2017-07-20,2017-07-20 10:22:15
10:22:18,10:22:18,15.73,--,1,1573,卖盘,2017-07-20,2017-07-20 10:22:18
10:22:21,10:22:21,15.73,--,206,324038,卖盘,2017-07-20,2017-07-20 10:22:21
10:22:24,10:22:24,15.73,--,61,95953,卖盘,2017-07-20,2017-07-20 10:22:24
10:22:27,10:22:27,15.73,--,22,34606,卖盘,2017-07-20,2017-07-20 10:22:27
10:22:30,10:22:30,15.73,--,205,322465,卖盘,2017-07-20,2017-07-20 10:22:30
10:22:33,10:22:33,15.73,--,10,15730,卖盘,2017-07-20,2017-07-20 10:22:33
10:22:36,10:22:36,15.73,--,128,201344,卖盘,2017-07-20,2017-07-20 10:22:36
10:22:39,10:22:39,15.73,--,8,12584,卖盘,2017-07-20,2017-07-20 10:22:39
10:22:42,10:22:42,15.73,--,10,15730,卖盘,2017-07-20,2017-07-20 10:22:42
10:22:45,10:22:45,15.73,--,26,40898,卖盘,2017-07-20,2017-07-20 10:22:45
10:22:48,10:22:48,15.73,--,37,58201,卖盘,2017-07-20,2017-07-20 10:22:48
10:22:51,10:22:51,15.73,--,90,141570,卖盘,2017-07-20,2017-07-20 10:22:51
10:22:57,10:22:57,15.73,--,2,3146,卖盘,2017-07-20,2017-07-20 10:22:57
10:23:00,10:23:00,15.73,--,10,15730,卖盘,2017-07-20,2017-07-20 10:23:00
10:23:03,10:23:03,15.73,--,85,133705,卖盘,2017-07-20,2017-07-20 10:23:03
10:23:06,10:23:06,15.73,--,130,204490,卖盘,2017-07-20,2017-07-20 10:23:06
10:23:09,10:23:09,15.73,--,100,157300,卖盘,2017-07-20,2017-07-20 10:23:09
10:23:12,10:23:12,15.73,--,54,84942,卖盘,2017-07-20,2017-07-20 10:23:12
10:23:15,10:23:15,15.73,--,43,67639,卖盘,2017-07-20,2017-07-20 10:23:15
10:23:18,10:23:18,15.73,--,12,18876,卖盘,2017-07-20,2017-07-20 10:23:18
10:23:21,10:23:21,15.73,--,46,72358,卖盘,2017-07-20,2017-07-20 10:23:21
10:23:24,10:23:24,15.73,--,4,6292,卖盘,2017-07-20,2017-07-20 10:23:24
10:23:27,10:23:27,15.73,--,2,3146,卖盘,2017-07-20,2017-07-20 10:23:27
10:23:30,10:23:30,15.73,--,60,94380,卖盘,2017-07-20,2017-07-20 10:23:30
10:23:33,10:23:33,15.73,--,22,34606,卖盘,2017-07-20,2017-07-20 10:23:33
10:23:36,10:23:36,15.73,--,26,40898,卖盘,2017-07-20,2017-07-20 10:23:36
10:23:39,10:23:39,15.73,--,30,47190,卖盘,2017-07-20,2017-07-20 10:23:39
10:23:42,10:23:42,15.73,--,216,339768,卖盘,2017-07-20,2017-07-20 10:23:42
10:23:45,10:23:45,15.73,--,5,7865,卖盘,2017-07-20,2017-07-20 10:23:45
10:23:48,10:23:48,15.73,--,13,20449,卖盘,2017-07-20,2017-07-20 10:23:48
10:23:51,10:23:51,15.73,--,85,133705,卖盘,2017-07-20,2017-07-20 10:23:51
10:23:54,10:23:54,15.73,--,23,36179,卖盘,2017-07-20,2017-07-20 10:23:54
10:23:57,10:23:57,15.73,--,730,1148290,卖盘,2017-07-20,2017-07-20 10:23:57
10:24:00,10:24:00,15.73,--,40,62920,卖盘,2017-07-20,2017-07-20 10:24:00
10:24:03,10:24:03,15.73,--,170,267410,卖盘,2017-07-20,2017-07-20 10:24:03
10:24:06,10:24:06,15.73,--,39,61347,卖盘,2017-07-20,2017-07-20 10:24:06
10:24:09,10:24:09,15.73,--,41,64493,卖盘,2017-07-20,2017-07-20 10:24:09
10:24:12,10:24:12,15.73,--,19,29887,卖盘,2017-07-20,2017-07-20 10:24:12
10:24:15,10:24:15,15.73,--,7,11011,卖盘,2017-07-20,2017-07-20 10:24:15
10:24:18,10:24:18,15.73,--,12,18876,卖盘,2017-07-20,2017-07-20 10:24:18
10:24:21,10:24:21,15.73,--,10,15730,卖盘,2017-07-20,2017-07-20 10:24:21
10:24:24,10:24:24,15.73,--,216,339768,卖盘,2017-07-20,2017-07-20 10:24:24
10:24:27,10:24:27,15.73,--,49,77077,卖盘,2017-07-20,2017-07-20 10:24:27
10:24:30,10:24:30,15.73,--,53,83369,卖盘,2017-07-20,2017-07-20 10:24:30
10:24:33,10:24:33,15.73,--,30,47190,卖盘,2017-07-20,2017-07-20 10:24:33
10:24:36,10:24:36,15.73,--,52,81796,卖盘,2017-07-20,2017-07-20 10:24:36
10:24:39,10:24:39,15.73,--,12,18876,卖盘,2017-07-20,2017-07-20 10:24:39
10:24:42,10:24:42,15.73,--,6,9438,卖盘,2017-07-20,2017-07-20 10:24:42
10:24:45,10:24:45,15.73,--,24,37752,卖盘,2017-07-20,2017-07-20 10:24:45
10:24:48,10:24:48,15.73,--,108,169884,卖盘,2017-07-20,2017-07-20 10:24:48
10:24:51,10:24:51,15.73,--,25,39325,卖盘,2017-07-20,2017-07-20 10:24:51
10:24:54,10:24:54,15.73,--,100,157300,卖盘,2017-07-20,2017-07-20 10:24:54
10:24:57,10:24:57,15.73,--,32,50336,卖盘,2017-07-20,2017-07-20 10:24:57
10:25:00,10:25:00,15.73,--,5,7865,卖盘,2017-07-20,2017-07-20 10:25:00
10:25:03,10:25:03,15.73,--,13,20449,卖盘,2017-07-20,2017-07-20 10:25:03
10:25:06,10:25:06,15.73,--,27,42471,卖盘,2017-07-20,2017-07-20 10:25:06
10:25:09,10:25:09,15.73,--,20,31460,卖盘,2017-07-20,2017-07-20 10:25:09
10:25:12,10:25:12,15.73,--,521,819533,卖盘,2017-07-20,2017-07-20 10:25:12
10:25:15,10:25:15,15.73,--,77,121121,卖盘,2017-07-20,2017-07-20 10:25:15
10:25:18,10:25:18,15.73,--,30,47190,卖盘,2017-07-20,2017-07-20 10:25:18
10:25:21,10:25:21,15.73,--,262,412126,卖盘,2017-07-20,2017-07-20 10:25:21
10:25:24,10:25:24,15.73,--,12,18876,卖盘,2017-07-20,2017-07-20 10:25:24
10:25:27,10:25:27,15.73,--,286,449878,卖盘,2017-07-20,2017-07-20 10:25:27
10:25:30,10:25:30,15.73,--,69,108537,卖盘,2017-07-20,2017-07-20 10:25:30
10:25:33,10:25:33,15.73,--,106,166738,卖盘,2017-07-20,2017-07-20 10:25:33
10:25:36,10:25:36,15.73,--,2,3146,卖盘,2017-07-20,2017-07-20 10:25:36
10:25:39,10:25:39,15.73,--,332,522865,卖盘,2017-07-20,2017-07-20 10:25:39
10:25:42,10:25:42,15.73,--,27,42471,卖盘,2017-07-20,2017-07-20 10:25:42
10:25:45,10:25:45,15.73,--,54,84942,卖盘,2017-07-20,2017-07-20 10:25:45
10:25:48,10:25:48,15.73,--,118,185787,卖盘,2017-07-20,2017-07-20 10:25:48
10:25:51,10:25:51,15.73,--,38,59774,卖盘,2017-07-20,2017-07-20 10:25:51
10:25:54,10:25:54,15.73,--,20,31460,卖盘,2017-07-20,2017-07-20 10:25:54
10:25:57,10:25:57,15.73,--,228,358644,卖盘,2017-07-20,2017-07-20 10:25:57
10:26:00,10:26:00,15.73,--,86,135278,卖盘,2017-07-20,2017-07-20 10:26:00
10:26:03,10:26:03,15.73,--,80,125840,卖盘,2017-07-20,2017-07-20 10:26:03
10:26:06,10:26:06,15.73,--,284,446732,卖盘,2017-07-20,2017-07-20 10:26:06
10:26:09,10:26:09,15.73,--,80,125840,卖盘,2017-07-20,2017-07-20 10:26:09
10:26:12,10:26:12,15.73,--,116,182468,卖盘,2017-07-20,2017-07-20 10:26:12
10:26:15,10:26:15,15.73,--,21,33033,卖盘,2017-07-20,2017-07-20 10:26:15
10:26:18,10:26:18,15.73,--,40,62920,卖盘,2017-07-20,2017-07-20 10:26:18
10:26:21,10:26:21,15.73,--,53,83369,卖盘,2017-07-20,2017-07-20 10:26:21
10:26:24,10:26:24,15.73,--,28,44044,卖盘,2017-07-20,2017-07-20 10:26:24
10:26:27,10:26:27,15.73,--,31,48763,卖盘,2017-07-20,2017-07-20 10:26:27
10:26:30,10:26:30,15.73,--,38,59774,卖盘,2017-07-20,2017-07-20 10:26:30
10:26:33,10:26:33,15.73,--,321,504933,卖盘,2017-07-20,2017-07-20 10:26:33
10:26:36,10:26:36,15.73,--,125,196625,卖盘,2017-07-20,2017-07-20 10:26:36
10:26:39,10:26:39,15.73,--,27,42471,卖盘,2017-07-20,2017-07-20 10:26:39
10:26:42,10:26:42,15.73,--,19,29887,卖盘,2017-07-20,2017-07-20 10:26:42
10:26:45,10:26:45,15.73,--,44,69212,卖盘,2017-07-20,2017-07-20 10:26:45
10:26:48,10:26:48,15.73,--,62,97526,卖盘,2017-07-20,2017-07-20 10:26:48
10:26:51,10:26:51,15.73,--,19,29887,卖盘,2017-07-20,2017-07-20 10:26:51
10:26:54,10:26:54,15.73,--,10,15730,卖盘,2017-07-20,2017-07-20 10:26:54
10:26:57,10:26:57,15.73,--,2,3146,卖盘,2017-07-20,2017-07-20 10:26:57
10:27:00,10:27:00,15.73,--,974,1532102,卖盘,2017-07-20,2017-07-20 10:27:00
10:27:03,10:27:03,15.73,--,1,1573,卖盘,2017-07-20,2017-07-20 10:27:03
10:27:06,10:27:06,15.73,--,202,317746,卖盘,2017-07-20,2017-07-20 10:27:06
10:27:09,10:27:09,15.73,--,41,64493,卖盘,2017-07-20,2017-07-20 10:27:09
10:27:12,10:27:12,15.73,--,101,158873,卖盘,2017-07-20,2017-07-20 10:27:12
10:27:15,10:27:15,15.73,--,33,51909,卖盘,2017-07-20,2017-07-20 10:27:15
10:27:18,10:27:18,15.73,--,980,1541540,卖盘,2017-07-20,2017-07-20 10:27:18
10:27:21,10:27:21,15.73,--,2923,4597879,卖盘,2017-07-20,2017-07-20 10:27:21
10:27:24,10:27:24,15.73,--,14117,22206041,卖盘,2017-07-20,2017-07-20 10:27:24
10:27:28,10:27:28,15.73,--,1058,1664234,卖盘,2017-07-20,2017-07-20 10:27:28
10:27:30,10:27:30,15.73,--,870,1368510,卖盘,2017-07-20,2017-07-20 10:27:30
10:27:33,10:27:33,15.73,--,1667,2622191,卖盘,2017-07-20,2017-07-20 10:27:33
10:27:36,10:27:36,15.73,--,4130,6496490,卖盘,2017-07-20,2017-07-20 10:27:36
10:27:39,10:27:39,15.73,--,1311,2062203,卖盘,2017-07-20,2017-07-20 10:27:39
10:27:42,10:27:42,15.73,--,1350,2123550,卖盘,2017-07-20,2017-07-20 10:27:42
10:27:45,10:27:45,15.72,-0.01,463,727836,卖盘,2017-07-20,2017-07-20 10:27:45
10:27:48,10:27:48,15.72,--,624,980928,卖盘,2017-07-20,2017-07-20 10:27:48
10:27:51,10:27:51,15.73,0.01,321,504933,买盘,2017-07-20,2017-07-20 10:27:51
10:27:54,10:27:54,15.72,-0.01,455,715260,卖盘,2017-07-20,2017-07-20 10:27:54
10:27:57,10:27:57,15.73,0.01,318,500214,买盘,2017-07-20,2017-07-20 10:27:57
10:28:00,10:28:00,15.7,-0.03,623,978110,卖盘,2017-07-20,2017-07-20 10:28:00
10:28:03,10:28:03,15.65,-0.05,62,97030,卖盘,2017-07-20,2017-07-20 10:28:03
10:28:06,10:28:06,15.71,0.06,110,172810,买盘,2017-07-20,2017-07-20 10:28:06
10:28:09,10:28:09,15.6,-0.11,152,237120,中性盘,2017-07-20,2017-07-20 10:28:09
10:28:12,10:28:12,15.71,0.11,1442,2265382,买盘,2017-07-20,2017-07-20 10:28:12
10:28:15,10:28:15,15.59,-0.12,208,324272,卖盘,2017-07-20,2017-07-20 10:28:15
10:28:18,10:28:18,15.59,--,19,29621,买盘,2017-07-20,2017-07-20 10:28:18
10:28:21,10:28:21,15.59,--,44,68596,买盘,2017-07-20,2017-07-20 10:28:21
10:28:24,10:28:24,15.6,0.01,300,468000,买盘,2017-07-20,2017-07-20 10:28:24
10:28:27,10:28:27,15.59,-0.01,235,366365,卖盘,2017-07-20,2017-07-20 10:28:27
10:28:30,10:28:30,15.59,--,485,756115,卖盘,2017-07-20,2017-07-20 10:28:30
10:28:33,10:28:33,15.59,--,197,307123,买盘,2017-07-20,2017-07-20 10:28:33
10:28:36,10:28:36,15.6,0.01,202,315120,买盘,2017-07-20,2017-07-20 10:28:36
10:28:39,10:28:39,15.61,0.01,627,978747,中性盘,2017-07-20,2017-07-20 10:28:39
10:28:42,10:28:42,15.67,0.06,251,393317,买盘,2017-07-20,2017-07-20 10:28:42
10:28:48,10:28:48,15.64,-0.03,177,276828,中性盘,2017-07-20,2017-07-20 10:28:48
10:28:51,10:28:51,15.67,0.03,230,360410,中性盘,2017-07-20,2017-07-20 10:28:51
10:28:54,10:28:54,15.67,--,110,172370,卖盘,2017-07-20,2017-07-20 10:28:54
10:28:57,10:28:57,15.67,--,409,640903,买盘,2017-07-20,2017-07-20 10:28:57
10:29:00,10:29:00,15.62,-0.05,145,226490,中性盘,2017-07-20,2017-07-20 10:29:00
10:29:03,10:29:03,15.65,0.03,345,539925,中性盘,2017-07-20,2017-07-20 10:29:03
10:29:06,10:29:06,15.68,0.03,588,921984,买盘,2017-07-20,2017-07-20 10:29:06
10:29:09,10:29:09,15.67,-0.01,305,477935,卖盘,2017-07-20,2017-07-20 10:29:09
10:29:12,10:29:12,15.64,-0.03,123,192372,卖盘,2017-07-20,2017-07-20 10:29:12
10:29:15,10:29:15,15.64,--,246,384744,卖盘,2017-07-20,2017-07-20 10:29:15
10:29:18,10:29:18,15.67,0.03,25,39175,中性盘,2017-07-20,2017-07-20 10:29:18
10:29:21,10:29:21,15.65,-0.02,63,98595,卖盘,2017-07-20,2017-07-20 10:29:21
10:29:24,10:29:24,15.68,0.03,445,697760,买盘,2017-07-20,2017-07-20 10:29:24
10:29:27,10:29:27,15.68,--,362,567616,卖盘,2017-07-20,2017-07-20 10:29:27
10:29:30,10:29:30,15.68,--,263,412384,中性盘,2017-07-20,2017-07-20 10:29:30
10:29:33,10:29:33,15.67,-0.01,489,766263,卖盘,2017-07-20,2017-07-20 10:29:33
10:29:36,10:29:36,15.68,0.01,538,843584,买盘,2017-07-20,2017-07-20 10:29:36
10:29:39,10:29:39,15.67,-0.01,237,371379,卖盘,2017-07-20,2017-07-20 10:29:39
10:29:42,10:29:42,15.68,0.01,460,721280,买盘,2017-07-20,2017-07-20 10:29:42
10:29:45,10:29:45,15.68,--,392,614656,卖盘,2017-07-20,2017-07-20 10:29:45
10:29:48,10:29:48,15.65,-0.03,46,71990,卖盘,2017-07-20,2017-07-20 10:29:48
10:29:51,10:29:51,15.67,0.02,51,79917,买盘,2017-07-20,2017-07-20 10:29:51
10:29:54,10:29:54,15.67,--,115,180205,买盘,2017-07-20,2017-07-20 10:29:54
10:29:57,10:29:57,15.67,--,66,103422,买盘,2017-07-20,2017-07-20 10:29:57
10:30:00,10:30:00,15.65,-0.02,89,139285,卖盘,2017-07-20,2017-07-20 10:30:00
10:30:03,10:30:03,15.66,0.01,203,317898,中性盘,2017-07-20,2017-07-20 10:30:03
10:30:06,10:30:06,15.65,-0.01,300,469500,卖盘,2017-07-20,2017-07-20 10:30:06
10:30:09,10:30:09,15.65,--,79,123635,卖盘,2017-07-20,2017-07-20 10:30:09
10:30:12,10:30:12,15.67,0.02,417,653439,买盘,2017-07-20,2017-07-20 10:30:12
10:30:15,10:30:15,15.65,-0.02,288,450720,卖盘,2017-07-20,2017-07-20 10:30:15
10:30:18,10:30:18,15.63,-0.02,233,364179,卖盘,2017-07-20,2017-07-20 10:30:18
10:30:21,10:30:21,15.65,0.02,65,101725,买盘,2017-07-20,2017-07-20 10:30:21
10:30:24,10:30:24,15.63,-0.02,41,64083,卖盘,2017-07-20,2017-07-20 10:30:24
10:30:27,10:30:27,15.65,0.02,227,355255,买盘,2017-07-20,2017-07-20 10:30:27
10:30:30,10:30:30,15.62,-0.03,118,184316,卖盘,2017-07-20,2017-07-20 10:30:30
10:30:33,10:30:33,15.63,0.01,651,1017513,买盘,2017-07-20,2017-07-20 10:30:33
10:30:36,10:30:36,15.59,-0.04,80,124720,卖盘,2017-07-20,2017-07-20 10:30:36
10:30:39,10:30:39,15.58,-0.01,108,168264,卖盘,2017-07-20,2017-07-20 10:30:39
10:30:42,10:30:42,15.59,0.01,96,149664,中性盘,2017-07-20,2017-07-20 10:30:42
10:30:45,10:30:45,15.58,-0.01,91,141778,卖盘,2017-07-20,2017-07-20 10:30:45
10:30:48,10:30:48,15.58,--,82,127756,卖盘,2017-07-20,2017-07-20 10:30:48
10:30:51,10:30:51,15.55,-0.03,145,225475,卖盘,2017-07-20,2017-07-20 10:30:51
10:30:54,10:30:54,15.58,0.03,102,158916,买盘,2017-07-20,2017-07-20 10:30:54
10:30:57,10:30:57,15.55,-0.03,34,52870,卖盘,2017-07-20,2017-07-20 10:30:57
10:31:00,10:31:00,15.52,-0.03,181,280912,卖盘,2017-07-20,2017-07-20 10:31:00
10:31:03,10:31:03,15.53,0.01,568,882104,中性盘,2017-07-20,2017-07-20 10:31:03
10:31:06,10:31:06,15.53,--,45,69885,买盘,2017-07-20,2017-07-20 10:31:06
10:31:09,10:31:09,15.53,--,74,114922,买盘,2017-07-20,2017-07-20 10:31:09
10:31:12,10:31:12,15.54,0.01,383,595182,买盘,2017-07-20,2017-07-20 10:31:12
10:31:15,10:31:15,15.53,-0.01,263,408439,卖盘,2017-07-20,2017-07-20 10:31:15
10:31:18,10:31:18,15.5,-0.03,390,604500,卖盘,2017-07-20,2017-07-20 10:31:18
10:31:21,10:31:21,15.5,--,183,283650,买盘,2017-07-20,2017-07-20 10:31:21
10:31:24,10:31:24,15.4,-0.1,611,940940,卖盘,2017-07-20,2017-07-20 10:31:24
10:31:27,10:31:27,15.5,0.1,140,217000,买盘,2017-07-20,2017-07-20 10:31:27
10:31:30,10:31:30,15.48,-0.02,624,965952,买盘,2017-07-20,2017-07-20 10:31:30
10:31:33,10:31:33,15.38,-0.1,78,119964,中性盘,2017-07-20,2017-07-20 10:31:33
10:31:36,10:31:36,15.32,-0.06,20,30640,中性盘,2017-07-20,2017-07-20 10:31:36
10:31:39,10:31:39,15.39,0.07,46,70794,买盘,2017-07-20,2017-07-20 10:31:39
10:31:42,10:31:42,15.38,-0.01,74,113812,卖盘,2017-07-20,2017-07-20 10:31:42
10:31:45,10:31:45,15.38,--,162,249156,卖盘,2017-07-20,2017-07-20 10:31:45
10:31:48,10:31:48,15.4,0.02,413,636020,买盘,2017-07-20,2017-07-20 10:31:48
10:31:51,10:31:51,15.4,--,340,523600,买盘,2017-07-20,2017-07-20 10:31:51
10:31:54,10:31:54,15.38,-0.02,724,1113512,卖盘,2017-07-20,2017-07-20 10:31:54
10:31:57,10:31:57,15.39,0.01,71,109269,中性盘,2017-07-20,2017-07-20 10:31:57
10:32:00,10:32:00,15.36,-0.03,122,187392,卖盘,2017-07-20,2017-07-20 10:32:00
10:32:03,10:32:03,15.38,0.02,164,252232,买盘,2017-07-20,2017-07-20 10:32:03
10:32:06,10:32:06,15.38,--,180,276840,买盘,2017-07-20,2017-07-20 10:32:06
10:32:09,10:32:09,15.35,-0.03,335,514225,卖盘,2017-07-20,2017-07-20 10:32:09
10:32:12,10:32:12,15.39,0.04,389,598671,买盘,2017-07-20,2017-07-20 10:32:12
10:32:15,10:32:15,15.36,-0.03,761,1168896,卖盘,2017-07-20,2017-07-20 10:32:15
10:32:18,10:32:18,15.4,0.04,171,263340,买盘,2017-07-20,2017-07-20 10:32:18
10:32:21,10:32:21,15.36,-0.04,184,282624,卖盘,2017-07-20,2017-07-20 10:32:21
10:32:24,10:32:24,15.38,0.02,21,32298,买盘,2017-07-20,2017-07-20 10:32:24
10:32:27,10:32:27,15.38,--,161,247618,买盘,2017-07-20,2017-07-20 10:32:27
10:32:30,10:32:30,15.39,0.01,46,70794,买盘,2017-07-20,2017-07-20 10:32:30
10:32:33,10:32:33,15.38,-0.01,136,209168,卖盘,2017-07-20,2017-07-20 10:32:33
10:32:36,10:32:36,15.36,-0.02,1146,1760256,卖盘,2017-07-20,2017-07-20 10:32:36
10:32:39,10:32:39,15.38,0.02,409,629042,买盘,2017-07-20,2017-07-20 10:32:39
10:32:42,10:32:42,15.38,--,88,135344,买盘,2017-07-20,2017-07-20 10:32:42
10:32:45,10:32:45,15.38,--,1182,1817916,买盘,2017-07-20,2017-07-20 10:32:45
10:32:48,10:32:48,15.36,-0.02,137,210432,卖盘,2017-07-20,2017-07-20 10:32:48
10:32:51,10:32:51,15.38,0.02,12,18456,中性盘,2017-07-20,2017-07-20 10:32:51
10:32:54,10:32:54,15.37,-0.01,60,92220,卖盘,2017-07-20,2017-07-20 10:32:54
10:32:57,10:32:57,15.3,-0.07,715,1093950,卖盘,2017-07-20,2017-07-20 10:32:57
10:33:00,10:33:00,15.38,0.08,395,607510,买盘,2017-07-20,2017-07-20 10:33:00
10:33:03,10:33:03,15.37,-0.01,356,547172,卖盘,2017-07-20,2017-07-20 10:33:03
10:33:06,10:33:06,15.34,-0.03,112,171808,卖盘,2017-07-20,2017-07-20 10:33:06
10:33:09,10:33:09,15.3,-0.04,975,1491750,卖盘,2017-07-20,2017-07-20 10:33:09
10:33:15,10:33:15,15.3,--,282,431460,买盘,2017-07-20,2017-07-20 10:33:15
10:33:18,10:33:18,15.28,-0.02,252,385056,卖盘,2017-07-20,2017-07-20 10:33:18
10:33:21,10:33:21,15.37,0.09,986,1515774,买盘,2017-07-20,2017-07-20 10:33:21
10:33:24,10:33:24,15.32,-0.05,57,87324,中性盘,2017-07-20,2017-07-20 10:33:24
10:33:27,10:33:27,15.37,0.05,268,411916,中性盘,2017-07-20,2017-07-20 10:33:27
10:33:30,10:33:30,15.39,0.02,138,212382,买盘,2017-07-20,2017-07-20 10:33:30
10:33:33,10:33:33,15.38,-0.01,54,83052,中性盘,2017-07-20,2017-07-20 10:33:33
10:33:36,10:33:36,15.37,-0.01,8,12296,中性盘,2017-07-20,2017-07-20 10:33:36
10:33:39,10:33:39,15.37,--,50,76850,卖盘,2017-07-20,2017-07-20 10:33:39
10:33:42,10:33:42,15.38,0.01,57,87666,买盘,2017-07-20,2017-07-20 10:33:42
10:33:46,10:33:46,15.38,--,73,112274,买盘,2017-07-20,2017-07-20 10:33:46
10:33:48,10:33:48,15.4,0.02,197,303380,买盘,2017-07-20,2017-07-20 10:33:48
10:33:52,10:33:52,15.4,--,20,30800,卖盘,2017-07-20,2017-07-20 10:33:52
10:33:54,10:33:54,15.41,0.01,262,403742,买盘,2017-07-20,2017-07-20 10:33:54
10:33:58,10:33:58,15.42,0.01,7,10794,中性盘,2017-07-20,2017-07-20 10:33:58
10:34:03,10:34:03,15.48,0.06,29,44892,买盘,2017-07-20,2017-07-20 10:34:03
10:34:07,10:34:07,15.48,--,25,38700,买盘,2017-07-20,2017-07-20 10:34:07
10:34:09,10:34:09,15.48,--,485,750780,买盘,2017-07-20,2017-07-20 10:34:09
10:34:12,10:34:12,15.48,--,33,51084,买盘,2017-07-20,2017-07-20 10:34:12
10:34:15,10:34:15,15.44,-0.04,351,541944,卖盘,2017-07-20,2017-07-20 10:34:15
10:34:19,10:34:19,15.44,--,66,101904,买盘,2017-07-20,2017-07-20 10:34:19
10:34:22,10:34:22,15.44,--,50,77200,买盘,2017-07-20,2017-07-20 10:34:22
10:34:24,10:34:24,15.44,--,303,467832,买盘,2017-07-20,2017-07-20 10:34:24
10:34:27,10:34:27,15.44,--,374,577456,买盘,2017-07-20,2017-07-20 10:34:27
10:34:30,10:34:30,15.43,-0.01,16,24688,中性盘,2017-07-20,2017-07-20 10:34:30
10:34:34,10:34:34,15.48,0.05,194,300312,买盘,2017-07-20,2017-07-20 10:34:34
10:34:37,10:34:37,15.42,-0.06,441,680022,卖盘,2017-07-20,2017-07-20 10:34:37
10:34:39,10:34:39,15.42,--,71,109482,卖盘,2017-07-20,2017-07-20 10:34:39
10:34:43,10:34:43,15.48,0.06,33,51084,买盘,2017-07-20,2017-07-20 10:34:43
10:34:45,10:34:45,15.44,-0.04,1282,1979408,卖盘,2017-07-20,2017-07-20 10:34:45
10:34:49,10:34:49,15.47,0.03,88,136136,中性盘,2017-07-20,2017-07-20 10:34:49
10:34:52,10:34:52,15.47,--,53,81991,买盘,2017-07-20,2017-07-20 10:34:52
10:34:55,10:34:55,15.47,--,52,80444,买盘,2017-07-20,2017-07-20 10:34:55
10:34:58,10:34:58,15.47,--,242,374374,买盘,2017-07-20,2017-07-20 10:34:58
10:35:01,10:35:01,15.46,-0.01,86,132956,卖盘,2017-07-20,2017-07-20 10:35:01
10:35:03,10:35:03,15.46,--,107,165422,买盘,2017-07-20,2017-07-20 10:35:03
10:35:07,10:35:07,15.46,--,36,55656,买盘,2017-07-20,2017-07-20 10:35:07
10:35:10,10:35:10,15.46,--,34,52564,买盘,2017-07-20,2017-07-20 10:35:10
10:35:13,10:35:13,15.46,--,112,173152,买盘,2017-07-20,2017-07-20 10:35:13
10:35:16,10:35:16,15.45,-0.01,44,67980,卖盘,2017-07-20,2017-07-20 10:35:16
10:35:19,10:35:19,15.44,-0.01,13,20072,卖盘,2017-07-20,2017-07-20 10:35:19
10:35:22,10:35:22,15.42,-0.02,15,23130,卖盘,2017-07-20,2017-07-20 10:35:22
10:35:25,10:35:25,15.45,0.03,379,585555,买盘,2017-07-20,2017-07-20 10:35:25
10:35:28,10:35:28,15.44,-0.01,659,1017496,中性盘,2017-07-20,2017-07-20 10:35:28
10:35:30,10:35:30,15.44,--,38,58672,卖盘,2017-07-20,2017-07-20 10:35:30
10:35:33,10:35:33,15.45,0.01,57,88065,买盘,2017-07-20,2017-07-20 10:35:33
10:35:36,10:35:36,15.45,--,285,440325,买盘,2017-07-20,2017-07-20 10:35:36
10:35:40,10:35:40,15.44,-0.01,19,29336,中性盘,2017-07-20,2017-07-20 10:35:40
10:35:43,10:35:43,15.41,-0.03,14,21574,卖盘,2017-07-20,2017-07-20 10:35:43
10:35:45,10:35:45,15.4,-0.01,59,90860,卖盘,2017-07-20,2017-07-20 10:35:45
10:35:49,10:35:49,15.43,0.03,214,330202,中性盘,2017-07-20,2017-07-20 10:35:49
10:35:52,10:35:52,15.43,--,48,74064,买盘,2017-07-20,2017-07-20 10:35:52
10:35:55,10:35:55,15.44,0.01,231,356664,买盘,2017-07-20,2017-07-20 10:35:55
10:35:57,10:35:57,15.4,-0.04,266,409640,卖盘,2017-07-20,2017-07-20 10:35:57
10:36:01,10:36:01,15.41,0.01,8,12328,中性盘,2017-07-20,2017-07-20 10:36:01
10:36:03,10:36:03,15.4,-0.01,146,224840,卖盘,2017-07-20,2017-07-20 10:36:03
10:36:06,10:36:06,15.39,-0.01,271,417069,卖盘,2017-07-20,2017-07-20 10:36:06
10:36:10,10:36:10,15.4,0.01,434,668360,买盘,2017-07-20,2017-07-20 10:36:10
10:36:12,10:36:12,15.38,-0.02,110,169180,卖盘,2017-07-20,2017-07-20 10:36:12
10:36:16,10:36:16,15.4,0.02,49,75460,买盘,2017-07-20,2017-07-20 10:36:16
10:36:19,10:36:19,15.38,-0.02,11,16918,卖盘,2017-07-20,2017-07-20 10:36:19
10:36:22,10:36:22,15.38,--,5,7690,卖盘,2017-07-20,2017-07-20 10:36:22
10:36:25,10:36:25,15.38,--,165,253770,卖盘,2017-07-20,2017-07-20 10:36:25
10:36:27,10:36:27,15.38,--,240,369120,卖盘,2017-07-20,2017-07-20 10:36:27
10:36:31,10:36:31,15.39,0.01,227,349353,买盘,2017-07-20,2017-07-20 10:36:31
10:36:34,10:36:34,15.38,-0.01,1,1538,买盘,2017-07-20,2017-07-20 10:36:34
10:36:37,10:36:37,15.38,--,45,69210,卖盘,2017-07-20,2017-07-20 10:36:37
10:36:40,10:36:40,15.38,--,37,56906,买盘,2017-07-20,2017-07-20 10:36:40
10:36:43,10:36:43,15.4,0.02,30,46200,买盘,2017-07-20,2017-07-20 10:36:43
10:36:46,10:36:46,15.38,-0.02,79,121502,卖盘,2017-07-20,2017-07-20 10:36:46
10:36:49,10:36:49,15.38,--,28,43064,卖盘,2017-07-20,2017-07-20 10:36:49
10:36:52,10:36:52,15.38,--,151,232238,买盘,2017-07-20,2017-07-20 10:36:52
10:36:54,10:36:54,15.4,0.02,34,52360,买盘,2017-07-20,2017-07-20 10:36:54
10:36:58,10:36:58,15.38,-0.02,9,13842,卖盘,2017-07-20,2017-07-20 10:36:58
10:37:01,10:37:01,15.38,--,39,59982,买盘,2017-07-20,2017-07-20 10:37:01
10:37:03,10:37:03,15.38,--,22,33836,买盘,2017-07-20,2017-07-20 10:37:03
10:37:07,10:37:07,15.45,0.07,346,535527,买盘,2017-07-20,2017-07-20 10:37:07
10:37:09,10:37:09,15.41,-0.04,185,285085,卖盘,2017-07-20,2017-07-20 10:37:09
10:37:13,10:37:13,15.38,-0.03,222,342020,卖盘,2017-07-20,2017-07-20 10:37:13
10:37:16,10:37:16,15.38,--,11,16918,卖盘,2017-07-20,2017-07-20 10:37:16
10:37:19,10:37:19,15.4,0.02,18,27720,买盘,2017-07-20,2017-07-20 10:37:19
10:37:22,10:37:22,15.4,--,46,70840,买盘,2017-07-20,2017-07-20 10:37:22
10:37:25,10:37:25,15.41,0.01,17,26197,买盘,2017-07-20,2017-07-20 10:37:25
10:37:27,10:37:27,15.41,--,622,959457,买盘,2017-07-20,2017-07-20 10:37:27
10:37:31,10:37:31,15.41,--,22,33902,卖盘,2017-07-20,2017-07-20 10:37:31
10:37:34,10:37:34,15.4,-0.01,128,197120,卖盘,2017-07-20,2017-07-20 10:37:34
10:37:37,10:37:37,15.38,-0.02,759,1167926,卖盘,2017-07-20,2017-07-20 10:37:37
10:37:40,10:37:40,15.4,0.02,193,298174,买盘,2017-07-20,2017-07-20 10:37:40
10:37:43,10:37:43,15.44,0.04,59,91096,卖盘,2017-07-20,2017-07-20 10:37:43
10:37:46,10:37:46,15.4,-0.04,34,52945,卖盘,2017-07-20,2017-07-20 10:37:46
10:37:49,10:37:49,15.41,0.01,67,103247,买盘,2017-07-20,2017-07-20 10:37:49
10:37:51,10:37:51,15.44,0.03,24,38013,买盘,2017-07-20,2017-07-20 10:37:51
10:37:55,10:37:55,15.42,-0.02,17,26214,卖盘,2017-07-20,2017-07-20 10:37:55
10:37:58,10:37:58,15.42,--,20,30840,卖盘,2017-07-20,2017-07-20 10:37:58
10:38:01,10:38:01,15.4,-0.02,10,15400,卖盘,2017-07-20,2017-07-20 10:38:01
10:38:04,10:38:04,15.42,0.02,288,444096,中性盘,2017-07-20,2017-07-20 10:38:04
10:38:07,10:38:07,15.42,--,134,206628,买盘,2017-07-20,2017-07-20 10:38:07
10:38:10,10:38:10,15.44,0.02,30,46320,买盘,2017-07-20,2017-07-20 10:38:10
10:38:13,10:38:13,15.42,-0.02,39,60138,卖盘,2017-07-20,2017-07-20 10:38:13
10:38:16,10:38:16,15.42,--,48,74016,卖盘,2017-07-20,2017-07-20 10:38:16
10:38:19,10:38:19,15.44,0.02,30,46320,中性盘,2017-07-20,2017-07-20 10:38:19
10:38:21,10:38:21,15.42,-0.02,11,16962,卖盘,2017-07-20,2017-07-20 10:38:21
10:38:25,10:38:25,15.44,0.02,394,608336,买盘,2017-07-20,2017-07-20 10:38:25
10:38:27,10:38:27,15.44,--,2,3088,卖盘,2017-07-20,2017-07-20 10:38:27
10:38:30,10:38:30,15.44,--,50,77200,卖盘,2017-07-20,2017-07-20 10:38:30
10:38:34,10:38:34,15.44,--,102,157488,卖盘,2017-07-20,2017-07-20 10:38:34
10:38:36,10:38:36,15.44,--,138,213072,买盘,2017-07-20,2017-07-20 10:38:36
10:38:40,10:38:40,15.42,-0.02,68,104856,卖盘,2017-07-20,2017-07-20 10:38:40
10:38:42,10:38:42,15.42,--,16,24672,买盘,2017-07-20,2017-07-20 10:38:42
10:38:46,10:38:46,15.42,--,11,16962,买盘,2017-07-20,2017-07-20 10:38:46
10:38:49,10:38:49,15.42,--,47,72474,买盘,2017-07-20,2017-07-20 10:38:49
10:38:52,10:38:52,15.42,--,32,49344,买盘,2017-07-20,2017-07-20 10:38:52
10:38:55,10:38:55,15.42,--,15,23130,买盘,2017-07-20,2017-07-20 10:38:55
10:38:58,10:38:58,15.42,--,75,115650,卖盘,2017-07-20,2017-07-20 10:38:58
10:39:01,10:39:01,15.44,0.02,22,33968,买盘,2017-07-20,2017-07-20 10:39:01
10:39:04,10:39:04,15.42,-0.02,8,12336,卖盘,2017-07-20,2017-07-20 10:39:04
10:39:07,10:39:07,15.42,--,21,32382,卖盘,2017-07-20,2017-07-20 10:39:07
10:39:10,10:39:10,15.44,0.02,55,84920,买盘,2017-07-20,2017-07-20 10:39:10
10:39:13,10:39:13,15.44,--,25,38600,买盘,2017-07-20,2017-07-20 10:39:13
10:39:16,10:39:16,15.42,-0.02,139,214338,卖盘,2017-07-20,2017-07-20 10:39:16
10:39:19,10:39:19,15.45,0.03,304,469680,买盘,2017-07-20,2017-07-20 10:39:19
10:39:22,10:39:22,15.43,-0.02,12,18516,卖盘,2017-07-20,2017-07-20 10:39:22
10:39:25,10:39:25,15.42,-0.01,287,442554,卖盘,2017-07-20,2017-07-20 10:39:25
10:39:28,10:39:28,15.42,--,110,169620,买盘,2017-07-20,2017-07-20 10:39:28
10:39:31,10:39:31,15.42,--,6,9252,买盘,2017-07-20,2017-07-20 10:39:31
10:39:34,10:39:34,15.41,-0.01,5,7705,卖盘,2017-07-20,2017-07-20 10:39:34
10:39:37,10:39:37,15.42,0.01,15,23130,买盘,2017-07-20,2017-07-20 10:39:37
10:39:40,10:39:40,15.42,--,96,148032,买盘,2017-07-20,2017-07-20 10:39:40
10:39:42,10:39:42,15.41,-0.01,68,104788,卖盘,2017-07-20,2017-07-20 10:39:42
10:39:46,10:39:46,15.41,--,63,97083,卖盘,2017-07-20,2017-07-20 10:39:46
10:39:49,10:39:49,15.41,--,85,130985,卖盘,2017-07-20,2017-07-20 10:39:49
10:39:52,10:39:52,15.42,0.01,252,388584,买盘,2017-07-20,2017-07-20 10:39:52
10:39:55,10:39:55,15.41,-0.01,59,90919,中性盘,2017-07-20,2017-07-20 10:39:55
10:39:58,10:39:58,15.4,-0.01,175,270085,卖盘,2017-07-20,2017-07-20 10:39:58
10:40:01,10:40:01,15.4,--,2,3080,买盘,2017-07-20,2017-07-20 10:40:01
10:40:04,10:40:04,15.4,--,59,90860,买盘,2017-07-20,2017-07-20 10:40:04
10:40:07,10:40:07,15.39,-0.01,72,110808,卖盘,2017-07-20,2017-07-20 10:40:07
10:40:10,10:40:10,15.39,--,24,36936,卖盘,2017-07-20,2017-07-20 10:40:10
10:40:13,10:40:13,15.4,0.01,21,32340,买盘,2017-07-20,2017-07-20 10:40:13
10:40:16,10:40:16,15.39,-0.01,48,73872,卖盘,2017-07-20,2017-07-20 10:40:16
10:40:19,10:40:19,15.39,--,13,20007,卖盘,2017-07-20,2017-07-20 10:40:19
10:40:21,10:40:21,15.39,--,237,364743,买盘,2017-07-20,2017-07-20 10:40:21
10:40:25,10:40:25,15.38,-0.01,130,199940,卖盘,2017-07-20,2017-07-20 10:40:25
10:40:28,10:40:28,15.39,0.01,7,10773,买盘,2017-07-20,2017-07-20 10:40:28
10:40:31,10:40:31,15.38,-0.01,68,104584,卖盘,2017-07-20,2017-07-20 10:40:31
10:40:34,10:40:34,15.38,--,499,767462,卖盘,2017-07-20,2017-07-20 10:40:34
10:40:37,10:40:37,15.38,--,1,1538,买盘,2017-07-20,2017-07-20 10:40:37
10:40:40,10:40:40,15.38,--,13,19994,买盘,2017-07-20,2017-07-20 10:40:40
10:40:43,10:40:43,15.37,-0.01,26,39962,卖盘,2017-07-20,2017-07-20 10:40:43
10:40:46,10:40:46,15.38,0.01,67,103046,买盘,2017-07-20,2017-07-20 10:40:46
10:40:49,10:40:49,15.37,-0.01,5,7685,卖盘,2017-07-20,2017-07-20 10:40:49
10:40:52,10:40:52,15.37,--,147,225939,卖盘,2017-07-20,2017-07-20 10:40:52
10:40:55,10:40:55,15.37,--,28,43036,买盘,2017-07-20,2017-07-20 10:40:55
10:40:58,10:40:58,15.37,--,33,50721,买盘,2017-07-20,2017-07-20 10:40:58
10:41:01,10:41:01,15.36,-0.01,56,86016,卖盘,2017-07-20,2017-07-20 10:41:01
10:41:04,10:41:04,15.36,--,37,56832,卖盘,2017-07-20,2017-07-20 10:41:04
10:41:07,10:41:07,15.37,0.01,105,161385,买盘,2017-07-20,2017-07-20 10:41:07
10:41:10,10:41:10,15.37,--,49,75313,买盘,2017-07-20,2017-07-20 10:41:10
10:41:12,10:41:12,15.38,0.01,8,12304,买盘,2017-07-20,2017-07-20 10:41:12
10:41:16,10:41:16,15.4,0.02,377,580580,买盘,2017-07-20,2017-07-20 10:41:16
10:41:19,10:41:19,15.36,-0.04,42,64512,卖盘,2017-07-20,2017-07-20 10:41:19
10:41:22,10:41:22,15.39,0.03,53,81567,卖盘,2017-07-20,2017-07-20 10:41:22
10:41:25,10:41:25,15.39,--,29,44631,卖盘,2017-07-20,2017-07-20 10:41:25
10:41:28,10:41:28,15.4,0.01,15,23100,买盘,2017-07-20,2017-07-20 10:41:28
10:41:30,10:41:30,15.39,-0.01,160,246240,卖盘,2017-07-20,2017-07-20 10:41:30
10:41:34,10:41:34,15.4,0.01,491,757556,买盘,2017-07-20,2017-07-20 10:41:34
10:41:37,10:41:37,15.38,-0.02,298,458447,卖盘,2017-07-20,2017-07-20 10:41:37
10:41:40,10:41:40,15.38,--,101,156752,买盘,2017-07-20,2017-07-20 10:41:40
10:41:43,10:41:43,15.39,0.01,2,3078,买盘,2017-07-20,2017-07-20 10:41:43
10:41:46,10:41:46,15.38,-0.01,108,166104,卖盘,2017-07-20,2017-07-20 10:41:46
10:41:49,10:41:49,15.42,0.04,206,317652,买盘,2017-07-20,2017-07-20 10:41:49
10:41:52,10:41:52,15.4,-0.02,300,462000,卖盘,2017-07-20,2017-07-20 10:41:52
10:41:55,10:41:55,15.4,--,1,1540,卖盘,2017-07-20,2017-07-20 10:41:55
10:41:57,10:41:57,15.45,0.05,311,480495,买盘,2017-07-20,2017-07-20 10:41:57
10:42:01,10:42:01,15.4,-0.05,95,146300,卖盘,2017-07-20,2017-07-20 10:42:01
10:42:04,10:42:04,15.42,0.02,42,64764,买盘,2017-07-20,2017-07-20 10:42:04
10:42:07,10:42:07,15.41,-0.01,49,75509,卖盘,2017-07-20,2017-07-20 10:42:07
10:42:10,10:42:10,15.45,0.04,19,29355,买盘,2017-07-20,2017-07-20 10:42:10
10:42:13,10:42:13,15.5,0.05,721,1117550,买盘,2017-07-20,2017-07-20 10:42:13
10:42:16,10:42:16,15.5,--,0,0,买盘,2017-07-20,2017-07-20 10:42:16
10:42:19,10:42:19,15.44,-0.06,15,23160,卖盘,2017-07-20,2017-07-20 10:42:19
10:42:25,10:42:25,15.48,0.04,3,4644,中性盘,2017-07-20,2017-07-20 10:42:25
10:42:28,10:42:28,15.5,0.02,258,399900,买盘,2017-07-20,2017-07-20 10:42:28
10:42:31,10:42:31,15.43,-0.07,50,77150,卖盘,2017-07-20,2017-07-20 10:42:31
10:42:34,10:42:34,15.43,--,0,0,卖盘,2017-07-20,2017-07-20 10:42:34
10:42:37,10:42:37,15.5,0.07,26,40300,卖盘,2017-07-20,2017-07-20 10:42:37
10:42:40,10:42:40,15.5,--,47,72850,买盘,2017-07-20,2017-07-20 10:42:40
10:42:43,10:42:43,15.58,0.08,156,243048,买盘,2017-07-20,2017-07-20 10:42:43
10:42:46,10:42:46,15.58,--,4,6232,卖盘,2017-07-20,2017-07-20 10:42:46
10:42:49,10:42:49,15.58,--,49,76342,卖盘,2017-07-20,2017-07-20 10:42:49
10:42:52,10:42:52,15.59,0.01,33,51447,买盘,2017-07-20,2017-07-20 10:42:52
10:42:55,10:42:55,15.58,-0.01,47,73226,卖盘,2017-07-20,2017-07-20 10:42:55
10:42:58,10:42:58,15.6,0.02,3,4680,买盘,2017-07-20,2017-07-20 10:42:58
10:43:01,10:43:01,15.6,--,43,67080,买盘,2017-07-20,2017-07-20 10:43:01
10:43:04,10:43:04,15.6,--,250,390000,买盘,2017-07-20,2017-07-20 10:43:04
10:43:07,10:43:07,15.58,-0.02,182,283556,卖盘,2017-07-20,2017-07-20 10:43:07
10:43:10,10:43:10,15.6,0.02,48,74880,买盘,2017-07-20,2017-07-20 10:43:10
10:43:13,10:43:13,15.6,--,104,162240,买盘,2017-07-20,2017-07-20 10:43:13
10:43:16,10:43:16,15.62,0.02,6,9372,买盘,2017-07-20,2017-07-20 10:43:16
10:43:19,10:43:19,15.62,--,45,70290,买盘,2017-07-20,2017-07-20 10:43:19
10:43:22,10:43:22,15.65,0.03,281,439765,买盘,2017-07-20,2017-07-20 10:43:22
10:43:25,10:43:25,15.63,-0.02,1016,1588977,中性盘,2017-07-20,2017-07-20 10:43:25
10:43:28,10:43:28,15.65,0.02,21,32865,买盘,2017-07-20,2017-07-20 10:43:28
10:43:31,10:43:31,15.62,-0.03,44,68728,卖盘,2017-07-20,2017-07-20 10:43:31
10:43:34,10:43:34,15.61,-0.01,34,53074,卖盘,2017-07-20,2017-07-20 10:43:34
10:43:37,10:43:37,15.65,0.04,117,183105,买盘,2017-07-20,2017-07-20 10:43:37
10:43:40,10:43:40,15.63,-0.02,17,26571,卖盘,2017-07-20,2017-07-20 10:43:40
10:43:43,10:43:43,15.68,0.05,177,277536,买盘,2017-07-20,2017-07-20 10:43:43
10:43:46,10:43:46,15.68,--,135,211680,卖盘,2017-07-20,2017-07-20 10:43:46
10:43:49,10:43:49,15.68,--,174,272832,买盘,2017-07-20,2017-07-20 10:43:49
10:43:52,10:43:52,15.63,-0.05,60,93780,中性盘,2017-07-20,2017-07-20 10:43:52
10:43:55,10:43:55,15.68,0.05,38,59584,买盘,2017-07-20,2017-07-20 10:43:55
10:43:58,10:43:58,15.68,--,29,45472,买盘,2017-07-20,2017-07-20 10:43:58
10:44:01,10:44:01,15.68,--,130,203840,买盘,2017-07-20,2017-07-20 10:44:01
10:44:04,10:44:04,15.68,--,52,81536,买盘,2017-07-20,2017-07-20 10:44:04
10:44:07,10:44:07,15.62,-0.06,38,59356,卖盘,2017-07-20,2017-07-20 10:44:07
10:44:10,10:44:10,15.62,--,27,42174,买盘,2017-07-20,2017-07-20 10:44:10
10:44:13,10:44:13,15.62,--,4,6248,买盘,2017-07-20,2017-07-20 10:44:13
10:44:16,10:44:16,15.61,-0.01,47,73367,卖盘,2017-07-20,2017-07-20 10:44:16
10:44:19,10:44:19,15.62,0.01,183,285846,买盘,2017-07-20,2017-07-20 10:44:19
10:44:22,10:44:22,15.62,--,50,78100,买盘,2017-07-20,2017-07-20 10:44:22
10:44:25,10:44:25,15.61,-0.01,56,87416,卖盘,2017-07-20,2017-07-20 10:44:25
10:44:28,10:44:28,15.6,-0.01,32,50512,卖盘,2017-07-20,2017-07-20 10:44:28
10:44:31,10:44:31,15.6,--,24,37440,买盘,2017-07-20,2017-07-20 10:44:31
10:44:34,10:44:34,15.58,-0.02,19,29602,卖盘,2017-07-20,2017-07-20 10:44:34
10:44:37,10:44:37,15.58,--,117,182286,卖盘,2017-07-20,2017-07-20 10:44:37
10:44:40,10:44:40,15.58,--,19,29602,卖盘,2017-07-20,2017-07-20 10:44:40
10:44:43,10:44:43,15.58,--,9,14022,卖盘,2017-07-20,2017-07-20 10:44:43
10:44:46,10:44:46,15.58,--,30,46740,卖盘,2017-07-20,2017-07-20 10:44:46
10:44:49,10:44:49,15.5,-0.08,62,96100,卖盘,2017-07-20,2017-07-20 10:44:49
10:44:52,10:44:52,15.58,0.08,21,32718,买盘,2017-07-20,2017-07-20 10:44:52
10:44:55,10:44:55,15.5,-0.08,14,21700,卖盘,2017-07-20,2017-07-20 10:44:55
10:44:58,10:44:58,15.56,0.06,4,6224,买盘,2017-07-20,2017-07-20 10:44:58
10:45:01,10:45:01,15.5,-0.06,106,164300,卖盘,2017-07-20,2017-07-20 10:45:01
10:45:04,10:45:04,15.5,--,92,142600,卖盘,2017-07-20,2017-07-20 10:45:04
10:45:07,10:45:07,15.58,0.08,134,208772,买盘,2017-07-20,2017-07-20 10:45:07
10:45:10,10:45:10,15.5,-0.08,222,344100,卖盘,2017-07-20,2017-07-20 10:45:10
10:45:13,10:45:13,15.5,--,25,38750,买盘,2017-07-20,2017-07-20 10:45:13
10:45:16,10:45:16,15.58,0.08,151,235258,买盘,2017-07-20,2017-07-20 10:45:16
10:45:19,10:45:19,15.52,-0.06,21,32592,卖盘,2017-07-20,2017-07-20 10:45:19
10:45:22,10:45:22,15.59,0.07,15,23385,买盘,2017-07-20,2017-07-20 10:45:22
10:45:25,10:45:25,15.58,-0.01,68,105944,买盘,2017-07-20,2017-07-20 10:45:25
10:45:28,10:45:28,15.52,-0.06,11,17072,卖盘,2017-07-20,2017-07-20 10:45:28
10:45:31,10:45:31,15.58,0.06,8,12464,买盘,2017-07-20,2017-07-20 10:45:31
10:45:34,10:45:34,15.58,--,13,20254,买盘,2017-07-20,2017-07-20 10:45:34
10:45:37,10:45:37,15.52,-0.06,25,38800,卖盘,2017-07-20,2017-07-20 10:45:37
10:45:40,10:45:40,15.52,--,16,24832,卖盘,2017-07-20,2017-07-20 10:45:40
10:45:43,10:45:43,15.52,--,115,178480,卖盘,2017-07-20,2017-07-20 10:45:43
10:45:46,10:45:46,15.58,0.06,13,20254,买盘,2017-07-20,2017-07-20 10:45:46
10:45:49,10:45:49,15.52,-0.06,71,110192,卖盘,2017-07-20,2017-07-20 10:45:49
10:45:52,10:45:52,15.5,-0.02,700,1085000,卖盘,2017-07-20,2017-07-20 10:45:52
10:45:55,10:45:55,15.58,0.08,12,18696,买盘,2017-07-20,2017-07-20 10:45:55
10:45:58,10:45:58,15.56,-0.02,5,7780,卖盘,2017-07-20,2017-07-20 10:45:58
10:46:01,10:46:01,15.58,0.02,75,116850,买盘,2017-07-20,2017-07-20 10:46:01
10:46:04,10:46:04,15.57,-0.01,501,780057,中性盘,2017-07-20,2017-07-20 10:46:04
10:46:07,10:46:07,15.58,0.01,17,26719,中性盘,2017-07-20,2017-07-20 10:46:07
10:46:10,10:46:10,15.56,-0.02,81,127358,卖盘,2017-07-20,2017-07-20 10:46:10
10:46:13,10:46:13,15.57,0.01,147,228879,买盘,2017-07-20,2017-07-20 10:46:13
10:46:16,10:46:16,15.5,-0.07,54,83700,卖盘,2017-07-20,2017-07-20 10:46:16
10:46:19,10:46:19,15.5,--,0,0,卖盘,2017-07-20,2017-07-20 10:46:19
10:46:22,10:46:22,15.57,0.07,2,3114,买盘,2017-07-20,2017-07-20 10:46:22
10:46:25,10:46:25,15.57,--,6,9342,买盘,2017-07-20,2017-07-20 10:46:25
10:46:28,10:46:28,15.53,-0.04,7,10871,卖盘,2017-07-20,2017-07-20 10:46:28
10:46:31,10:46:31,15.5,-0.03,1,1550,卖盘,2017-07-20,2017-07-20 10:46:31
10:46:34,10:46:34,15.56,0.06,35,54460,买盘,2017-07-20,2017-07-20 10:46:34
10:46:37,10:46:37,15.53,-0.03,6,9318,中性盘,2017-07-20,2017-07-20 10:46:37
10:46:40,10:46:40,15.53,--,3,4659,买盘,2017-07-20,2017-07-20 10:46:40
10:46:43,10:46:43,15.5,-0.03,7,10850,卖盘,2017-07-20,2017-07-20 10:46:43
10:46:46,10:46:46,15.5,--,62,97061,卖盘,2017-07-20,2017-07-20 10:46:46
10:46:49,10:46:49,15.5,--,53,82150,卖盘,2017-07-20,2017-07-20 10:46:49
10:46:54,10:46:54,15.53,0.03,47,72991,卖盘,2017-07-20,2017-07-20 10:46:54
10:46:57,10:46:57,15.53,--,4,6212,卖盘,2017-07-20,2017-07-20 10:46:57
10:47:00,10:47:00,15.5,-0.03,18,27900,卖盘,2017-07-20,2017-07-20 10:47:00
10:47:03,10:47:03,15.53,0.03,11,17083,买盘,2017-07-20,2017-07-20 10:47:03
10:47:06,10:47:06,15.56,0.03,89,138484,买盘,2017-07-20,2017-07-20 10:47:06
10:47:09,10:47:09,15.5,-0.06,3,4650,卖盘,2017-07-20,2017-07-20 10:47:09
10:47:12,10:47:12,15.6,0.1,759,1184274,买盘,2017-07-20,2017-07-20 10:47:12
10:47:15,10:47:15,15.6,--,27,42120,卖盘,2017-07-20,2017-07-20 10:47:15
10:47:18,10:47:18,15.6,--,1,1560,卖盘,2017-07-20,2017-07-20 10:47:18
10:47:21,10:47:21,15.6,--,35,54600,卖盘,2017-07-20,2017-07-20 10:47:21
10:47:24,10:47:24,15.6,--,19,29640,卖盘,2017-07-20,2017-07-20 10:47:24
10:47:27,10:47:27,15.6,--,230,358800,卖盘,2017-07-20,2017-07-20 10:47:27
10:47:30,10:47:30,15.6,--,236,368160,卖盘,2017-07-20,2017-07-20 10:47:30
10:47:33,10:47:33,15.61,0.01,30,46830,卖盘,2017-07-20,2017-07-20 10:47:33
10:47:36,10:47:36,15.62,0.01,50,78100,买盘,2017-07-20,2017-07-20 10:47:36
10:47:39,10:47:39,15.6,-0.02,130,204126,卖盘,2017-07-20,2017-07-20 10:47:39
10:47:42,10:47:42,15.62,0.02,94,146828,买盘,2017-07-20,2017-07-20 10:47:42
10:47:45,10:47:45,15.62,--,16,25226,买盘,2017-07-20,2017-07-20 10:47:45
10:47:48,10:47:48,15.58,-0.04,14,23136,卖盘,2017-07-20,2017-07-20 10:47:48
10:47:51,10:47:51,15.58,--,20,31160,买盘,2017-07-20,2017-07-20 10:47:51
10:47:54,10:47:54,15.58,--,46,71668,买盘,2017-07-20,2017-07-20 10:47:54
10:47:57,10:47:57,15.54,-0.04,6,9324,卖盘,2017-07-20,2017-07-20 10:47:57
10:48:00,10:48:00,15.58,0.04,9,14022,买盘,2017-07-20,2017-07-20 10:48:00
10:48:03,10:48:03,15.58,--,3,4674,买盘,2017-07-20,2017-07-20 10:48:03
10:48:06,10:48:06,15.58,--,12,18696,买盘,2017-07-20,2017-07-20 10:48:06
10:48:09,10:48:09,15.58,--,2,3116,买盘,2017-07-20,2017-07-20 10:48:09
10:48:12,10:48:12,15.58,--,22,34276,买盘,2017-07-20,2017-07-20 10:48:12
10:48:15,10:48:15,15.57,-0.01,15,23355,中性盘,2017-07-20,2017-07-20 10:48:15
10:48:18,10:48:18,15.58,0.01,225,350550,买盘,2017-07-20,2017-07-20 10:48:18
10:48:21,10:48:21,15.58,--,4,6232,买盘,2017-07-20,2017-07-20 10:48:21
10:48:27,10:48:27,15.58,--,86,133988,买盘,2017-07-20,2017-07-20 10:48:27
10:48:30,10:48:30,15.57,-0.01,26,40482,中性盘,2017-07-20,2017-07-20 10:48:30
10:48:33,10:48:33,15.58,0.01,191,298590,买盘,2017-07-20,2017-07-20 10:48:33
10:48:36,10:48:36,15.58,--,11,17138,卖盘,2017-07-20,2017-07-20 10:48:36
10:48:39,10:48:39,15.58,--,8,12464,卖盘,2017-07-20,2017-07-20 10:48:39
10:48:42,10:48:42,15.58,--,73,113734,卖盘,2017-07-20,2017-07-20 10:48:42
10:48:45,10:48:45,15.58,--,9,14022,卖盘,2017-07-20,2017-07-20 10:48:45
10:48:48,10:48:48,15.59,0.01,6,9354,卖盘,2017-07-20,2017-07-20 10:48:48
10:48:51,10:48:51,15.58,-0.01,450,701100,卖盘,2017-07-20,2017-07-20 10:48:51
10:48:54,10:48:54,15.58,--,44,68552,卖盘,2017-07-20,2017-07-20 10:48:54
10:48:57,10:48:57,15.58,--,100,155800,卖盘,2017-07-20,2017-07-20 10:48:57
10:49:00,10:49:00,15.6,0.02,70,109200,买盘,2017-07-20,2017-07-20 10:49:00
10:49:03,10:49:03,15.58,-0.02,123,192179,卖盘,2017-07-20,2017-07-20 10:49:03
10:49:06,10:49:06,15.58,--,126,196308,买盘,2017-07-20,2017-07-20 10:49:06
10:49:09,10:49:09,15.58,--,35,54530,买盘,2017-07-20,2017-07-20 10:49:09
10:49:12,10:49:12,15.58,--,14,21812,买盘,2017-07-20,2017-07-20 10:49:12
10:49:15,10:49:15,15.57,-0.01,623,970011,卖盘,2017-07-20,2017-07-20 10:49:15
10:49:18,10:49:18,15.57,--,30,46710,买盘,2017-07-20,2017-07-20 10:49:18
10:49:21,10:49:21,15.57,--,41,63837,买盘,2017-07-20,2017-07-20 10:49:21
10:49:24,10:49:24,15.57,--,64,99648,买盘,2017-07-20,2017-07-20 10:49:24
10:49:27,10:49:27,15.54,-0.03,15,23310,卖盘,2017-07-20,2017-07-20 10:49:27
