idx_time,time,price,change,volume,amount,type,date,date_time
09:25:01,09:25:01,9.2,9.2,43996,40476467,卖盘,2017-07-20,2017-07-20 09:25:01
09:28:51,09:28:51,9.2,--,0,0,卖盘,2017-07-20,2017-07-20 09:28:51
09:30:03,09:30:03,9.2,--,14492,13332639,卖盘,2017-07-20,2017-07-20 09:30:03
09:30:06,09:30:06,9.2,--,6222,5724433,卖盘,2017-07-20,2017-07-20 09:30:06
09:30:09,09:30:09,9.2,--,1726,1587919,卖盘,2017-07-20,2017-07-20 09:30:09
09:30:12,09:30:12,9.2,--,1271,1169320,卖盘,2017-07-20,2017-07-20 09:30:12
09:30:15,09:30:15,9.2,--,977,898839,卖盘,2017-07-20,2017-07-20 09:30:15
09:30:18,09:30:18,9.2,--,304,279680,卖盘,2017-07-20,2017-07-20 09:30:18
09:30:21,09:30:21,9.2,--,397,365240,卖盘,2017-07-20,2017-07-20 09:30:21
09:30:24,09:30:24,9.2,--,651,598920,卖盘,2017-07-20,2017-07-20 09:30:24
09:30:27,09:30:27,9.2,--,1425,1311000,卖盘,2017-07-20,2017-07-20 09:30:27
09:30:30,09:30:30,9.2,--,168,154560,卖盘,2017-07-20,2017-07-20 09:30:30
09:30:33,09:30:33,9.2,--,254,233679,卖盘,2017-07-20,2017-07-20 09:30:33
09:30:36,09:30:36,9.2,--,915,841799,卖盘,2017-07-20,2017-07-20 09:30:36
09:30:39,09:30:39,9.2,--,985,906199,卖盘,2017-07-20,2017-07-20 09:30:39
09:30:42,09:30:42,9.2,--,848,780159,卖盘,2017-07-20,2017-07-20 09:30:42
09:30:45,09:30:45,9.2,--,592,544640,卖盘,2017-07-20,2017-07-20 09:30:45
09:30:48,09:30:48,9.2,--,241,221719,卖盘,2017-07-20,2017-07-20 09:30:48
09:30:51,09:30:51,9.2,--,1315,1209800,卖盘,2017-07-20,2017-07-20 09:30:51
09:30:54,09:30:54,9.2,--,541,497719,卖盘,2017-07-20,2017-07-20 09:30:54
09:30:57,09:30:57,9.2,--,725,667000,卖盘,2017-07-20,2017-07-20 09:30:57
09:31:00,09:31:00,9.2,--,176,161920,卖盘,2017-07-20,2017-07-20 09:31:00
09:31:03,09:31:03,9.2,--,319,293480,卖盘,2017-07-20,2017-07-20 09:31:03
09:31:06,09:31:06,9.2,--,509,468279,卖盘,2017-07-20,2017-07-20 09:31:06
09:31:09,09:31:09,9.2,--,189,173972,卖盘,2017-07-20,2017-07-20 09:31:09
09:31:12,09:31:12,9.2,--,829,762679,卖盘,2017-07-20,2017-07-20 09:31:12
09:31:15,09:31:15,9.2,--,170,156400,卖盘,2017-07-20,2017-07-20 09:31:15
09:31:18,09:31:18,9.2,--,734,675280,卖盘,2017-07-20,2017-07-20 09:31:18
09:31:21,09:31:21,9.2,--,363,333960,卖盘,2017-07-20,2017-07-20 09:31:21
09:31:24,09:31:24,9.2,--,82,75440,卖盘,2017-07-20,2017-07-20 09:31:24
09:31:27,09:31:27,9.2,--,88,80960,卖盘,2017-07-20,2017-07-20 09:31:27
09:31:30,09:31:30,9.2,--,78,71760,卖盘,2017-07-20,2017-07-20 09:31:30
09:31:33,09:31:33,9.2,--,162,149040,卖盘,2017-07-20,2017-07-20 09:31:33
09:31:36,09:31:36,9.2,--,1842,1694639,卖盘,2017-07-20,2017-07-20 09:31:36
09:31:39,09:31:39,9.2,--,182,167440,卖盘,2017-07-20,2017-07-20 09:31:39
09:31:42,09:31:42,9.2,--,682,627440,卖盘,2017-07-20,2017-07-20 09:31:42
09:31:45,09:31:45,9.2,--,319,293480,卖盘,2017-07-20,2017-07-20 09:31:45
09:31:48,09:31:48,9.2,--,322,296240,卖盘,2017-07-20,2017-07-20 09:31:48
09:31:51,09:31:51,9.2,--,818,752560,卖盘,2017-07-20,2017-07-20 09:31:51
09:31:54,09:31:54,9.2,--,188,172960,卖盘,2017-07-20,2017-07-20 09:31:54
09:31:57,09:31:57,9.2,--,482,443439,卖盘,2017-07-20,2017-07-20 09:31:57
09:32:00,09:32:00,9.2,--,214,196879,卖盘,2017-07-20,2017-07-20 09:32:00
09:32:03,09:32:03,9.2,--,147,135240,卖盘,2017-07-20,2017-07-20 09:32:03
09:32:06,09:32:06,9.2,--,113,103959,卖盘,2017-07-20,2017-07-20 09:32:06
09:32:09,09:32:09,9.2,--,67,61639,卖盘,2017-07-20,2017-07-20 09:32:09
09:32:12,09:32:12,9.2,--,143,131560,卖盘,2017-07-20,2017-07-20 09:32:12
09:32:15,09:32:15,9.2,--,65,59799,卖盘,2017-07-20,2017-07-20 09:32:15
09:32:18,09:32:18,9.2,--,345,317400,卖盘,2017-07-20,2017-07-20 09:32:18
09:32:21,09:32:21,9.2,--,194,178480,卖盘,2017-07-20,2017-07-20 09:32:21
09:32:24,09:32:24,9.2,--,116,106719,卖盘,2017-07-20,2017-07-20 09:32:24
09:32:27,09:32:27,9.2,--,26,23919,卖盘,2017-07-20,2017-07-20 09:32:27
09:32:30,09:32:30,9.2,--,102,93840,卖盘,2017-07-20,2017-07-20 09:32:30
09:32:33,09:32:33,9.2,--,194,178480,卖盘,2017-07-20,2017-07-20 09:32:33
09:32:36,09:32:36,9.2,--,48,44160,卖盘,2017-07-20,2017-07-20 09:32:36
09:32:39,09:32:39,9.2,--,194,178480,卖盘,2017-07-20,2017-07-20 09:32:39
09:32:42,09:32:42,9.2,--,59,54279,卖盘,2017-07-20,2017-07-20 09:32:42
09:32:45,09:32:45,9.2,--,87,80040,卖盘,2017-07-20,2017-07-20 09:32:45
09:32:48,09:32:48,9.2,--,1368,1258560,卖盘,2017-07-20,2017-07-20 09:32:48
09:32:51,09:32:51,9.2,--,25,23000,卖盘,2017-07-20,2017-07-20 09:32:51
09:32:54,09:32:54,9.2,--,191,175720,卖盘,2017-07-20,2017-07-20 09:32:54
09:32:57,09:32:57,9.2,--,131,120519,卖盘,2017-07-20,2017-07-20 09:32:57
09:33:00,09:33:00,9.2,--,74,68080,卖盘,2017-07-20,2017-07-20 09:33:00
09:33:03,09:33:03,9.2,--,165,151800,卖盘,2017-07-20,2017-07-20 09:33:03
09:33:06,09:33:06,9.2,--,84,77280,卖盘,2017-07-20,2017-07-20 09:33:06
09:33:09,09:33:09,9.2,--,254,233679,卖盘,2017-07-20,2017-07-20 09:33:09
09:33:12,09:33:12,9.2,--,286,263120,卖盘,2017-07-20,2017-07-20 09:33:12
09:33:15,09:33:15,9.2,--,391,359720,卖盘,2017-07-20,2017-07-20 09:33:15
09:33:18,09:33:18,9.2,--,133,122359,卖盘,2017-07-20,2017-07-20 09:33:18
09:33:21,09:33:21,9.2,--,58,53359,卖盘,2017-07-20,2017-07-20 09:33:21
09:33:24,09:33:24,9.2,--,60,55199,卖盘,2017-07-20,2017-07-20 09:33:24
09:33:27,09:33:27,9.2,--,118,108559,卖盘,2017-07-20,2017-07-20 09:33:27
09:33:30,09:33:30,9.2,--,15,13799,卖盘,2017-07-20,2017-07-20 09:33:30
09:33:33,09:33:33,9.2,--,37,34040,卖盘,2017-07-20,2017-07-20 09:33:33
09:33:36,09:33:36,9.2,--,315,289800,卖盘,2017-07-20,2017-07-20 09:33:36
09:33:39,09:33:39,9.2,--,14,12879,卖盘,2017-07-20,2017-07-20 09:33:39
09:33:42,09:33:42,9.2,--,99,91080,卖盘,2017-07-20,2017-07-20 09:33:42
09:33:45,09:33:45,9.2,--,60,55199,卖盘,2017-07-20,2017-07-20 09:33:45
09:33:48,09:33:48,9.2,--,11,10120,卖盘,2017-07-20,2017-07-20 09:33:48
09:33:51,09:33:51,9.2,--,170,156400,卖盘,2017-07-20,2017-07-20 09:33:51
09:33:54,09:33:54,9.2,--,66,60719,卖盘,2017-07-20,2017-07-20 09:33:54
09:33:57,09:33:57,9.2,--,79,72680,卖盘,2017-07-20,2017-07-20 09:33:57
09:34:00,09:34:00,9.2,--,27,24839,卖盘,2017-07-20,2017-07-20 09:34:00
09:34:03,09:34:03,9.2,--,295,271400,卖盘,2017-07-20,2017-07-20 09:34:03
09:34:06,09:34:06,9.2,--,36,33120,卖盘,2017-07-20,2017-07-20 09:34:06
09:34:09,09:34:09,9.2,--,70,64399,卖盘,2017-07-20,2017-07-20 09:34:09
09:34:12,09:34:12,9.2,--,60,55199,卖盘,2017-07-20,2017-07-20 09:34:12
09:34:15,09:34:15,9.2,--,55,50599,卖盘,2017-07-20,2017-07-20 09:34:15
09:34:18,09:34:18,9.2,--,451,414919,卖盘,2017-07-20,2017-07-20 09:34:18
09:34:21,09:34:21,9.2,--,340,312800,卖盘,2017-07-20,2017-07-20 09:34:21
09:34:24,09:34:24,9.2,--,78,71760,卖盘,2017-07-20,2017-07-20 09:34:24
09:34:27,09:34:27,9.2,--,55,50599,卖盘,2017-07-20,2017-07-20 09:34:27
09:34:30,09:34:30,9.2,--,88,80960,卖盘,2017-07-20,2017-07-20 09:34:30
09:34:33,09:34:33,9.2,--,29,26679,卖盘,2017-07-20,2017-07-20 09:34:33
09:34:36,09:34:36,9.2,--,58,53359,卖盘,2017-07-20,2017-07-20 09:34:36
09:34:39,09:34:39,9.2,--,195,179400,卖盘,2017-07-20,2017-07-20 09:34:39
09:34:42,09:34:42,9.2,--,140,128799,卖盘,2017-07-20,2017-07-20 09:34:42
09:34:45,09:34:45,9.2,--,112,103039,卖盘,2017-07-20,2017-07-20 09:34:45
09:34:48,09:34:48,9.2,--,57,52439,卖盘,2017-07-20,2017-07-20 09:34:48
09:34:51,09:34:51,9.2,--,115,105799,卖盘,2017-07-20,2017-07-20 09:34:51
09:34:54,09:34:54,9.2,--,63,57959,卖盘,2017-07-20,2017-07-20 09:34:54
09:34:57,09:34:57,9.2,--,92,84640,卖盘,2017-07-20,2017-07-20 09:34:57
09:35:00,09:35:00,9.2,--,22,20240,卖盘,2017-07-20,2017-07-20 09:35:00
09:35:03,09:35:03,9.2,--,78,71760,卖盘,2017-07-20,2017-07-20 09:35:03
09:35:06,09:35:06,9.2,--,5,4600,卖盘,2017-07-20,2017-07-20 09:35:06
09:35:09,09:35:09,9.2,--,185,170200,卖盘,2017-07-20,2017-07-20 09:35:09
09:35:12,09:35:12,9.2,--,62,57039,卖盘,2017-07-20,2017-07-20 09:35:12
09:35:15,09:35:15,9.2,--,69,63479,卖盘,2017-07-20,2017-07-20 09:35:15
09:35:18,09:35:18,9.2,--,24,22080,卖盘,2017-07-20,2017-07-20 09:35:18
09:35:21,09:35:21,9.2,--,20,18400,卖盘,2017-07-20,2017-07-20 09:35:21
09:35:24,09:35:24,9.2,--,61,56119,卖盘,2017-07-20,2017-07-20 09:35:24
09:35:27,09:35:27,9.2,--,20,18400,卖盘,2017-07-20,2017-07-20 09:35:27
09:35:30,09:35:30,9.2,--,53,48759,卖盘,2017-07-20,2017-07-20 09:35:30
09:35:33,09:35:33,9.2,--,108,99359,卖盘,2017-07-20,2017-07-20 09:35:33
09:35:36,09:35:36,9.2,--,71,65319,卖盘,2017-07-20,2017-07-20 09:35:36
09:35:39,09:35:39,9.2,--,50,46000,卖盘,2017-07-20,2017-07-20 09:35:39
09:35:42,09:35:42,9.2,--,129,118679,卖盘,2017-07-20,2017-07-20 09:35:42
09:35:45,09:35:45,9.2,--,2,1839,卖盘,2017-07-20,2017-07-20 09:35:45
09:35:48,09:35:48,9.2,--,269,247479,卖盘,2017-07-20,2017-07-20 09:35:48
09:35:51,09:35:51,9.2,--,10,9200,卖盘,2017-07-20,2017-07-20 09:35:51
09:35:56,09:35:56,9.2,--,202,185840,卖盘,2017-07-20,2017-07-20 09:35:56
09:35:59,09:35:59,9.2,--,3,2760,卖盘,2017-07-20,2017-07-20 09:35:59
09:36:02,09:36:02,9.2,--,307,282440,卖盘,2017-07-20,2017-07-20 09:36:02
09:36:05,09:36:05,9.2,--,11,10120,卖盘,2017-07-20,2017-07-20 09:36:05
09:36:08,09:36:08,9.2,--,108,99359,卖盘,2017-07-20,2017-07-20 09:36:08
09:36:11,09:36:11,9.2,--,230,211599,卖盘,2017-07-20,2017-07-20 09:36:11
09:36:14,09:36:14,9.2,--,59,54279,卖盘,2017-07-20,2017-07-20 09:36:14
09:36:20,09:36:20,9.2,--,26,23919,卖盘,2017-07-20,2017-07-20 09:36:20
09:36:23,09:36:23,9.2,--,88,80960,卖盘,2017-07-20,2017-07-20 09:36:23
09:36:26,09:36:26,9.2,--,323,297160,卖盘,2017-07-20,2017-07-20 09:36:26
09:36:29,09:36:29,9.2,--,24,22080,卖盘,2017-07-20,2017-07-20 09:36:29
09:36:32,09:36:32,9.2,--,47,43240,卖盘,2017-07-20,2017-07-20 09:36:32
09:36:38,09:36:38,9.2,--,30,27599,卖盘,2017-07-20,2017-07-20 09:36:38
09:36:41,09:36:41,9.2,--,35,32199,卖盘,2017-07-20,2017-07-20 09:36:41
09:36:44,09:36:44,9.2,--,11,10120,卖盘,2017-07-20,2017-07-20 09:36:44
09:36:47,09:36:47,9.2,--,37,34040,卖盘,2017-07-20,2017-07-20 09:36:47
09:36:50,09:36:50,9.2,--,50,46000,卖盘,2017-07-20,2017-07-20 09:36:50
09:36:54,09:36:54,9.2,--,45,41400,卖盘,2017-07-20,2017-07-20 09:36:54
09:36:57,09:36:57,9.2,--,57,52439,卖盘,2017-07-20,2017-07-20 09:36:57
09:36:59,09:36:59,9.2,--,90,82800,卖盘,2017-07-20,2017-07-20 09:36:59
09:37:03,09:37:03,9.2,--,60,55199,卖盘,2017-07-20,2017-07-20 09:37:03
09:37:06,09:37:06,9.2,--,20,18400,卖盘,2017-07-20,2017-07-20 09:37:06
09:37:12,09:37:12,9.2,--,68,62559,卖盘,2017-07-20,2017-07-20 09:37:12
09:37:15,09:37:15,9.2,--,3,2760,卖盘,2017-07-20,2017-07-20 09:37:15
09:37:21,09:37:21,9.2,--,20,18400,卖盘,2017-07-20,2017-07-20 09:37:21
09:37:24,09:37:24,9.2,--,147,135240,卖盘,2017-07-20,2017-07-20 09:37:24
09:37:27,09:37:27,9.2,--,23,21160,卖盘,2017-07-20,2017-07-20 09:37:27
09:37:30,09:37:30,9.2,--,104,95919,卖盘,2017-07-20,2017-07-20 09:37:30
09:37:33,09:37:33,9.2,--,13,11959,卖盘,2017-07-20,2017-07-20 09:37:33
09:37:36,09:37:36,9.2,--,13,11959,卖盘,2017-07-20,2017-07-20 09:37:36
09:37:39,09:37:39,9.2,--,25,23000,卖盘,2017-07-20,2017-07-20 09:37:39
09:37:42,09:37:42,9.2,--,20,18400,卖盘,2017-07-20,2017-07-20 09:37:42
09:37:48,09:37:48,9.2,--,15,13799,卖盘,2017-07-20,2017-07-20 09:37:48
09:37:51,09:37:51,9.2,--,1,919,卖盘,2017-07-20,2017-07-20 09:37:51
09:37:54,09:37:54,9.2,--,127,116839,卖盘,2017-07-20,2017-07-20 09:37:54
09:37:57,09:37:57,9.2,--,16,14719,卖盘,2017-07-20,2017-07-20 09:37:57
09:38:00,09:38:00,9.2,--,59,54279,卖盘,2017-07-20,2017-07-20 09:38:00
09:38:03,09:38:03,9.2,--,120,110399,卖盘,2017-07-20,2017-07-20 09:38:03
09:38:06,09:38:06,9.2,--,15,13799,卖盘,2017-07-20,2017-07-20 09:38:06
09:38:09,09:38:09,9.2,--,344,316480,卖盘,2017-07-20,2017-07-20 09:38:09
09:38:12,09:38:12,9.2,--,17,15639,卖盘,2017-07-20,2017-07-20 09:38:12
09:38:15,09:38:15,9.2,--,1,919,卖盘,2017-07-20,2017-07-20 09:38:15
09:38:18,09:38:18,9.2,--,10,9200,卖盘,2017-07-20,2017-07-20 09:38:18
09:38:21,09:38:21,9.2,--,2,1839,卖盘,2017-07-20,2017-07-20 09:38:21
09:38:24,09:38:24,9.2,--,179,164680,卖盘,2017-07-20,2017-07-20 09:38:24
09:38:27,09:38:27,9.2,--,146,134320,卖盘,2017-07-20,2017-07-20 09:38:27
09:38:30,09:38:30,9.2,--,5,4600,卖盘,2017-07-20,2017-07-20 09:38:30
09:38:36,09:38:36,9.2,--,20,18400,卖盘,2017-07-20,2017-07-20 09:38:36
09:38:39,09:38:39,9.2,--,7,6439,卖盘,2017-07-20,2017-07-20 09:38:39
09:38:42,09:38:42,9.2,--,10,9200,卖盘,2017-07-20,2017-07-20 09:38:42
09:38:45,09:38:45,9.2,--,10,9200,卖盘,2017-07-20,2017-07-20 09:38:45
09:38:48,09:38:48,9.2,--,82,75440,卖盘,2017-07-20,2017-07-20 09:38:48
09:38:51,09:38:51,9.2,--,71,65319,卖盘,2017-07-20,2017-07-20 09:38:51
09:38:54,09:38:54,9.2,--,266,244719,卖盘,2017-07-20,2017-07-20 09:38:54
09:38:57,09:38:57,9.2,--,335,308200,卖盘,2017-07-20,2017-07-20 09:38:57
09:39:00,09:39:00,9.2,--,50,46000,卖盘,2017-07-20,2017-07-20 09:39:00
09:39:03,09:39:03,9.2,--,20,18400,卖盘,2017-07-20,2017-07-20 09:39:03
09:39:06,09:39:06,9.2,--,17,15639,卖盘,2017-07-20,2017-07-20 09:39:06
09:39:09,09:39:09,9.2,--,286,263120,卖盘,2017-07-20,2017-07-20 09:39:09
09:39:15,09:39:15,9.2,--,90,82800,卖盘,2017-07-20,2017-07-20 09:39:15
09:39:21,09:39:21,9.2,--,102,93840,卖盘,2017-07-20,2017-07-20 09:39:21
09:39:24,09:39:24,9.2,--,22,20240,卖盘,2017-07-20,2017-07-20 09:39:24
09:39:27,09:39:27,9.2,--,20,18400,卖盘,2017-07-20,2017-07-20 09:39:27
09:39:30,09:39:30,9.2,--,11,10120,卖盘,2017-07-20,2017-07-20 09:39:30
09:39:33,09:39:33,9.2,--,15,13799,卖盘,2017-07-20,2017-07-20 09:39:33
09:39:36,09:39:36,9.2,--,3,2760,卖盘,2017-07-20,2017-07-20 09:39:36
09:39:39,09:39:39,9.2,--,2,1839,卖盘,2017-07-20,2017-07-20 09:39:39
09:39:42,09:39:42,9.2,--,22,20240,卖盘,2017-07-20,2017-07-20 09:39:42
09:39:45,09:39:45,9.2,--,54,49679,卖盘,2017-07-20,2017-07-20 09:39:45
09:39:48,09:39:48,9.2,--,10,9200,卖盘,2017-07-20,2017-07-20 09:39:48
09:39:54,09:39:54,9.2,--,10,9200,卖盘,2017-07-20,2017-07-20 09:39:54
09:39:57,09:39:57,9.2,--,26,23919,卖盘,2017-07-20,2017-07-20 09:39:57
09:40:00,09:40:00,9.2,--,91,83720,卖盘,2017-07-20,2017-07-20 09:40:00
09:40:06,09:40:06,9.2,--,5,4600,卖盘,2017-07-20,2017-07-20 09:40:06
09:40:09,09:40:09,9.2,--,35,32199,卖盘,2017-07-20,2017-07-20 09:40:09
09:40:12,09:40:12,9.2,--,12,11040,卖盘,2017-07-20,2017-07-20 09:40:12
09:40:15,09:40:15,9.2,--,113,103959,卖盘,2017-07-20,2017-07-20 09:40:15
09:40:18,09:40:18,9.2,--,23,21160,卖盘,2017-07-20,2017-07-20 09:40:18
09:40:21,09:40:21,9.2,--,19,17480,卖盘,2017-07-20,2017-07-20 09:40:21
09:40:24,09:40:24,9.2,--,70,64399,卖盘,2017-07-20,2017-07-20 09:40:24
09:40:27,09:40:27,9.2,--,200,184000,卖盘,2017-07-20,2017-07-20 09:40:27
09:40:30,09:40:30,9.2,--,20,18400,卖盘,2017-07-20,2017-07-20 09:40:30
09:40:33,09:40:33,9.2,--,5,4600,卖盘,2017-07-20,2017-07-20 09:40:33
09:40:36,09:40:36,9.2,--,19,17480,卖盘,2017-07-20,2017-07-20 09:40:36
09:40:39,09:40:39,9.2,--,160,147200,卖盘,2017-07-20,2017-07-20 09:40:39
09:40:42,09:40:42,9.2,--,81,74520,卖盘,2017-07-20,2017-07-20 09:40:42
09:40:45,09:40:45,9.2,--,9,8280,卖盘,2017-07-20,2017-07-20 09:40:45
09:40:48,09:40:48,9.2,--,50,46000,卖盘,2017-07-20,2017-07-20 09:40:48
09:40:54,09:40:54,9.2,--,10,9200,卖盘,2017-07-20,2017-07-20 09:40:54
09:40:57,09:40:57,9.2,--,550,505999,卖盘,2017-07-20,2017-07-20 09:40:57
09:41:03,09:41:03,9.2,--,61,56119,卖盘,2017-07-20,2017-07-20 09:41:03
09:41:06,09:41:06,9.2,--,5,4600,卖盘,2017-07-20,2017-07-20 09:41:06
09:41:09,09:41:09,9.2,--,40,36800,卖盘,2017-07-20,2017-07-20 09:41:09
09:41:12,09:41:12,9.2,--,165,151800,卖盘,2017-07-20,2017-07-20 09:41:12
09:41:15,09:41:15,9.2,--,5,4600,卖盘,2017-07-20,2017-07-20 09:41:15
09:41:18,09:41:18,9.2,--,33,30359,卖盘,2017-07-20,2017-07-20 09:41:18
09:41:21,09:41:21,9.2,--,19,17480,卖盘,2017-07-20,2017-07-20 09:41:21
09:41:24,09:41:24,9.2,--,3,2760,卖盘,2017-07-20,2017-07-20 09:41:24
09:41:27,09:41:27,9.2,--,34,31279,卖盘,2017-07-20,2017-07-20 09:41:27
09:41:30,09:41:30,9.2,--,3,2760,卖盘,2017-07-20,2017-07-20 09:41:30
09:41:33,09:41:33,9.2,--,5,4600,卖盘,2017-07-20,2017-07-20 09:41:33
09:41:36,09:41:36,9.2,--,216,198719,卖盘,2017-07-20,2017-07-20 09:41:36
09:41:39,09:41:39,9.2,--,32,29439,卖盘,2017-07-20,2017-07-20 09:41:39
09:41:42,09:41:42,9.2,--,134,123279,卖盘,2017-07-20,2017-07-20 09:41:42
09:41:45,09:41:45,9.2,--,15,13799,卖盘,2017-07-20,2017-07-20 09:41:45
09:41:48,09:41:48,9.2,--,4,3679,卖盘,2017-07-20,2017-07-20 09:41:48
09:41:51,09:41:51,9.2,--,46,42320,卖盘,2017-07-20,2017-07-20 09:41:51
09:41:54,09:41:54,9.2,--,55,50599,卖盘,2017-07-20,2017-07-20 09:41:54
09:41:57,09:41:57,9.2,--,11,10120,卖盘,2017-07-20,2017-07-20 09:41:57
09:42:00,09:42:00,9.2,--,15,13799,卖盘,2017-07-20,2017-07-20 09:42:00
09:42:03,09:42:03,9.2,--,118,108559,卖盘,2017-07-20,2017-07-20 09:42:03
09:42:06,09:42:06,9.2,--,14,12879,卖盘,2017-07-20,2017-07-20 09:42:06
09:42:12,09:42:12,9.2,--,30,27599,卖盘,2017-07-20,2017-07-20 09:42:12
09:42:15,09:42:15,9.2,--,10,9200,卖盘,2017-07-20,2017-07-20 09:42:15
09:42:18,09:42:18,9.2,--,18,16560,卖盘,2017-07-20,2017-07-20 09:42:18
09:42:21,09:42:21,9.2,--,21,19320,卖盘,2017-07-20,2017-07-20 09:42:21
09:42:24,09:42:24,9.2,--,61,56119,卖盘,2017-07-20,2017-07-20 09:42:24
09:42:27,09:42:27,9.2,--,990,910799,卖盘,2017-07-20,2017-07-20 09:42:27
09:42:30,09:42:30,9.2,--,23,21160,卖盘,2017-07-20,2017-07-20 09:42:30
09:42:36,09:42:36,9.2,--,7,6439,卖盘,2017-07-20,2017-07-20 09:42:36
09:42:39,09:42:39,9.2,--,35,32199,卖盘,2017-07-20,2017-07-20 09:42:39
09:42:42,09:42:42,9.2,--,6,5520,卖盘,2017-07-20,2017-07-20 09:42:42
09:42:45,09:42:45,9.2,--,20,18400,卖盘,2017-07-20,2017-07-20 09:42:45
09:42:48,09:42:48,9.2,--,20,18400,卖盘,2017-07-20,2017-07-20 09:42:48
09:42:51,09:42:51,9.2,--,58,53359,卖盘,2017-07-20,2017-07-20 09:42:51
09:42:54,09:42:54,9.2,--,32,29439,卖盘,2017-07-20,2017-07-20 09:42:54
09:43:03,09:43:03,9.2,--,6,5520,卖盘,2017-07-20,2017-07-20 09:43:03
09:43:06,09:43:06,9.2,--,44,40480,卖盘,2017-07-20,2017-07-20 09:43:06
09:43:09,09:43:09,9.2,--,10,9200,卖盘,2017-07-20,2017-07-20 09:43:09
09:43:12,09:43:12,9.2,--,33,30359,卖盘,2017-07-20,2017-07-20 09:43:12
09:43:15,09:43:15,9.2,--,34,31279,卖盘,2017-07-20,2017-07-20 09:43:15
09:43:18,09:43:18,9.2,--,35,32199,卖盘,2017-07-20,2017-07-20 09:43:18
09:43:21,09:43:21,9.2,--,113,103959,卖盘,2017-07-20,2017-07-20 09:43:21
09:43:27,09:43:27,9.2,--,5,4600,卖盘,2017-07-20,2017-07-20 09:43:27
09:43:30,09:43:30,9.2,--,2,1839,卖盘,2017-07-20,2017-07-20 09:43:30
09:43:33,09:43:33,9.2,--,40,36800,卖盘,2017-07-20,2017-07-20 09:43:33
09:43:36,09:43:36,9.2,--,42,38640,卖盘,2017-07-20,2017-07-20 09:43:36
09:43:42,09:43:42,9.2,--,2,1839,卖盘,2017-07-20,2017-07-20 09:43:42
09:43:48,09:43:48,9.2,--,29,26679,卖盘,2017-07-20,2017-07-20 09:43:48
09:43:51,09:43:51,9.2,--,5,4600,卖盘,2017-07-20,2017-07-20 09:43:51
09:43:54,09:43:54,9.2,--,40,36800,卖盘,2017-07-20,2017-07-20 09:43:54
09:43:57,09:43:57,9.2,--,70,64399,卖盘,2017-07-20,2017-07-20 09:43:57
09:44:00,09:44:00,9.2,--,10,9200,卖盘,2017-07-20,2017-07-20 09:44:00
09:44:03,09:44:03,9.2,--,10,9200,卖盘,2017-07-20,2017-07-20 09:44:03
09:44:06,09:44:06,9.2,--,44,40480,卖盘,2017-07-20,2017-07-20 09:44:06
09:44:12,09:44:12,9.2,--,1,919,卖盘,2017-07-20,2017-07-20 09:44:12
09:44:15,09:44:15,9.2,--,25,23000,卖盘,2017-07-20,2017-07-20 09:44:15
09:44:18,09:44:18,9.2,--,25,23000,卖盘,2017-07-20,2017-07-20 09:44:18
09:44:21,09:44:21,9.2,--,12,11040,卖盘,2017-07-20,2017-07-20 09:44:21
09:44:30,09:44:30,9.2,--,1,919,卖盘,2017-07-20,2017-07-20 09:44:30
09:44:33,09:44:33,9.2,--,11,10120,卖盘,2017-07-20,2017-07-20 09:44:33
09:44:36,09:44:36,9.2,--,110,101199,卖盘,2017-07-20,2017-07-20 09:44:36
09:44:39,09:44:39,9.2,--,5,4600,卖盘,2017-07-20,2017-07-20 09:44:39
09:44:45,09:44:45,9.2,--,17,15639,卖盘,2017-07-20,2017-07-20 09:44:45
09:44:48,09:44:48,9.2,--,14,12879,卖盘,2017-07-20,2017-07-20 09:44:48
09:44:51,09:44:51,9.2,--,3,2760,卖盘,2017-07-20,2017-07-20 09:44:51
09:44:54,09:44:54,9.2,--,10,9200,卖盘,2017-07-20,2017-07-20 09:44:54
09:44:57,09:44:57,9.2,--,4,3679,卖盘,2017-07-20,2017-07-20 09:44:57
09:45:00,09:45:00,9.2,--,22,20240,卖盘,2017-07-20,2017-07-20 09:45:00
09:45:06,09:45:06,9.2,--,90,82800,卖盘,2017-07-20,2017-07-20 09:45:06
09:45:12,09:45:12,9.2,--,6,5520,卖盘,2017-07-20,2017-07-20 09:45:12
09:45:15,09:45:15,9.2,--,10,9200,卖盘,2017-07-20,2017-07-20 09:45:15
09:45:18,09:45:18,9.2,--,42,38640,卖盘,2017-07-20,2017-07-20 09:45:18
09:45:21,09:45:21,9.2,--,5,4600,卖盘,2017-07-20,2017-07-20 09:45:21
09:45:24,09:45:24,9.2,--,25,23000,卖盘,2017-07-20,2017-07-20 09:45:24
09:45:39,09:45:39,9.2,--,10,9200,卖盘,2017-07-20,2017-07-20 09:45:39
09:45:42,09:45:42,9.2,--,103,94759,卖盘,2017-07-20,2017-07-20 09:45:42
09:45:45,09:45:45,9.2,--,141,129719,卖盘,2017-07-20,2017-07-20 09:45:45
09:45:48,09:45:48,9.2,--,5,4600,卖盘,2017-07-20,2017-07-20 09:45:48
09:45:51,09:45:51,9.2,--,8,7359,卖盘,2017-07-20,2017-07-20 09:45:51
09:45:54,09:45:54,9.2,--,14,12879,卖盘,2017-07-20,2017-07-20 09:45:54
09:45:57,09:45:57,9.2,--,10,9200,卖盘,2017-07-20,2017-07-20 09:45:57
09:46:06,09:46:06,9.2,--,7,6439,卖盘,2017-07-20,2017-07-20 09:46:06
09:46:09,09:46:09,9.2,--,20,18400,卖盘,2017-07-20,2017-07-20 09:46:09
09:46:12,09:46:12,9.2,--,34,31279,卖盘,2017-07-20,2017-07-20 09:46:12
09:46:15,09:46:15,9.2,--,30,27599,卖盘,2017-07-20,2017-07-20 09:46:15
09:46:18,09:46:18,9.2,--,2,1839,卖盘,2017-07-20,2017-07-20 09:46:18
09:46:21,09:46:21,9.2,--,20,18400,卖盘,2017-07-20,2017-07-20 09:46:21
09:46:24,09:46:24,9.2,--,4,3679,卖盘,2017-07-20,2017-07-20 09:46:24
09:46:27,09:46:27,9.2,--,23,21160,卖盘,2017-07-20,2017-07-20 09:46:27
09:46:30,09:46:30,9.2,--,25,23000,卖盘,2017-07-20,2017-07-20 09:46:30
09:46:33,09:46:33,9.2,--,9,8280,卖盘,2017-07-20,2017-07-20 09:46:33
09:46:36,09:46:36,9.2,--,65,59799,卖盘,2017-07-20,2017-07-20 09:46:36
09:46:42,09:46:42,9.2,--,95,87400,卖盘,2017-07-20,2017-07-20 09:46:42
09:46:45,09:46:45,9.2,--,14,12879,卖盘,2017-07-20,2017-07-20 09:46:45
09:46:48,09:46:48,9.2,--,10,9200,卖盘,2017-07-20,2017-07-20 09:46:48
09:46:54,09:46:54,9.2,--,15,13799,卖盘,2017-07-20,2017-07-20 09:46:54
09:46:57,09:46:57,9.2,--,10,9200,卖盘,2017-07-20,2017-07-20 09:46:57
09:47:00,09:47:00,9.2,--,42,38640,卖盘,2017-07-20,2017-07-20 09:47:00
09:47:03,09:47:03,9.2,--,12,11040,卖盘,2017-07-20,2017-07-20 09:47:03
09:47:09,09:47:09,9.2,--,20,18400,卖盘,2017-07-20,2017-07-20 09:47:09
09:47:15,09:47:15,9.2,--,11,10120,卖盘,2017-07-20,2017-07-20 09:47:15
09:47:18,09:47:18,9.2,--,8,7359,卖盘,2017-07-20,2017-07-20 09:47:18
09:47:21,09:47:21,9.2,--,20,18400,卖盘,2017-07-20,2017-07-20 09:47:21
09:47:30,09:47:30,9.2,--,25,23000,卖盘,2017-07-20,2017-07-20 09:47:30
09:47:33,09:47:33,9.2,--,10,9200,卖盘,2017-07-20,2017-07-20 09:47:33
09:47:36,09:47:36,9.2,--,30,27599,卖盘,2017-07-20,2017-07-20 09:47:36
09:47:39,09:47:39,9.2,--,8,7359,卖盘,2017-07-20,2017-07-20 09:47:39
09:47:42,09:47:42,9.2,--,30,27599,卖盘,2017-07-20,2017-07-20 09:47:42
09:47:48,09:47:48,9.2,--,5,4600,卖盘,2017-07-20,2017-07-20 09:47:48
09:47:51,09:47:51,9.2,--,5,4600,卖盘,2017-07-20,2017-07-20 09:47:51
09:47:54,09:47:54,9.2,--,30,27599,卖盘,2017-07-20,2017-07-20 09:47:54
09:47:57,09:47:57,9.2,--,4,3679,卖盘,2017-07-20,2017-07-20 09:47:57
09:48:00,09:48:00,9.2,--,5,4600,卖盘,2017-07-20,2017-07-20 09:48:00
09:48:03,09:48:03,9.2,--,20,18400,卖盘,2017-07-20,2017-07-20 09:48:03
09:48:12,09:48:12,9.2,--,40,36800,卖盘,2017-07-20,2017-07-20 09:48:12
09:48:15,09:48:15,9.2,--,27,24839,卖盘,2017-07-20,2017-07-20 09:48:15
09:48:18,09:48:18,9.2,--,519,477479,卖盘,2017-07-20,2017-07-20 09:48:18
09:48:21,09:48:21,9.2,--,2,1839,卖盘,2017-07-20,2017-07-20 09:48:21
09:48:27,09:48:27,9.2,--,16,14719,卖盘,2017-07-20,2017-07-20 09:48:27
09:48:30,09:48:30,9.2,--,20,18400,卖盘,2017-07-20,2017-07-20 09:48:30
09:48:48,09:48:48,9.2,--,5,4600,卖盘,2017-07-20,2017-07-20 09:48:48
09:48:51,09:48:51,9.2,--,38,34960,卖盘,2017-07-20,2017-07-20 09:48:51
09:49:00,09:49:00,9.2,--,50,46000,卖盘,2017-07-20,2017-07-20 09:49:00
09:49:03,09:49:03,9.2,--,10,9200,卖盘,2017-07-20,2017-07-20 09:49:03
09:49:12,09:49:12,9.2,--,4,3679,卖盘,2017-07-20,2017-07-20 09:49:12
09:49:15,09:49:15,9.2,--,99,91080,卖盘,2017-07-20,2017-07-20 09:49:15
09:49:21,09:49:21,9.2,--,51,46920,卖盘,2017-07-20,2017-07-20 09:49:21
09:49:27,09:49:27,9.2,--,108,99359,卖盘,2017-07-20,2017-07-20 09:49:27
09:49:30,09:49:30,9.2,--,19,17480,卖盘,2017-07-20,2017-07-20 09:49:30
09:49:39,09:49:39,9.2,--,44,40480,卖盘,2017-07-20,2017-07-20 09:49:39
09:49:45,09:49:45,9.2,--,21,19320,卖盘,2017-07-20,2017-07-20 09:49:45
09:49:57,09:49:57,9.2,--,10,9200,卖盘,2017-07-20,2017-07-20 09:49:57
09:50:06,09:50:06,9.2,--,70,64399,卖盘,2017-07-20,2017-07-20 09:50:06
09:50:12,09:50:12,9.2,--,3,2760,卖盘,2017-07-20,2017-07-20 09:50:12
09:50:15,09:50:15,9.2,--,70,64399,卖盘,2017-07-20,2017-07-20 09:50:15
09:50:18,09:50:18,9.2,--,25,23000,卖盘,2017-07-20,2017-07-20 09:50:18
09:50:21,09:50:21,9.2,--,5,4600,卖盘,2017-07-20,2017-07-20 09:50:21
09:50:27,09:50:27,9.2,--,3,2760,卖盘,2017-07-20,2017-07-20 09:50:27
09:50:30,09:50:30,9.2,--,20,18400,卖盘,2017-07-20,2017-07-20 09:50:30
09:50:36,09:50:36,9.2,--,10,9200,卖盘,2017-07-20,2017-07-20 09:50:36
09:50:39,09:50:39,9.2,--,64,58879,卖盘,2017-07-20,2017-07-20 09:50:39
09:50:42,09:50:42,9.2,--,13,11959,卖盘,2017-07-20,2017-07-20 09:50:42
09:50:45,09:50:45,9.2,--,53,48759,卖盘,2017-07-20,2017-07-20 09:50:45
09:50:48,09:50:48,9.2,--,10,9200,卖盘,2017-07-20,2017-07-20 09:50:48
09:50:51,09:50:51,9.2,--,2,1839,卖盘,2017-07-20,2017-07-20 09:50:51
09:50:54,09:50:54,9.2,--,5,4600,卖盘,2017-07-20,2017-07-20 09:50:54
09:50:57,09:50:57,9.2,--,5,4600,卖盘,2017-07-20,2017-07-20 09:50:57
09:51:00,09:51:00,9.2,--,11,10120,卖盘,2017-07-20,2017-07-20 09:51:00
09:51:06,09:51:06,9.2,--,2,1839,卖盘,2017-07-20,2017-07-20 09:51:06
09:51:09,09:51:09,9.2,--,5,4600,卖盘,2017-07-20,2017-07-20 09:51:09
09:51:15,09:51:15,9.2,--,4,3679,卖盘,2017-07-20,2017-07-20 09:51:15
09:51:30,09:51:30,9.2,--,3,2760,卖盘,2017-07-20,2017-07-20 09:51:30
09:51:33,09:51:33,9.2,--,46,42320,卖盘,2017-07-20,2017-07-20 09:51:33
09:51:48,09:51:48,9.2,--,92,84640,卖盘,2017-07-20,2017-07-20 09:51:48
09:51:51,09:51:51,9.2,--,24,22080,卖盘,2017-07-20,2017-07-20 09:51:51
09:51:54,09:51:54,9.2,--,10,9200,卖盘,2017-07-20,2017-07-20 09:51:54
09:52:00,09:52:00,9.2,--,11,10120,卖盘,2017-07-20,2017-07-20 09:52:00
09:52:12,09:52:12,9.2,--,32,29439,卖盘,2017-07-20,2017-07-20 09:52:12
09:52:15,09:52:15,9.2,--,20,18400,卖盘,2017-07-20,2017-07-20 09:52:15
09:52:18,09:52:18,9.2,--,5,4600,卖盘,2017-07-20,2017-07-20 09:52:18
09:52:24,09:52:24,9.2,--,12,11040,卖盘,2017-07-20,2017-07-20 09:52:24
09:52:27,09:52:27,9.2,--,50,46000,卖盘,2017-07-20,2017-07-20 09:52:27
09:52:30,09:52:30,9.2,--,4,3679,卖盘,2017-07-20,2017-07-20 09:52:30
09:52:33,09:52:33,9.2,--,25,23000,卖盘,2017-07-20,2017-07-20 09:52:33
09:52:36,09:52:36,9.2,--,10,9200,卖盘,2017-07-20,2017-07-20 09:52:36
09:52:42,09:52:42,9.2,--,50,46000,卖盘,2017-07-20,2017-07-20 09:52:42
09:52:51,09:52:51,9.2,--,11,10120,卖盘,2017-07-20,2017-07-20 09:52:51
09:52:56,09:52:56,9.2,--,17,15639,卖盘,2017-07-20,2017-07-20 09:52:56
09:53:02,09:53:02,9.2,--,3,2760,卖盘,2017-07-20,2017-07-20 09:53:02
09:53:09,09:53:09,9.2,--,20,18400,卖盘,2017-07-20,2017-07-20 09:53:09
09:53:12,09:53:12,9.2,--,8,7359,卖盘,2017-07-20,2017-07-20 09:53:12
09:53:14,09:53:14,9.2,--,17,15639,卖盘,2017-07-20,2017-07-20 09:53:14
09:53:18,09:53:18,9.2,--,1,919,卖盘,2017-07-20,2017-07-20 09:53:18
09:53:26,09:53:26,9.2,--,7,6439,卖盘,2017-07-20,2017-07-20 09:53:26
09:53:29,09:53:29,9.2,--,20,18400,卖盘,2017-07-20,2017-07-20 09:53:29
09:53:33,09:53:33,9.2,--,25,23000,卖盘,2017-07-20,2017-07-20 09:53:33
09:53:42,09:53:42,9.2,--,40,36800,卖盘,2017-07-20,2017-07-20 09:53:42
09:53:44,09:53:44,9.2,--,4,3679,卖盘,2017-07-20,2017-07-20 09:53:44
09:53:51,09:53:51,9.2,--,8,7359,卖盘,2017-07-20,2017-07-20 09:53:51
09:53:57,09:53:57,9.2,--,50,46000,卖盘,2017-07-20,2017-07-20 09:53:57
09:54:00,09:54:00,9.2,--,11,10120,卖盘,2017-07-20,2017-07-20 09:54:00
09:54:03,09:54:03,9.2,--,5,4600,卖盘,2017-07-20,2017-07-20 09:54:03
09:54:06,09:54:06,9.2,--,278,255759,卖盘,2017-07-20,2017-07-20 09:54:06
09:54:09,09:54:09,9.2,--,10,9200,卖盘,2017-07-20,2017-07-20 09:54:09
09:54:12,09:54:12,9.2,--,20,18400,卖盘,2017-07-20,2017-07-20 09:54:12
09:54:15,09:54:15,9.2,--,1,919,卖盘,2017-07-20,2017-07-20 09:54:15
09:54:18,09:54:18,9.2,--,10,9200,卖盘,2017-07-20,2017-07-20 09:54:18
09:54:21,09:54:21,9.2,--,2,1839,卖盘,2017-07-20,2017-07-20 09:54:21
09:54:30,09:54:30,9.2,--,93,85560,卖盘,2017-07-20,2017-07-20 09:54:30
09:54:33,09:54:33,9.2,--,15,13799,卖盘,2017-07-20,2017-07-20 09:54:33
09:54:36,09:54:36,9.2,--,5,4600,卖盘,2017-07-20,2017-07-20 09:54:36
09:54:39,09:54:39,9.2,--,56,51519,卖盘,2017-07-20,2017-07-20 09:54:39
09:54:42,09:54:42,9.2,--,730,671600,卖盘,2017-07-20,2017-07-20 09:54:42
09:54:45,09:54:45,9.2,--,11,10120,卖盘,2017-07-20,2017-07-20 09:54:45
09:54:48,09:54:48,9.2,--,7,6439,卖盘,2017-07-20,2017-07-20 09:54:48
09:54:57,09:54:57,9.2,--,10,9200,卖盘,2017-07-20,2017-07-20 09:54:57
09:55:00,09:55:00,9.2,--,6,5520,卖盘,2017-07-20,2017-07-20 09:55:00
09:55:03,09:55:03,9.2,--,106,97519,卖盘,2017-07-20,2017-07-20 09:55:03
09:55:09,09:55:09,9.2,--,34,31279,卖盘,2017-07-20,2017-07-20 09:55:09
09:55:12,09:55:12,9.2,--,10,9200,卖盘,2017-07-20,2017-07-20 09:55:12
09:55:15,09:55:15,9.2,--,14,12879,卖盘,2017-07-20,2017-07-20 09:55:15
09:55:18,09:55:18,9.2,--,12,11040,卖盘,2017-07-20,2017-07-20 09:55:18
09:55:33,09:55:33,9.2,--,8,7359,卖盘,2017-07-20,2017-07-20 09:55:33
09:55:36,09:55:36,9.2,--,5,4600,卖盘,2017-07-20,2017-07-20 09:55:36
09:55:39,09:55:39,9.2,--,52,47839,卖盘,2017-07-20,2017-07-20 09:55:39
09:55:42,09:55:42,9.2,--,4,3679,卖盘,2017-07-20,2017-07-20 09:55:42
09:55:48,09:55:48,9.2,--,10,9200,卖盘,2017-07-20,2017-07-20 09:55:48
09:55:54,09:55:54,9.2,--,950,873999,卖盘,2017-07-20,2017-07-20 09:55:54
09:55:57,09:55:57,9.2,--,15,13799,卖盘,2017-07-20,2017-07-20 09:55:57
09:56:00,09:56:00,9.2,--,2524,2322816,卖盘,2017-07-20,2017-07-20 09:56:00
09:56:12,09:56:12,9.2,--,72,66240,卖盘,2017-07-20,2017-07-20 09:56:12
09:56:18,09:56:18,9.2,--,64,58879,卖盘,2017-07-20,2017-07-20 09:56:18
09:56:21,09:56:21,9.2,--,22,20240,卖盘,2017-07-20,2017-07-20 09:56:21
09:56:24,09:56:24,9.2,--,15,13799,卖盘,2017-07-20,2017-07-20 09:56:24
09:56:27,09:56:27,9.2,--,10,9200,卖盘,2017-07-20,2017-07-20 09:56:27
09:56:30,09:56:30,9.2,--,2,1839,卖盘,2017-07-20,2017-07-20 09:56:30
09:56:33,09:56:33,9.2,--,130,119599,卖盘,2017-07-20,2017-07-20 09:56:33
09:56:39,09:56:39,9.2,--,30,27599,卖盘,2017-07-20,2017-07-20 09:56:39
09:56:45,09:56:45,9.2,--,10,9200,卖盘,2017-07-20,2017-07-20 09:56:45
09:56:48,09:56:48,9.2,--,50,46000,卖盘,2017-07-20,2017-07-20 09:56:48
09:56:51,09:56:51,9.2,--,4013,3691959,卖盘,2017-07-20,2017-07-20 09:56:51
09:56:54,09:56:54,9.2,--,50,46000,卖盘,2017-07-20,2017-07-20 09:56:54
09:56:57,09:56:57,9.2,--,115,105799,卖盘,2017-07-20,2017-07-20 09:56:57
09:57:00,09:57:00,9.2,--,13,11959,卖盘,2017-07-20,2017-07-20 09:57:00
09:57:03,09:57:03,9.2,--,6,5520,卖盘,2017-07-20,2017-07-20 09:57:03
09:57:06,09:57:06,9.2,--,20,18400,卖盘,2017-07-20,2017-07-20 09:57:06
09:57:09,09:57:09,9.2,--,7,6439,卖盘,2017-07-20,2017-07-20 09:57:09
09:57:15,09:57:15,9.2,--,2,2152,卖盘,2017-07-20,2017-07-20 09:57:15
09:57:21,09:57:21,9.2,--,160,147200,卖盘,2017-07-20,2017-07-20 09:57:21
09:57:24,09:57:24,9.2,--,10,9200,卖盘,2017-07-20,2017-07-20 09:57:24
09:57:27,09:57:27,9.2,--,114,104879,卖盘,2017-07-20,2017-07-20 09:57:27
09:57:30,09:57:30,9.2,--,97,89240,卖盘,2017-07-20,2017-07-20 09:57:30
09:57:33,09:57:33,9.2,--,25,23000,卖盘,2017-07-20,2017-07-20 09:57:33
09:57:36,09:57:36,9.2,--,20,18400,卖盘,2017-07-20,2017-07-20 09:57:36
09:57:39,09:57:39,9.2,--,10,9200,卖盘,2017-07-20,2017-07-20 09:57:39
09:57:42,09:57:42,9.2,--,3,2760,卖盘,2017-07-20,2017-07-20 09:57:42
09:57:45,09:57:45,9.2,--,102,93840,卖盘,2017-07-20,2017-07-20 09:57:45
09:57:51,09:57:51,9.2,--,16,14719,卖盘,2017-07-20,2017-07-20 09:57:51
09:58:00,09:58:00,9.2,--,101,92920,卖盘,2017-07-20,2017-07-20 09:58:00
09:58:03,09:58:03,9.2,--,40,36800,卖盘,2017-07-20,2017-07-20 09:58:03
09:58:06,09:58:06,9.2,--,3,2760,卖盘,2017-07-20,2017-07-20 09:58:06
09:58:09,09:58:09,9.2,--,1,919,卖盘,2017-07-20,2017-07-20 09:58:09
09:58:12,09:58:12,9.2,--,12,11040,卖盘,2017-07-20,2017-07-20 09:58:12
09:58:15,09:58:15,9.2,--,5,4600,卖盘,2017-07-20,2017-07-20 09:58:15
09:58:18,09:58:18,9.2,--,26,23919,卖盘,2017-07-20,2017-07-20 09:58:18
09:58:24,09:58:24,9.2,--,20,18400,卖盘,2017-07-20,2017-07-20 09:58:24
09:58:33,09:58:33,9.2,--,9,8280,卖盘,2017-07-20,2017-07-20 09:58:33
09:58:36,09:58:36,9.2,--,5,4600,卖盘,2017-07-20,2017-07-20 09:58:36
09:58:39,09:58:39,9.2,--,20,18400,卖盘,2017-07-20,2017-07-20 09:58:39
09:58:42,09:58:42,9.2,--,27,24839,卖盘,2017-07-20,2017-07-20 09:58:42
09:58:45,09:58:45,9.2,--,27,24839,卖盘,2017-07-20,2017-07-20 09:58:45
09:58:48,09:58:48,9.2,--,8,7359,卖盘,2017-07-20,2017-07-20 09:58:48
09:58:54,09:58:54,9.2,--,5,4600,卖盘,2017-07-20,2017-07-20 09:58:54
09:59:00,09:59:00,9.2,--,1,919,卖盘,2017-07-20,2017-07-20 09:59:00
09:59:06,09:59:06,9.2,--,5,4600,卖盘,2017-07-20,2017-07-20 09:59:06
09:59:09,09:59:09,9.2,--,20,18400,卖盘,2017-07-20,2017-07-20 09:59:09
09:59:15,09:59:15,9.2,--,18,16560,卖盘,2017-07-20,2017-07-20 09:59:15
09:59:18,09:59:18,9.2,--,5,4600,卖盘,2017-07-20,2017-07-20 09:59:18
09:59:21,09:59:21,9.2,--,19,17480,卖盘,2017-07-20,2017-07-20 09:59:21
09:59:30,09:59:30,9.2,--,10,9200,卖盘,2017-07-20,2017-07-20 09:59:30
09:59:33,09:59:33,9.2,--,30,27599,卖盘,2017-07-20,2017-07-20 09:59:33
09:59:51,09:59:51,9.2,--,30,27599,卖盘,2017-07-20,2017-07-20 09:59:51
10:00:03,10:00:03,9.2,--,14,12879,卖盘,2017-07-20,2017-07-20 10:00:03
10:00:06,10:00:06,9.2,--,2,1839,卖盘,2017-07-20,2017-07-20 10:00:06
10:00:12,10:00:12,9.2,--,8,7359,卖盘,2017-07-20,2017-07-20 10:00:12
10:00:18,10:00:18,9.2,--,5,4600,卖盘,2017-07-20,2017-07-20 10:00:18
10:00:24,10:00:24,9.2,--,6,5520,卖盘,2017-07-20,2017-07-20 10:00:24
10:00:27,10:00:27,9.2,--,120,110399,卖盘,2017-07-20,2017-07-20 10:00:27
10:00:30,10:00:30,9.2,--,30,27599,卖盘,2017-07-20,2017-07-20 10:00:30
10:00:33,10:00:33,9.2,--,503,462759,卖盘,2017-07-20,2017-07-20 10:00:33
10:00:39,10:00:39,9.2,--,2,1839,卖盘,2017-07-20,2017-07-20 10:00:39
10:00:45,10:00:45,9.2,--,5,4600,卖盘,2017-07-20,2017-07-20 10:00:45
10:00:51,10:00:51,9.2,--,3,2760,卖盘,2017-07-20,2017-07-20 10:00:51
10:01:00,10:01:00,9.2,--,52,47839,卖盘,2017-07-20,2017-07-20 10:01:00
10:01:18,10:01:18,9.2,--,10,9200,卖盘,2017-07-20,2017-07-20 10:01:18
10:01:27,10:01:27,9.2,--,125,114999,卖盘,2017-07-20,2017-07-20 10:01:27
10:01:30,10:01:30,9.2,--,7,6439,卖盘,2017-07-20,2017-07-20 10:01:30
10:01:36,10:01:36,9.2,--,20,18400,卖盘,2017-07-20,2017-07-20 10:01:36
10:01:39,10:01:39,9.2,--,12,11040,卖盘,2017-07-20,2017-07-20 10:01:39
10:01:42,10:01:42,9.2,--,25,23000,卖盘,2017-07-20,2017-07-20 10:01:42
10:01:48,10:01:48,9.2,--,3,2760,卖盘,2017-07-20,2017-07-20 10:01:48
10:02:03,10:02:03,9.2,--,1,919,卖盘,2017-07-20,2017-07-20 10:02:03
10:02:09,10:02:09,9.2,--,7,6439,卖盘,2017-07-20,2017-07-20 10:02:09
10:02:15,10:02:15,9.2,--,50,46000,卖盘,2017-07-20,2017-07-20 10:02:15
10:02:21,10:02:21,9.2,--,10,9200,卖盘,2017-07-20,2017-07-20 10:02:21
10:02:36,10:02:36,9.2,--,25,23000,卖盘,2017-07-20,2017-07-20 10:02:36
10:02:51,10:02:51,9.2,--,10,9200,卖盘,2017-07-20,2017-07-20 10:02:51
10:02:54,10:02:54,9.2,--,12,11040,卖盘,2017-07-20,2017-07-20 10:02:54
10:02:57,10:02:57,9.2,--,102,93840,卖盘,2017-07-20,2017-07-20 10:02:57
10:03:03,10:03:03,9.2,--,10,9200,卖盘,2017-07-20,2017-07-20 10:03:03
10:03:12,10:03:12,9.2,--,1,919,卖盘,2017-07-20,2017-07-20 10:03:12
10:03:18,10:03:18,9.2,--,10,9200,卖盘,2017-07-20,2017-07-20 10:03:18
10:03:21,10:03:21,9.2,--,50,46000,卖盘,2017-07-20,2017-07-20 10:03:21
10:03:27,10:03:27,9.2,--,25,23000,卖盘,2017-07-20,2017-07-20 10:03:27
10:03:30,10:03:30,9.2,--,10,9200,卖盘,2017-07-20,2017-07-20 10:03:30
10:03:33,10:03:33,9.2,--,30,27599,卖盘,2017-07-20,2017-07-20 10:03:33
10:03:39,10:03:39,9.2,--,100,92000,卖盘,2017-07-20,2017-07-20 10:03:39
10:03:42,10:03:42,9.2,--,10,9200,卖盘,2017-07-20,2017-07-20 10:03:42
10:03:57,10:03:57,9.2,--,2,1839,卖盘,2017-07-20,2017-07-20 10:03:57
10:04:03,10:04:03,9.2,--,3,2760,卖盘,2017-07-20,2017-07-20 10:04:03
10:04:06,10:04:06,9.2,--,5,4600,卖盘,2017-07-20,2017-07-20 10:04:06
10:04:09,10:04:09,9.2,--,82,75440,卖盘,2017-07-20,2017-07-20 10:04:09
10:04:12,10:04:12,9.2,--,80,73600,卖盘,2017-07-20,2017-07-20 10:04:12
10:04:18,10:04:18,9.2,--,7,6439,卖盘,2017-07-20,2017-07-20 10:04:18
10:04:21,10:04:21,9.2,--,3,2760,卖盘,2017-07-20,2017-07-20 10:04:21
10:04:24,10:04:24,9.2,--,54,49679,卖盘,2017-07-20,2017-07-20 10:04:24
10:04:27,10:04:27,9.2,--,27,24839,卖盘,2017-07-20,2017-07-20 10:04:27
10:04:33,10:04:33,9.2,--,2,1839,卖盘,2017-07-20,2017-07-20 10:04:33
10:04:36,10:04:36,9.2,--,30,27599,卖盘,2017-07-20,2017-07-20 10:04:36
10:04:45,10:04:45,9.2,--,21,19320,卖盘,2017-07-20,2017-07-20 10:04:45
10:04:51,10:04:51,9.2,--,15,13799,卖盘,2017-07-20,2017-07-20 10:04:51
10:04:54,10:04:54,9.2,--,5,4600,卖盘,2017-07-20,2017-07-20 10:04:54
10:05:03,10:05:03,9.2,--,7,6439,卖盘,2017-07-20,2017-07-20 10:05:03
10:05:06,10:05:06,9.2,--,1,919,卖盘,2017-07-20,2017-07-20 10:05:06
10:05:12,10:05:12,9.2,--,1,919,卖盘,2017-07-20,2017-07-20 10:05:12
10:05:15,10:05:15,9.2,--,11,10120,卖盘,2017-07-20,2017-07-20 10:05:15
10:05:27,10:05:27,9.2,--,2,1839,卖盘,2017-07-20,2017-07-20 10:05:27
10:05:30,10:05:30,9.2,--,28,25759,卖盘,2017-07-20,2017-07-20 10:05:30
10:05:33,10:05:33,9.2,--,20,18400,卖盘,2017-07-20,2017-07-20 10:05:33
10:05:36,10:05:36,9.2,--,30,27599,卖盘,2017-07-20,2017-07-20 10:05:36
10:06:00,10:06:00,9.2,--,5,4600,卖盘,2017-07-20,2017-07-20 10:06:00
10:06:09,10:06:09,9.2,--,5,4600,卖盘,2017-07-20,2017-07-20 10:06:09
10:06:12,10:06:12,9.2,--,14,12879,卖盘,2017-07-20,2017-07-20 10:06:12
10:06:15,10:06:15,9.2,--,43,39560,卖盘,2017-07-20,2017-07-20 10:06:15
10:06:24,10:06:24,9.2,--,33,30359,卖盘,2017-07-20,2017-07-20 10:06:24
10:06:30,10:06:30,9.2,--,50,46000,卖盘,2017-07-20,2017-07-20 10:06:30
10:06:36,10:06:36,9.2,--,5,4600,卖盘,2017-07-20,2017-07-20 10:06:36
10:06:54,10:06:54,9.2,--,5,4600,卖盘,2017-07-20,2017-07-20 10:06:54
10:06:57,10:06:57,9.2,--,60,55199,卖盘,2017-07-20,2017-07-20 10:06:57
10:07:03,10:07:03,9.2,--,10,9200,卖盘,2017-07-20,2017-07-20 10:07:03
10:07:06,10:07:06,9.2,--,20,18400,卖盘,2017-07-20,2017-07-20 10:07:06
10:07:09,10:07:09,9.2,--,10,9200,卖盘,2017-07-20,2017-07-20 10:07:09
10:07:15,10:07:15,9.2,--,1,919,卖盘,2017-07-20,2017-07-20 10:07:15
10:07:18,10:07:18,9.2,--,15,13799,卖盘,2017-07-20,2017-07-20 10:07:18
10:07:27,10:07:27,9.2,--,2,1839,卖盘,2017-07-20,2017-07-20 10:07:27
10:07:33,10:07:33,9.2,--,3,2760,卖盘,2017-07-20,2017-07-20 10:07:33
10:07:45,10:07:45,9.2,--,30,27599,卖盘,2017-07-20,2017-07-20 10:07:45
10:07:48,10:07:48,9.2,--,4,3679,卖盘,2017-07-20,2017-07-20 10:07:48
10:07:51,10:07:51,9.2,--,24,22080,卖盘,2017-07-20,2017-07-20 10:07:51
10:07:54,10:07:54,9.2,--,13,11959,卖盘,2017-07-20,2017-07-20 10:07:54
10:08:18,10:08:18,9.2,--,5,4600,卖盘,2017-07-20,2017-07-20 10:08:18
10:08:21,10:08:21,9.2,--,12,11040,卖盘,2017-07-20,2017-07-20 10:08:21
10:08:27,10:08:27,9.2,--,10,9200,卖盘,2017-07-20,2017-07-20 10:08:27
10:08:36,10:08:36,9.2,--,5,4600,卖盘,2017-07-20,2017-07-20 10:08:36
10:08:45,10:08:45,9.2,--,13,11959,卖盘,2017-07-20,2017-07-20 10:08:45
10:08:48,10:08:48,9.2,--,23,21160,卖盘,2017-07-20,2017-07-20 10:08:48
10:08:51,10:08:51,9.2,--,25,23000,卖盘,2017-07-20,2017-07-20 10:08:51
10:09:09,10:09:09,9.2,--,4,3679,卖盘,2017-07-20,2017-07-20 10:09:09
10:09:12,10:09:12,9.2,--,7,6439,卖盘,2017-07-20,2017-07-20 10:09:12
10:09:15,10:09:15,9.2,--,4,3679,卖盘,2017-07-20,2017-07-20 10:09:15
10:09:18,10:09:18,9.2,--,5,4600,卖盘,2017-07-20,2017-07-20 10:09:18
10:09:33,10:09:33,9.2,--,5,4600,卖盘,2017-07-20,2017-07-20 10:09:33
10:09:36,10:09:36,9.2,--,12,11040,卖盘,2017-07-20,2017-07-20 10:09:36
10:09:54,10:09:54,9.2,--,17,15639,卖盘,2017-07-20,2017-07-20 10:09:54
10:10:03,10:10:03,9.2,--,20,18400,卖盘,2017-07-20,2017-07-20 10:10:03
10:10:06,10:10:06,9.2,--,29,26679,卖盘,2017-07-20,2017-07-20 10:10:06
10:10:12,10:10:12,9.2,--,50,46000,卖盘,2017-07-20,2017-07-20 10:10:12
10:10:15,10:10:15,9.2,--,500,459999,卖盘,2017-07-20,2017-07-20 10:10:15
10:10:44,10:10:44,9.2,--,39,35880,卖盘,2017-07-20,2017-07-20 10:10:44
10:10:50,10:10:50,9.2,--,58,53359,卖盘,2017-07-20,2017-07-20 10:10:50
10:10:54,10:10:54,9.2,--,20,18400,卖盘,2017-07-20,2017-07-20 10:10:54
10:10:56,10:10:56,9.2,--,80,73600,卖盘,2017-07-20,2017-07-20 10:10:56
10:11:02,10:11:02,9.2,--,5,4600,卖盘,2017-07-20,2017-07-20 10:11:02
10:11:15,10:11:15,9.2,--,10,9200,卖盘,2017-07-20,2017-07-20 10:11:15
10:11:54,10:11:54,9.2,--,5,4600,卖盘,2017-07-20,2017-07-20 10:11:54
10:12:06,10:12:06,9.2,--,6,5520,卖盘,2017-07-20,2017-07-20 10:12:06
10:12:09,10:12:09,9.2,--,15,13799,卖盘,2017-07-20,2017-07-20 10:12:09
10:12:15,10:12:15,9.2,--,20,18400,卖盘,2017-07-20,2017-07-20 10:12:15
10:12:24,10:12:24,9.2,--,99,91080,卖盘,2017-07-20,2017-07-20 10:12:24
10:12:33,10:12:33,9.2,--,20,18400,卖盘,2017-07-20,2017-07-20 10:12:33
10:12:39,10:12:39,9.2,--,15,13799,卖盘,2017-07-20,2017-07-20 10:12:39
10:12:42,10:12:42,9.2,--,3,2760,卖盘,2017-07-20,2017-07-20 10:12:42
10:13:03,10:13:03,9.2,--,20,18400,卖盘,2017-07-20,2017-07-20 10:13:03
10:13:15,10:13:15,9.2,--,5,4600,卖盘,2017-07-20,2017-07-20 10:13:15
10:13:30,10:13:30,9.2,--,10,9200,卖盘,2017-07-20,2017-07-20 10:13:30
10:14:24,10:14:24,9.2,--,4,3679,卖盘,2017-07-20,2017-07-20 10:14:24
10:14:27,10:14:27,9.2,--,10,9200,卖盘,2017-07-20,2017-07-20 10:14:27
10:14:30,10:14:30,9.2,--,5,4600,卖盘,2017-07-20,2017-07-20 10:14:30
10:14:33,10:14:33,9.2,--,1,919,卖盘,2017-07-20,2017-07-20 10:14:33
10:14:39,10:14:39,9.2,--,11,10120,卖盘,2017-07-20,2017-07-20 10:14:39
10:14:42,10:14:42,9.2,--,5,4600,卖盘,2017-07-20,2017-07-20 10:14:42
10:14:57,10:14:57,9.2,--,5,4600,卖盘,2017-07-20,2017-07-20 10:14:57
10:15:00,10:15:00,9.2,--,10,9200,卖盘,2017-07-20,2017-07-20 10:15:00
10:15:09,10:15:09,9.2,--,50,46000,卖盘,2017-07-20,2017-07-20 10:15:09
10:15:12,10:15:12,9.2,--,5,4600,卖盘,2017-07-20,2017-07-20 10:15:12
10:15:21,10:15:21,9.2,--,5,4600,卖盘,2017-07-20,2017-07-20 10:15:21
10:15:27,10:15:27,9.2,--,100,92000,卖盘,2017-07-20,2017-07-20 10:15:27
10:15:33,10:15:33,9.2,--,7,6439,卖盘,2017-07-20,2017-07-20 10:15:33
10:15:36,10:15:36,9.2,--,10,9200,卖盘,2017-07-20,2017-07-20 10:15:36
10:15:57,10:15:57,9.2,--,10,9200,卖盘,2017-07-20,2017-07-20 10:15:57
10:16:00,10:16:00,9.2,--,100,92000,卖盘,2017-07-20,2017-07-20 10:16:00
10:16:06,10:16:06,9.2,--,4,3679,卖盘,2017-07-20,2017-07-20 10:16:06
10:16:12,10:16:12,9.2,--,12,11040,卖盘,2017-07-20,2017-07-20 10:16:12
10:16:24,10:16:24,9.2,--,20,18400,卖盘,2017-07-20,2017-07-20 10:16:24
10:16:27,10:16:27,9.2,--,5,4600,卖盘,2017-07-20,2017-07-20 10:16:27
10:16:48,10:16:48,9.2,--,25,23000,卖盘,2017-07-20,2017-07-20 10:16:48
10:16:54,10:16:54,9.2,--,15,13799,卖盘,2017-07-20,2017-07-20 10:16:54
10:17:03,10:17:03,9.2,--,20,18400,卖盘,2017-07-20,2017-07-20 10:17:03
10:17:12,10:17:12,9.2,--,5,4600,卖盘,2017-07-20,2017-07-20 10:17:12
10:17:27,10:17:27,9.2,--,55,50599,卖盘,2017-07-20,2017-07-20 10:17:27
10:17:30,10:17:30,9.2,--,12,11040,卖盘,2017-07-20,2017-07-20 10:17:30
10:17:36,10:17:36,9.2,--,14,12879,卖盘,2017-07-20,2017-07-20 10:17:36
10:17:42,10:17:42,9.2,--,1,919,卖盘,2017-07-20,2017-07-20 10:17:42
10:18:21,10:18:21,9.2,--,1,919,卖盘,2017-07-20,2017-07-20 10:18:21
10:18:51,10:18:51,9.2,--,7,6439,卖盘,2017-07-20,2017-07-20 10:18:51
10:19:03,10:19:03,9.2,--,49,45080,卖盘,2017-07-20,2017-07-20 10:19:03
10:19:21,10:19:21,9.2,--,2,1839,卖盘,2017-07-20,2017-07-20 10:19:21
10:19:33,10:19:33,9.2,--,10,9200,卖盘,2017-07-20,2017-07-20 10:19:33
10:19:36,10:19:36,9.2,--,2,1839,卖盘,2017-07-20,2017-07-20 10:19:36
10:19:51,10:19:51,9.2,--,20,18400,卖盘,2017-07-20,2017-07-20 10:19:51
10:20:00,10:20:00,9.2,--,15,13799,卖盘,2017-07-20,2017-07-20 10:20:00
10:20:15,10:20:15,9.2,--,2,1839,卖盘,2017-07-20,2017-07-20 10:20:15
10:20:45,10:20:45,9.2,--,60,55199,卖盘,2017-07-20,2017-07-20 10:20:45
10:20:54,10:20:54,9.2,--,25,23000,卖盘,2017-07-20,2017-07-20 10:20:54
10:21:21,10:21:21,9.2,--,8,7359,卖盘,2017-07-20,2017-07-20 10:21:21
10:21:51,10:21:51,9.2,--,10,9200,卖盘,2017-07-20,2017-07-20 10:21:51
10:21:57,10:21:57,9.2,--,2,1839,卖盘,2017-07-20,2017-07-20 10:21:57
10:22:21,10:22:21,9.2,--,30,27599,卖盘,2017-07-20,2017-07-20 10:22:21
10:22:24,10:22:24,9.2,--,23,21160,卖盘,2017-07-20,2017-07-20 10:22:24
10:22:36,10:22:36,9.2,--,35,32199,卖盘,2017-07-20,2017-07-20 10:22:36
10:22:39,10:22:39,9.2,--,20,18400,卖盘,2017-07-20,2017-07-20 10:22:39
10:22:48,10:22:48,9.2,--,4,3679,卖盘,2017-07-20,2017-07-20 10:22:48
10:23:03,10:23:03,9.2,--,10,9200,卖盘,2017-07-20,2017-07-20 10:23:03
10:23:06,10:23:06,9.2,--,1,919,卖盘,2017-07-20,2017-07-20 10:23:06
10:23:33,10:23:33,9.2,--,4,3679,卖盘,2017-07-20,2017-07-20 10:23:33
10:23:54,10:23:54,9.2,--,6,5520,卖盘,2017-07-20,2017-07-20 10:23:54
10:24:00,10:24:00,9.2,--,3,2760,卖盘,2017-07-20,2017-07-20 10:24:00
10:24:06,10:24:06,9.2,--,52,47839,卖盘,2017-07-20,2017-07-20 10:24:06
10:24:12,10:24:12,9.2,--,5,4600,卖盘,2017-07-20,2017-07-20 10:24:12
10:24:18,10:24:18,9.2,--,60,55199,卖盘,2017-07-20,2017-07-20 10:24:18
10:24:24,10:24:24,9.2,--,22,20240,卖盘,2017-07-20,2017-07-20 10:24:24
10:24:30,10:24:30,9.2,--,20,18400,卖盘,2017-07-20,2017-07-20 10:24:30
10:24:36,10:24:36,9.2,--,20,18400,卖盘,2017-07-20,2017-07-20 10:24:36
10:24:42,10:24:42,9.2,--,20,18400,卖盘,2017-07-20,2017-07-20 10:24:42
10:24:54,10:24:54,9.2,--,5,4600,卖盘,2017-07-20,2017-07-20 10:24:54
10:25:03,10:25:03,9.2,--,2,1839,卖盘,2017-07-20,2017-07-20 10:25:03
10:25:27,10:25:27,9.2,--,4,3679,卖盘,2017-07-20,2017-07-20 10:25:27
10:25:33,10:25:33,9.2,--,10,9200,卖盘,2017-07-20,2017-07-20 10:25:33
10:25:51,10:25:51,9.2,--,10,9200,卖盘,2017-07-20,2017-07-20 10:25:51
10:26:06,10:26:06,9.2,--,3,2760,卖盘,2017-07-20,2017-07-20 10:26:06
10:26:12,10:26:12,9.2,--,3,2760,卖盘,2017-07-20,2017-07-20 10:26:12
10:26:15,10:26:15,9.2,--,5,4600,卖盘,2017-07-20,2017-07-20 10:26:15
10:26:42,10:26:42,9.2,--,10,9200,卖盘,2017-07-20,2017-07-20 10:26:42
10:26:57,10:26:57,9.2,--,9,8280,卖盘,2017-07-20,2017-07-20 10:26:57
10:27:03,10:27:03,9.2,--,2,1839,卖盘,2017-07-20,2017-07-20 10:27:03
10:27:33,10:27:33,9.2,--,4,3679,卖盘,2017-07-20,2017-07-20 10:27:33
10:27:48,10:27:48,9.2,--,100,92000,卖盘,2017-07-20,2017-07-20 10:27:48
10:27:51,10:27:51,9.2,--,16,14719,卖盘,2017-07-20,2017-07-20 10:27:51
10:27:57,10:27:57,9.2,--,17,15639,卖盘,2017-07-20,2017-07-20 10:27:57
10:28:06,10:28:06,9.2,--,20,18400,卖盘,2017-07-20,2017-07-20 10:28:06
10:28:09,10:28:09,9.2,--,20,18400,卖盘,2017-07-20,2017-07-20 10:28:09
10:28:14,10:28:14,9.2,--,9,8280,卖盘,2017-07-20,2017-07-20 10:28:14
10:28:20,10:28:20,9.2,--,5,4600,卖盘,2017-07-20,2017-07-20 10:28:20
10:28:23,10:28:23,9.2,--,219,201479,卖盘,2017-07-20,2017-07-20 10:28:23
10:28:27,10:28:27,9.2,--,100,92000,卖盘,2017-07-20,2017-07-20 10:28:27
10:28:29,10:28:29,9.2,--,10,9200,卖盘,2017-07-20,2017-07-20 10:28:29
10:28:33,10:28:33,9.2,--,22,20240,卖盘,2017-07-20,2017-07-20 10:28:33
10:28:35,10:28:35,9.2,--,121,111319,卖盘,2017-07-20,2017-07-20 10:28:35
10:28:38,10:28:38,9.2,--,3,2760,卖盘,2017-07-20,2017-07-20 10:28:38
10:28:41,10:28:41,9.2,--,10,9200,卖盘,2017-07-20,2017-07-20 10:28:41
10:28:48,10:28:48,9.2,--,1,919,卖盘,2017-07-20,2017-07-20 10:28:48
10:28:54,10:28:54,9.2,--,160,147200,卖盘,2017-07-20,2017-07-20 10:28:54
10:28:57,10:28:57,9.2,--,52,47839,卖盘,2017-07-20,2017-07-20 10:28:57
10:29:03,10:29:03,9.2,--,30,27599,卖盘,2017-07-20,2017-07-20 10:29:03
10:29:09,10:29:09,9.2,--,50,46000,卖盘,2017-07-20,2017-07-20 10:29:09
10:29:12,10:29:12,9.2,--,17,15639,卖盘,2017-07-20,2017-07-20 10:29:12
10:29:21,10:29:21,9.2,--,10,9200,卖盘,2017-07-20,2017-07-20 10:29:21
10:29:24,10:29:24,9.2,--,10,9200,卖盘,2017-07-20,2017-07-20 10:29:24
10:29:30,10:29:30,9.2,--,10,9200,卖盘,2017-07-20,2017-07-20 10:29:30
10:29:39,10:29:39,9.2,--,20,18400,卖盘,2017-07-20,2017-07-20 10:29:39
10:29:42,10:29:42,9.2,--,15,13799,卖盘,2017-07-20,2017-07-20 10:29:42
10:29:48,10:29:48,9.2,--,300,276000,卖盘,2017-07-20,2017-07-20 10:29:48
10:29:51,10:29:51,9.2,--,10,9200,卖盘,2017-07-20,2017-07-20 10:29:51
10:29:54,10:29:54,9.2,--,20,18400,卖盘,2017-07-20,2017-07-20 10:29:54
10:29:57,10:29:57,9.2,--,2,1839,卖盘,2017-07-20,2017-07-20 10:29:57
10:30:00,10:30:00,9.2,--,312,287040,卖盘,2017-07-20,2017-07-20 10:30:00
10:30:06,10:30:06,9.2,--,160,147200,卖盘,2017-07-20,2017-07-20 10:30:06
10:30:09,10:30:09,9.2,--,80,73600,卖盘,2017-07-20,2017-07-20 10:30:09
10:30:12,10:30:12,9.2,--,10,9200,卖盘,2017-07-20,2017-07-20 10:30:12
10:30:15,10:30:15,9.2,--,28,25759,卖盘,2017-07-20,2017-07-20 10:30:15
10:30:21,10:30:21,9.2,--,35,32199,卖盘,2017-07-20,2017-07-20 10:30:21
10:30:24,10:30:24,9.2,--,35,32199,卖盘,2017-07-20,2017-07-20 10:30:24
10:30:27,10:30:27,9.2,--,7,6439,卖盘,2017-07-20,2017-07-20 10:30:27
10:30:30,10:30:30,9.2,--,7,6439,卖盘,2017-07-20,2017-07-20 10:30:30
10:30:39,10:30:39,9.2,--,50,46000,卖盘,2017-07-20,2017-07-20 10:30:39
10:30:42,10:30:42,9.2,--,21,19320,卖盘,2017-07-20,2017-07-20 10:30:42
10:30:45,10:30:45,9.2,--,63,57959,卖盘,2017-07-20,2017-07-20 10:30:45
10:30:48,10:30:48,9.2,--,7,6439,卖盘,2017-07-20,2017-07-20 10:30:48
10:30:51,10:30:51,9.2,--,48,44160,卖盘,2017-07-20,2017-07-20 10:30:51
10:30:54,10:30:54,9.2,--,2,1839,卖盘,2017-07-20,2017-07-20 10:30:54
10:31:03,10:31:03,9.2,--,350,322000,卖盘,2017-07-20,2017-07-20 10:31:03
10:31:06,10:31:06,9.2,--,32,29439,卖盘,2017-07-20,2017-07-20 10:31:06
10:31:12,10:31:12,9.2,--,10,9200,卖盘,2017-07-20,2017-07-20 10:31:12
10:31:18,10:31:18,9.2,--,50,46000,卖盘,2017-07-20,2017-07-20 10:31:18
10:31:21,10:31:21,9.2,--,7,6439,卖盘,2017-07-20,2017-07-20 10:31:21
10:31:24,10:31:24,9.2,--,19,17480,卖盘,2017-07-20,2017-07-20 10:31:24
10:31:27,10:31:27,9.2,--,50,46000,卖盘,2017-07-20,2017-07-20 10:31:27
10:31:33,10:31:33,9.2,--,5,4600,卖盘,2017-07-20,2017-07-20 10:31:33
10:31:36,10:31:36,9.2,--,37,34040,卖盘,2017-07-20,2017-07-20 10:31:36
10:31:39,10:31:39,9.2,--,5,4600,卖盘,2017-07-20,2017-07-20 10:31:39
10:31:45,10:31:45,9.2,--,51,46920,卖盘,2017-07-20,2017-07-20 10:31:45
10:31:57,10:31:57,9.2,--,10,9200,卖盘,2017-07-20,2017-07-20 10:31:57
10:32:00,10:32:00,9.2,--,6,5520,卖盘,2017-07-20,2017-07-20 10:32:00
10:32:06,10:32:06,9.2,--,6,5520,卖盘,2017-07-20,2017-07-20 10:32:06
10:32:09,10:32:09,9.2,--,520,478399,卖盘,2017-07-20,2017-07-20 10:32:09
10:32:15,10:32:15,9.2,--,10,9200,卖盘,2017-07-20,2017-07-20 10:32:15
10:32:24,10:32:24,9.2,--,3,2760,卖盘,2017-07-20,2017-07-20 10:32:24
10:32:30,10:32:30,9.2,--,310,285200,卖盘,2017-07-20,2017-07-20 10:32:30
10:32:33,10:32:33,9.2,--,10,9200,卖盘,2017-07-20,2017-07-20 10:32:33
10:32:39,10:32:39,9.2,--,54,49679,卖盘,2017-07-20,2017-07-20 10:32:39
10:32:42,10:32:42,9.2,--,10,9200,卖盘,2017-07-20,2017-07-20 10:32:42
10:32:45,10:32:45,9.2,--,200,184000,卖盘,2017-07-20,2017-07-20 10:32:45
10:32:48,10:32:48,9.2,--,7,6439,卖盘,2017-07-20,2017-07-20 10:32:48
10:32:54,10:32:54,9.2,--,26,23919,卖盘,2017-07-20,2017-07-20 10:32:54
10:32:57,10:32:57,9.2,--,34,31279,卖盘,2017-07-20,2017-07-20 10:32:57
10:33:00,10:33:00,9.2,--,10,9200,卖盘,2017-07-20,2017-07-20 10:33:00
10:33:06,10:33:06,9.2,--,1,919,卖盘,2017-07-20,2017-07-20 10:33:06
10:33:12,10:33:12,9.2,--,55,50599,卖盘,2017-07-20,2017-07-20 10:33:12
10:33:21,10:33:21,9.2,--,4,3679,卖盘,2017-07-20,2017-07-20 10:33:21
10:33:27,10:33:27,9.2,--,1,919,卖盘,2017-07-20,2017-07-20 10:33:27
10:33:30,10:33:30,9.2,--,11,10120,卖盘,2017-07-20,2017-07-20 10:33:30
10:33:33,10:33:33,9.2,--,16,14719,卖盘,2017-07-20,2017-07-20 10:33:33
10:33:46,10:33:46,9.2,--,16,14719,卖盘,2017-07-20,2017-07-20 10:33:46
10:33:48,10:33:48,9.2,--,4,3679,卖盘,2017-07-20,2017-07-20 10:33:48
10:33:52,10:33:52,9.2,--,10,9200,卖盘,2017-07-20,2017-07-20 10:33:52
10:34:07,10:34:07,9.2,--,19,17480,卖盘,2017-07-20,2017-07-20 10:34:07
10:34:12,10:34:12,9.2,--,1,919,卖盘,2017-07-20,2017-07-20 10:34:12
10:34:22,10:34:22,9.2,--,31,28519,卖盘,2017-07-20,2017-07-20 10:34:22
10:34:37,10:34:37,9.2,--,4,3679,卖盘,2017-07-20,2017-07-20 10:34:37
10:34:45,10:34:45,9.2,--,2,1839,卖盘,2017-07-20,2017-07-20 10:34:45
10:34:49,10:34:49,9.2,--,3,2760,卖盘,2017-07-20,2017-07-20 10:34:49
10:34:58,10:34:58,9.2,--,10,9200,卖盘,2017-07-20,2017-07-20 10:34:58
10:35:07,10:35:07,9.2,--,1,919,卖盘,2017-07-20,2017-07-20 10:35:07
10:35:22,10:35:22,9.2,--,20,18400,卖盘,2017-07-20,2017-07-20 10:35:22
10:35:25,10:35:25,9.2,--,20,18400,卖盘,2017-07-20,2017-07-20 10:35:25
10:35:28,10:35:28,9.2,--,400,368000,卖盘,2017-07-20,2017-07-20 10:35:28
10:35:37,10:35:37,9.2,--,205,188599,卖盘,2017-07-20,2017-07-20 10:35:37
10:35:45,10:35:45,9.2,--,100,92000,卖盘,2017-07-20,2017-07-20 10:35:45
10:35:52,10:35:52,9.2,--,20,18400,卖盘,2017-07-20,2017-07-20 10:35:52
10:35:57,10:35:57,9.2,--,1,919,卖盘,2017-07-20,2017-07-20 10:35:57
10:36:01,10:36:01,9.2,--,10,9200,卖盘,2017-07-20,2017-07-20 10:36:01
10:36:03,10:36:03,9.2,--,15,13799,卖盘,2017-07-20,2017-07-20 10:36:03
10:36:10,10:36:10,9.2,--,57,52439,卖盘,2017-07-20,2017-07-20 10:36:10
10:36:12,10:36:12,9.2,--,13,11959,卖盘,2017-07-20,2017-07-20 10:36:12
10:36:16,10:36:16,9.2,--,5,4600,卖盘,2017-07-20,2017-07-20 10:36:16
10:36:22,10:36:22,9.2,--,12,11040,卖盘,2017-07-20,2017-07-20 10:36:22
10:36:25,10:36:25,9.2,--,15,13799,卖盘,2017-07-20,2017-07-20 10:36:25
10:36:37,10:36:37,9.2,--,6,5520,卖盘,2017-07-20,2017-07-20 10:36:37
10:36:40,10:36:40,9.2,--,3,2760,卖盘,2017-07-20,2017-07-20 10:36:40
10:36:43,10:36:43,9.2,--,11,10856,卖盘,2017-07-20,2017-07-20 10:36:43
10:36:49,10:36:49,9.2,--,143,131560,卖盘,2017-07-20,2017-07-20 10:36:49
10:36:52,10:36:52,9.2,--,10,9200,卖盘,2017-07-20,2017-07-20 10:36:52
10:36:58,10:36:58,9.2,--,105,96599,卖盘,2017-07-20,2017-07-20 10:36:58
10:37:07,10:37:07,9.2,--,5,4600,卖盘,2017-07-20,2017-07-20 10:37:07
10:37:19,10:37:19,9.2,--,19,17480,卖盘,2017-07-20,2017-07-20 10:37:19
10:37:34,10:37:34,9.2,--,19,17480,卖盘,2017-07-20,2017-07-20 10:37:34
10:37:37,10:37:37,9.2,--,90,82800,卖盘,2017-07-20,2017-07-20 10:37:37
10:37:49,10:37:49,9.2,--,1,919,卖盘,2017-07-20,2017-07-20 10:37:49
10:37:55,10:37:55,9.2,--,3,2760,卖盘,2017-07-20,2017-07-20 10:37:55
10:37:58,10:37:58,9.2,--,15,13799,卖盘,2017-07-20,2017-07-20 10:37:58
10:38:16,10:38:16,9.2,--,20,18400,卖盘,2017-07-20,2017-07-20 10:38:16
10:38:21,10:38:21,9.2,--,4,3679,卖盘,2017-07-20,2017-07-20 10:38:21
10:38:46,10:38:46,9.2,--,5,4600,卖盘,2017-07-20,2017-07-20 10:38:46
10:38:55,10:38:55,9.2,--,55,50599,卖盘,2017-07-20,2017-07-20 10:38:55
10:38:58,10:38:58,9.2,--,5,4600,卖盘,2017-07-20,2017-07-20 10:38:58
10:39:25,10:39:25,9.2,--,3,2760,卖盘,2017-07-20,2017-07-20 10:39:25
10:40:01,10:40:01,9.2,--,10,9200,卖盘,2017-07-20,2017-07-20 10:40:01
10:40:07,10:40:07,9.2,--,10,9200,卖盘,2017-07-20,2017-07-20 10:40:07
10:40:16,10:40:16,9.2,--,6,5520,卖盘,2017-07-20,2017-07-20 10:40:16
10:40:25,10:40:25,9.2,--,10,9200,卖盘,2017-07-20,2017-07-20 10:40:25
10:41:10,10:41:10,9.2,--,100,92000,卖盘,2017-07-20,2017-07-20 10:41:10
10:41:16,10:41:16,9.2,--,6,5520,卖盘,2017-07-20,2017-07-20 10:41:16
10:41:19,10:41:19,9.2,--,10,9200,卖盘,2017-07-20,2017-07-20 10:41:19
10:41:25,10:41:25,9.2,--,80,73600,卖盘,2017-07-20,2017-07-20 10:41:25
10:41:28,10:41:28,9.2,--,80,73600,卖盘,2017-07-20,2017-07-20 10:41:28
10:41:34,10:41:34,9.2,--,3,2760,卖盘,2017-07-20,2017-07-20 10:41:34
10:41:49,10:41:49,9.2,--,5,4600,卖盘,2017-07-20,2017-07-20 10:41:49
10:42:04,10:42:04,9.2,--,10,9200,卖盘,2017-07-20,2017-07-20 10:42:04
10:42:25,10:42:25,9.2,--,16,14719,卖盘,2017-07-20,2017-07-20 10:42:25
10:42:40,10:42:40,9.2,--,6,5520,卖盘,2017-07-20,2017-07-20 10:42:40
10:43:01,10:43:01,9.2,--,1,919,卖盘,2017-07-20,2017-07-20 10:43:01
10:43:22,10:43:22,9.2,--,6,5520,卖盘,2017-07-20,2017-07-20 10:43:22
10:43:34,10:43:34,9.2,--,20,18400,卖盘,2017-07-20,2017-07-20 10:43:34
10:43:43,10:43:43,9.2,--,11,10120,卖盘,2017-07-20,2017-07-20 10:43:43
10:44:04,10:44:04,9.2,--,10,9200,卖盘,2017-07-20,2017-07-20 10:44:04
10:44:16,10:44:16,9.2,--,15,13799,卖盘,2017-07-20,2017-07-20 10:44:16
10:44:34,10:44:34,9.2,--,3,2760,卖盘,2017-07-20,2017-07-20 10:44:34
10:44:43,10:44:43,9.2,--,9,8280,卖盘,2017-07-20,2017-07-20 10:44:43
10:44:49,10:44:49,9.2,--,6,5520,卖盘,2017-07-20,2017-07-20 10:44:49
10:44:58,10:44:58,9.2,--,800,736000,卖盘,2017-07-20,2017-07-20 10:44:58
10:45:10,10:45:10,9.2,--,2,1839,卖盘,2017-07-20,2017-07-20 10:45:10
10:45:25,10:45:25,9.2,--,15,13799,卖盘,2017-07-20,2017-07-20 10:45:25
10:45:37,10:45:37,9.2,--,2,1839,卖盘,2017-07-20,2017-07-20 10:45:37
10:45:40,10:45:40,9.2,--,16,14719,卖盘,2017-07-20,2017-07-20 10:45:40
10:45:43,10:45:43,9.2,--,2,1839,卖盘,2017-07-20,2017-07-20 10:45:43
10:45:46,10:45:46,9.2,--,100,92000,卖盘,2017-07-20,2017-07-20 10:45:46
10:45:49,10:45:49,9.2,--,22,20240,卖盘,2017-07-20,2017-07-20 10:45:49
10:45:52,10:45:52,9.2,--,10,9200,卖盘,2017-07-20,2017-07-20 10:45:52
10:45:55,10:45:55,9.2,--,76,69920,卖盘,2017-07-20,2017-07-20 10:45:55
10:45:58,10:45:58,9.2,--,5,4600,卖盘,2017-07-20,2017-07-20 10:45:58
10:46:04,10:46:04,9.2,--,35,32199,卖盘,2017-07-20,2017-07-20 10:46:04
10:46:23,10:46:23,9.2,--,110,101199,卖盘,2017-07-20,2017-07-20 10:46:23
10:46:25,10:46:25,9.2,--,100,92000,卖盘,2017-07-20,2017-07-20 10:46:25
10:46:35,10:46:35,9.2,--,21,19320,卖盘,2017-07-20,2017-07-20 10:46:35
10:46:49,10:46:49,9.2,--,10,9200,卖盘,2017-07-20,2017-07-20 10:46:49
10:46:54,10:46:54,9.2,--,63,57959,卖盘,2017-07-20,2017-07-20 10:46:54
10:46:57,10:46:57,9.2,--,42,38640,卖盘,2017-07-20,2017-07-20 10:46:57
10:47:00,10:47:00,9.2,--,48,44160,卖盘,2017-07-20,2017-07-20 10:47:00
10:47:09,10:47:09,9.2,--,10,9200,卖盘,2017-07-20,2017-07-20 10:47:09
10:47:27,10:47:27,9.2,--,28,25759,卖盘,2017-07-20,2017-07-20 10:47:27
10:47:36,10:47:36,9.2,--,2,1839,卖盘,2017-07-20,2017-07-20 10:47:36
10:48:03,10:48:03,9.2,--,20,18400,卖盘,2017-07-20,2017-07-20 10:48:03
10:48:09,10:48:09,9.2,--,20,18400,卖盘,2017-07-20,2017-07-20 10:48:09
10:48:39,10:48:39,9.2,--,1,919,卖盘,2017-07-20,2017-07-20 10:48:39
10:48:57,10:48:57,9.2,--,33,30359,卖盘,2017-07-20,2017-07-20 10:48:57
10:49:03,10:49:03,9.2,--,7,6439,卖盘,2017-07-20,2017-07-20 10:49:03
10:49:06,10:49:06,9.2,--,2,1839,卖盘,2017-07-20,2017-07-20 10:49:06
10:49:09,10:49:09,9.2,--,13,11959,卖盘,2017-07-20,2017-07-20 10:49:09
10:49:12,10:49:12,9.2,--,1,919,卖盘,2017-07-20,2017-07-20 10:49:12
10:49:21,10:49:21,9.2,--,5,4600,卖盘,2017-07-20,2017-07-20 10:49:21
10:49:24,10:49:24,9.2,--,1,919,卖盘,2017-07-20,2017-07-20 10:49:24
10:49:36,10:49:36,9.2,--,20,18400,卖盘,2017-07-20,2017-07-20 10:49:36
10:49:42,10:49:42,9.2,--,5,4600,卖盘,2017-07-20,2017-07-20 10:49:42
10:49:45,10:49:45,9.2,--,8,7359,卖盘,2017-07-20,2017-07-20 10:49:45
10:49:48,10:49:48,9.2,--,2,1839,卖盘,2017-07-20,2017-07-20 10:49:48
10:49:51,10:49:51,9.2,--,0,717,卖盘,2017-07-20,2017-07-20 10:49:51
10:50:51,10:50:51,9.2,--,20,18400,卖盘,2017-07-20,2017-07-20 10:50:51
10:50:57,10:50:57,9.2,--,5,4600,卖盘,2017-07-20,2017-07-20 10:50:57
10:51:00,10:51:00,9.2,--,4,3679,卖盘,2017-07-20,2017-07-20 10:51:00
10:51:03,10:51:03,9.2,--,1,919,卖盘,2017-07-20,2017-07-20 10:51:03
10:51:06,10:51:06,9.2,--,1,919,卖盘,2017-07-20,2017-07-20 10:51:06
10:51:36,10:51:36,9.2,--,6,5520,卖盘,2017-07-20,2017-07-20 10:51:36
10:51:39,10:51:39,9.2,--,1,919,卖盘,2017-07-20,2017-07-20 10:51:39
10:51:42,10:51:42,9.2,--,1,919,卖盘,2017-07-20,2017-07-20 10:51:42
10:51:49,10:51:49,9.2,--,5,4600,卖盘,2017-07-20,2017-07-20 10:51:49
10:51:52,10:51:52,9.2,--,1,919,卖盘,2017-07-20,2017-07-20 10:51:52
10:51:54,10:51:54,9.2,--,3,2760,卖盘,2017-07-20,2017-07-20 10:51:54
10:51:57,10:51:57,9.2,--,1,919,卖盘,2017-07-20,2017-07-20 10:51:57
10:52:16,10:52:16,9.2,--,25,23000,卖盘,2017-07-20,2017-07-20 10:52:16
10:52:19,10:52:19,9.2,--,2,1839,卖盘,2017-07-20,2017-07-20 10:52:19
10:52:46,10:52:46,9.2,--,4,3679,卖盘,2017-07-20,2017-07-20 10:52:46
10:52:49,10:52:49,9.2,--,1,919,卖盘,2017-07-20,2017-07-20 10:52:49
10:52:52,10:52:52,9.2,--,20,18400,卖盘,2017-07-20,2017-07-20 10:52:52
10:52:55,10:52:55,9.2,--,2,1839,卖盘,2017-07-20,2017-07-20 10:52:55
10:52:58,10:52:58,9.2,--,5,4600,卖盘,2017-07-20,2017-07-20 10:52:58
10:53:01,10:53:01,9.2,--,1,919,卖盘,2017-07-20,2017-07-20 10:53:01
10:53:04,10:53:04,9.2,--,1,919,卖盘,2017-07-20,2017-07-20 10:53:04
10:53:07,10:53:07,9.2,--,1,919,卖盘,2017-07-20,2017-07-20 10:53:07
10:53:16,10:53:16,9.2,--,9,8280,卖盘,2017-07-20,2017-07-20 10:53:16
10:53:22,10:53:22,9.2,--,10,9200,卖盘,2017-07-20,2017-07-20 10:53:22
10:53:25,10:53:25,9.2,--,38,34960,卖盘,2017-07-20,2017-07-20 10:53:25
10:53:28,10:53:28,9.2,--,9,8280,卖盘,2017-07-20,2017-07-20 10:53:28
10:53:31,10:53:31,9.2,--,2,1839,卖盘,2017-07-20,2017-07-20 10:53:31
10:53:34,10:53:34,9.2,--,31,28519,卖盘,2017-07-20,2017-07-20 10:53:34
10:53:37,10:53:37,9.2,--,8,7359,卖盘,2017-07-20,2017-07-20 10:53:37
10:53:40,10:53:40,9.2,--,2,1839,卖盘,2017-07-20,2017-07-20 10:53:40
10:53:49,10:53:49,9.2,--,30,27599,卖盘,2017-07-20,2017-07-20 10:53:49
10:53:52,10:53:52,9.2,--,8,7359,卖盘,2017-07-20,2017-07-20 10:53:52
10:53:55,10:53:55,9.2,--,4,3679,卖盘,2017-07-20,2017-07-20 10:53:55
10:54:13,10:54:13,9.2,--,8,7359,卖盘,2017-07-20,2017-07-20 10:54:13
10:54:16,10:54:16,9.2,--,5,4600,卖盘,2017-07-20,2017-07-20 10:54:16
10:54:28,10:54:28,9.2,--,10,9200,卖盘,2017-07-20,2017-07-20 10:54:28
10:54:40,10:54:40,9.2,--,10,9200,卖盘,2017-07-20,2017-07-20 10:54:40
10:54:43,10:54:43,9.2,--,20,18400,卖盘,2017-07-20,2017-07-20 10:54:43
10:54:55,10:54:55,9.2,--,10,9200,卖盘,2017-07-20,2017-07-20 10:54:55
10:55:22,10:55:22,9.2,--,55,50599,卖盘,2017-07-20,2017-07-20 10:55:22
10:55:43,10:55:43,9.2,--,20,18400,卖盘,2017-07-20,2017-07-20 10:55:43
10:55:55,10:55:55,9.2,--,8,7359,卖盘,2017-07-20,2017-07-20 10:55:55
10:55:58,10:55:58,9.2,--,3,2760,卖盘,2017-07-20,2017-07-20 10:55:58
10:56:01,10:56:01,9.2,--,5,4600,卖盘,2017-07-20,2017-07-20 10:56:01
10:56:04,10:56:04,9.2,--,30,27599,卖盘,2017-07-20,2017-07-20 10:56:04
10:56:16,10:56:16,9.2,--,10,9200,卖盘,2017-07-20,2017-07-20 10:56:16
10:56:19,10:56:19,9.2,--,1,919,卖盘,2017-07-20,2017-07-20 10:56:19
10:57:01,10:57:01,9.2,--,5,4600,卖盘,2017-07-20,2017-07-20 10:57:01
10:57:16,10:57:16,9.2,--,2,1839,卖盘,2017-07-20,2017-07-20 10:57:16
10:57:19,10:57:19,9.2,--,1,919,卖盘,2017-07-20,2017-07-20 10:57:19
10:57:46,10:57:46,9.2,--,4,3679,卖盘,2017-07-20,2017-07-20 10:57:46
10:57:49,10:57:49,9.2,--,13,11959,卖盘,2017-07-20,2017-07-20 10:57:49
10:58:16,10:58:16,9.2,--,4,3679,卖盘,2017-07-20,2017-07-20 10:58:16
10:58:37,10:58:37,9.2,--,1,919,卖盘,2017-07-20,2017-07-20 10:58:37
10:58:58,10:58:58,9.2,--,1,919,卖盘,2017-07-20,2017-07-20 10:58:58
10:59:01,10:59:01,9.2,--,14,12879,卖盘,2017-07-20,2017-07-20 10:59:01
10:59:52,10:59:52,9.2,--,2,1839,卖盘,2017-07-20,2017-07-20 10:59:52
11:00:01,11:00:01,9.2,--,13,11959,卖盘,2017-07-20,2017-07-20 11:00:01
11:00:10,11:00:10,9.2,--,1,919,卖盘,2017-07-20,2017-07-20 11:00:10
11:00:13,11:00:13,9.2,--,100,92000,卖盘,2017-07-20,2017-07-20 11:00:13
11:00:16,11:00:16,9.2,--,20,18400,卖盘,2017-07-20,2017-07-20 11:00:16
11:00:31,11:00:31,9.2,--,5,4600,卖盘,2017-07-20,2017-07-20 11:00:31
11:00:49,11:00:49,9.2,--,10,9200,卖盘,2017-07-20,2017-07-20 11:00:49
11:01:34,11:01:34,9.2,--,4,3679,卖盘,2017-07-20,2017-07-20 11:01:34
11:01:55,11:01:55,9.2,--,60,55199,卖盘,2017-07-20,2017-07-20 11:01:55
11:02:01,11:02:01,9.2,--,20,18400,卖盘,2017-07-20,2017-07-20 11:02:01
11:02:04,11:02:04,9.2,--,1000,919999,卖盘,2017-07-20,2017-07-20 11:02:04
11:02:19,11:02:19,9.2,--,15,13799,卖盘,2017-07-20,2017-07-20 11:02:19
11:02:40,11:02:40,9.2,--,3,2760,卖盘,2017-07-20,2017-07-20 11:02:40
11:02:52,11:02:52,9.2,--,8,7359,卖盘,2017-07-20,2017-07-20 11:02:52
11:03:07,11:03:07,9.2,--,60,55199,卖盘,2017-07-20,2017-07-20 11:03:07
11:03:10,11:03:10,9.2,--,5,4600,卖盘,2017-07-20,2017-07-20 11:03:10
11:03:19,11:03:19,9.2,--,5,4600,卖盘,2017-07-20,2017-07-20 11:03:19
11:03:22,11:03:22,9.2,--,1,919,卖盘,2017-07-20,2017-07-20 11:03:22
11:03:28,11:03:28,9.2,--,500,459999,卖盘,2017-07-20,2017-07-20 11:03:28
11:03:34,11:03:34,9.2,--,5,4600,卖盘,2017-07-20,2017-07-20 11:03:34
11:03:37,11:03:37,9.2,--,151,138920,卖盘,2017-07-20,2017-07-20 11:03:37
11:03:43,11:03:43,9.2,--,2,1839,卖盘,2017-07-20,2017-07-20 11:03:43
11:03:55,11:03:55,9.2,--,6,5520,卖盘,2017-07-20,2017-07-20 11:03:55
11:04:01,11:04:01,9.2,--,6,5520,卖盘,2017-07-20,2017-07-20 11:04:01
11:04:07,11:04:07,9.2,--,35,32199,卖盘,2017-07-20,2017-07-20 11:04:07
11:04:16,11:04:16,9.2,--,5,4600,卖盘,2017-07-20,2017-07-20 11:04:16
11:04:19,11:04:19,9.2,--,1,919,卖盘,2017-07-20,2017-07-20 11:04:19
11:04:37,11:04:37,9.2,--,100,92000,卖盘,2017-07-20,2017-07-20 11:04:37
11:04:51,11:04:51,9.2,--,30,27599,卖盘,2017-07-20,2017-07-20 11:04:51
11:04:54,11:04:54,9.2,--,62,57039,卖盘,2017-07-20,2017-07-20 11:04:54
11:04:57,11:04:57,9.2,--,1,919,卖盘,2017-07-20,2017-07-20 11:04:57
11:05:00,11:05:00,9.2,--,54,49679,卖盘,2017-07-20,2017-07-20 11:05:00
11:05:09,11:05:09,9.2,--,2,1839,卖盘,2017-07-20,2017-07-20 11:05:09
11:05:27,11:05:27,9.2,--,60,55199,卖盘,2017-07-20,2017-07-20 11:05:27
11:05:30,11:05:30,9.2,--,20,18400,卖盘,2017-07-20,2017-07-20 11:05:30
11:05:33,11:05:33,9.2,--,3,2760,卖盘,2017-07-20,2017-07-20 11:05:33
11:05:45,11:05:45,9.2,--,20,18400,卖盘,2017-07-20,2017-07-20 11:05:45
11:05:48,11:05:48,9.2,--,10,9200,卖盘,2017-07-20,2017-07-20 11:05:48
11:06:00,11:06:00,9.2,--,35,32199,卖盘,2017-07-20,2017-07-20 11:06:00
11:06:03,11:06:03,9.2,--,29,26679,卖盘,2017-07-20,2017-07-20 11:06:03
11:06:09,11:06:09,9.2,--,12,11040,卖盘,2017-07-20,2017-07-20 11:06:09
11:06:21,11:06:21,9.2,--,18,16560,卖盘,2017-07-20,2017-07-20 11:06:21
11:06:36,11:06:36,9.2,--,100,92000,卖盘,2017-07-20,2017-07-20 11:06:36
11:06:51,11:06:51,9.2,--,20,18400,卖盘,2017-07-20,2017-07-20 11:06:51
11:06:54,11:06:54,9.2,--,13,11959,卖盘,2017-07-20,2017-07-20 11:06:54
11:07:00,11:07:00,9.2,--,2,1839,卖盘,2017-07-20,2017-07-20 11:07:00
11:07:03,11:07:03,9.2,--,19,17480,卖盘,2017-07-20,2017-07-20 11:07:03
11:07:09,11:07:09,9.2,--,5,4600,卖盘,2017-07-20,2017-07-20 11:07:09
11:07:27,11:07:27,9.2,--,2,1839,卖盘,2017-07-20,2017-07-20 11:07:27
11:08:03,11:08:03,9.2,--,119,109479,卖盘,2017-07-20,2017-07-20 11:08:03
11:08:27,11:08:27,9.2,--,5,4600,卖盘,2017-07-20,2017-07-20 11:08:27
11:08:39,11:08:39,9.2,--,5,4600,卖盘,2017-07-20,2017-07-20 11:08:39
11:09:03,11:09:03,9.2,--,6,5520,卖盘,2017-07-20,2017-07-20 11:09:03
11:09:07,11:09:07,9.2,--,1,919,卖盘,2017-07-20,2017-07-20 11:09:07
11:09:22,11:09:22,9.2,--,5,4600,卖盘,2017-07-20,2017-07-20 11:09:22
11:09:37,11:09:37,9.2,--,100,92000,卖盘,2017-07-20,2017-07-20 11:09:37
11:09:46,11:09:46,9.2,--,1,919,卖盘,2017-07-20,2017-07-20 11:09:46
11:09:49,11:09:49,9.2,--,318,292560,卖盘,2017-07-20,2017-07-20 11:09:49
11:09:52,11:09:52,9.2,--,2,1839,卖盘,2017-07-20,2017-07-20 11:09:52
11:09:58,11:09:58,9.2,--,28,25759,卖盘,2017-07-20,2017-07-20 11:09:58
11:10:07,11:10:07,9.2,--,4,3679,卖盘,2017-07-20,2017-07-20 11:10:07
11:10:52,11:10:52,9.2,--,1,919,卖盘,2017-07-20,2017-07-20 11:10:52
11:11:04,11:11:04,9.2,--,15,13799,卖盘,2017-07-20,2017-07-20 11:11:04
11:11:13,11:11:13,9.2,--,10,9200,卖盘,2017-07-20,2017-07-20 11:11:13
11:11:16,11:11:16,9.2,--,26,23919,卖盘,2017-07-20,2017-07-20 11:11:16
11:11:25,11:11:25,9.2,--,5,4600,卖盘,2017-07-20,2017-07-20 11:11:25
11:11:40,11:11:40,9.2,--,10,9200,卖盘,2017-07-20,2017-07-20 11:11:40
11:12:19,11:12:19,9.2,--,5,4600,卖盘,2017-07-20,2017-07-20 11:12:19
11:12:22,11:12:22,9.2,--,10,9200,卖盘,2017-07-20,2017-07-20 11:12:22
11:12:28,11:12:28,9.2,--,1,919,卖盘,2017-07-20,2017-07-20 11:12:28
11:12:43,11:12:43,9.2,--,38,34960,卖盘,2017-07-20,2017-07-20 11:12:43
11:13:13,11:13:13,9.2,--,69,63479,卖盘,2017-07-20,2017-07-20 11:13:13
11:13:25,11:13:25,9.2,--,1,919,卖盘,2017-07-20,2017-07-20 11:13:25
11:13:40,11:13:40,9.2,--,50,46000,卖盘,2017-07-20,2017-07-20 11:13:40
11:13:52,11:13:52,9.2,--,590,542800,卖盘,2017-07-20,2017-07-20 11:13:52
11:13:55,11:13:55,9.2,--,1,919,卖盘,2017-07-20,2017-07-20 11:13:55
11:13:58,11:13:58,9.2,--,10,9200,卖盘,2017-07-20,2017-07-20 11:13:58
11:14:01,11:14:01,9.2,--,3,2760,卖盘,2017-07-20,2017-07-20 11:14:01
11:14:52,11:14:52,9.2,--,71,65319,卖盘,2017-07-20,2017-07-20 11:14:52
11:15:31,11:15:31,9.2,--,24,22080,卖盘,2017-07-20,2017-07-20 11:15:31
11:15:37,11:15:37,9.2,--,10,9200,卖盘,2017-07-20,2017-07-20 11:15:37
11:15:46,11:15:46,9.2,--,2,1839,卖盘,2017-07-20,2017-07-20 11:15:46
11:15:58,11:15:58,9.2,--,1,919,卖盘,2017-07-20,2017-07-20 11:15:58
11:16:40,11:16:40,9.2,--,5,4600,卖盘,2017-07-20,2017-07-20 11:16:40
11:17:07,11:17:07,9.2,--,30,27599,卖盘,2017-07-20,2017-07-20 11:17:07
11:17:19,11:17:19,9.2,--,3,2760,卖盘,2017-07-20,2017-07-20 11:17:19
11:17:31,11:17:31,9.2,--,30,27599,卖盘,2017-07-20,2017-07-20 11:17:31
11:17:34,11:17:34,9.2,--,5,4600,卖盘,2017-07-20,2017-07-20 11:17:34
11:17:46,11:17:46,9.2,--,50,46000,卖盘,2017-07-20,2017-07-20 11:17:46
11:19:16,11:19:16,9.2,--,3,2760,卖盘,2017-07-20,2017-07-20 11:19:16
11:19:46,11:19:46,9.2,--,1,919,卖盘,2017-07-20,2017-07-20 11:19:46
11:20:07,11:20:07,9.2,--,11,10120,卖盘,2017-07-20,2017-07-20 11:20:07
11:20:25,11:20:25,9.2,--,5,4600,卖盘,2017-07-20,2017-07-20 11:20:25
11:20:40,11:20:40,9.2,--,10,9200,卖盘,2017-07-20,2017-07-20 11:20:40
11:20:43,11:20:43,9.2,--,24,22080,卖盘,2017-07-20,2017-07-20 11:20:43
11:21:28,11:21:28,9.2,--,1,919,卖盘,2017-07-20,2017-07-20 11:21:28
11:21:52,11:21:52,9.2,--,75,69000,卖盘,2017-07-20,2017-07-20 11:21:52
11:21:55,11:21:55,9.2,--,20,18400,卖盘,2017-07-20,2017-07-20 11:21:55
11:22:10,11:22:10,9.2,--,30,27599,卖盘,2017-07-20,2017-07-20 11:22:10
11:23:27,11:23:27,9.2,--,30,27599,卖盘,2017-07-20,2017-07-20 11:23:27
11:23:33,11:23:33,9.2,--,5,4600,卖盘,2017-07-20,2017-07-20 11:23:33
11:24:06,11:24:06,9.2,--,10,9200,卖盘,2017-07-20,2017-07-20 11:24:06
11:24:18,11:24:18,9.2,--,3,2760,卖盘,2017-07-20,2017-07-20 11:24:18
11:24:27,11:24:27,9.2,--,2,1839,卖盘,2017-07-20,2017-07-20 11:24:27
11:25:09,11:25:09,9.2,--,32,29439,卖盘,2017-07-20,2017-07-20 11:25:09
11:25:18,11:25:18,9.2,--,20,18400,卖盘,2017-07-20,2017-07-20 11:25:18
11:25:33,11:25:33,9.2,--,1,919,卖盘,2017-07-20,2017-07-20 11:25:33
11:26:27,11:26:27,9.2,--,5,4600,卖盘,2017-07-20,2017-07-20 11:26:27
11:26:36,11:26:36,9.2,--,48,44160,卖盘,2017-07-20,2017-07-20 11:26:36
11:26:52,11:26:52,9.2,--,51,46920,卖盘,2017-07-20,2017-07-20 11:26:52
11:26:54,11:26:54,9.2,--,280,257599,卖盘,2017-07-20,2017-07-20 11:26:54
11:26:57,11:26:57,9.2,--,10,9200,卖盘,2017-07-20,2017-07-20 11:26:57
11:27:10,11:27:10,9.2,--,5,4600,卖盘,2017-07-20,2017-07-20 11:27:10
11:27:31,11:27:31,9.2,--,3,2760,卖盘,2017-07-20,2017-07-20 11:27:31
11:27:46,11:27:46,9.2,--,66,60719,卖盘,2017-07-20,2017-07-20 11:27:46
11:27:55,11:27:55,9.2,--,44,40480,卖盘,2017-07-20,2017-07-20 11:27:55
11:30:00,11:30:00,9.2,--,0,0,卖盘,2017-07-20,2017-07-20 11:30:00
11:30:00,11:30:00,9.2,--,0,0,卖盘,2017-07-20,2017-07-20 11:30:00
13:00:01,13:00:01,9.2,--,35,32199,卖盘,2017-07-20,2017-07-20 13:00:01
13:00:04,13:00:04,9.2,--,676,621920,卖盘,2017-07-20,2017-07-20 13:00:04
13:00:07,13:00:07,9.2,--,103,94759,卖盘,2017-07-20,2017-07-20 13:00:07
13:00:10,13:00:10,9.2,--,221,203319,卖盘,2017-07-20,2017-07-20 13:00:10
13:00:13,13:00:13,9.2,--,45,41400,卖盘,2017-07-20,2017-07-20 13:00:13
13:00:16,13:00:16,9.2,--,12,11040,卖盘,2017-07-20,2017-07-20 13:00:16
13:00:19,13:00:19,9.2,--,11,10120,卖盘,2017-07-20,2017-07-20 13:00:19
13:00:31,13:00:31,9.2,--,10,9200,卖盘,2017-07-20,2017-07-20 13:00:31
13:00:40,13:00:40,9.2,--,200,184000,卖盘,2017-07-20,2017-07-20 13:00:40
13:00:52,13:00:52,9.2,--,3,2760,卖盘,2017-07-20,2017-07-20 13:00:52
13:01:25,13:01:25,9.2,--,210,193199,卖盘,2017-07-20,2017-07-20 13:01:25
13:01:34,13:01:34,9.2,--,20,18400,卖盘,2017-07-20,2017-07-20 13:01:34
13:02:19,13:02:19,9.2,--,30,27599,卖盘,2017-07-20,2017-07-20 13:02:19
13:02:25,13:02:25,9.2,--,4,3679,卖盘,2017-07-20,2017-07-20 13:02:25
13:02:46,13:02:46,9.2,--,73,67712,卖盘,2017-07-20,2017-07-20 13:02:46
13:03:01,13:03:01,9.2,--,10,9200,卖盘,2017-07-20,2017-07-20 13:03:01
13:03:16,13:03:16,9.2,--,10,9200,卖盘,2017-07-20,2017-07-20 13:03:16
13:03:46,13:03:46,9.2,--,4,3679,卖盘,2017-07-20,2017-07-20 13:03:46
13:04:28,13:04:28,9.2,--,7,6439,卖盘,2017-07-20,2017-07-20 13:04:28
13:04:58,13:04:58,9.2,--,5,4600,卖盘,2017-07-20,2017-07-20 13:04:58
13:05:07,13:05:07,9.2,--,11,10120,卖盘,2017-07-20,2017-07-20 13:05:07
13:05:10,13:05:10,9.2,--,10,9200,卖盘,2017-07-20,2017-07-20 13:05:10
13:05:22,13:05:22,9.2,--,10,9200,卖盘,2017-07-20,2017-07-20 13:05:22
13:05:28,13:05:28,9.2,--,14,12879,卖盘,2017-07-20,2017-07-20 13:05:28
13:05:31,13:05:31,9.2,--,280,257599,卖盘,2017-07-20,2017-07-20 13:05:31
13:05:40,13:05:40,9.2,--,5,4600,卖盘,2017-07-20,2017-07-20 13:05:40
13:05:43,13:05:43,9.2,--,10,9200,卖盘,2017-07-20,2017-07-20 13:05:43
13:05:49,13:05:49,9.2,--,50,46000,卖盘,2017-07-20,2017-07-20 13:05:49
13:05:52,13:05:52,9.2,--,20,18400,卖盘,2017-07-20,2017-07-20 13:05:52
13:06:04,13:06:04,9.2,--,185,170200,卖盘,2017-07-20,2017-07-20 13:06:04
13:06:10,13:06:10,9.2,--,100,92000,卖盘,2017-07-20,2017-07-20 13:06:10
13:06:28,13:06:28,9.2,--,8,7359,卖盘,2017-07-20,2017-07-20 13:06:28
13:06:31,13:06:31,9.2,--,10,9200,卖盘,2017-07-20,2017-07-20 13:06:31
13:06:40,13:06:40,9.2,--,10,9200,卖盘,2017-07-20,2017-07-20 13:06:40
13:06:55,13:06:55,9.2,--,20,18400,卖盘,2017-07-20,2017-07-20 13:06:55
13:07:04,13:07:04,9.2,--,10,9200,卖盘,2017-07-20,2017-07-20 13:07:04
13:07:07,13:07:07,9.2,--,60,55199,卖盘,2017-07-20,2017-07-20 13:07:07
13:07:10,13:07:10,9.2,--,6,5520,卖盘,2017-07-20,2017-07-20 13:07:10
13:07:37,13:07:37,9.2,--,20,18400,卖盘,2017-07-20,2017-07-20 13:07:37
13:07:40,13:07:40,9.2,--,65,59799,卖盘,2017-07-20,2017-07-20 13:07:40
13:07:55,13:07:55,9.2,--,6,5520,卖盘,2017-07-20,2017-07-20 13:07:55
13:08:01,13:08:01,9.2,--,13,11959,卖盘,2017-07-20,2017-07-20 13:08:01
13:08:07,13:08:07,9.2,--,5,4600,卖盘,2017-07-20,2017-07-20 13:08:07
13:08:28,13:08:28,9.2,--,8,7359,卖盘,2017-07-20,2017-07-20 13:08:28
13:08:40,13:08:40,9.2,--,20,18400,卖盘,2017-07-20,2017-07-20 13:08:40
13:08:58,13:08:58,9.2,--,10,9200,卖盘,2017-07-20,2017-07-20 13:08:58
13:09:34,13:09:34,9.2,--,1,919,卖盘,2017-07-20,2017-07-20 13:09:34
13:09:43,13:09:43,9.2,--,20,18400,卖盘,2017-07-20,2017-07-20 13:09:43
13:09:55,13:09:55,9.2,--,20,18400,卖盘,2017-07-20,2017-07-20 13:09:55
13:10:07,13:10:07,9.2,--,5,4600,卖盘,2017-07-20,2017-07-20 13:10:07
13:11:01,13:11:01,9.2,--,3,2760,卖盘,2017-07-20,2017-07-20 13:11:01
13:11:19,13:11:19,9.2,--,46,42320,卖盘,2017-07-20,2017-07-20 13:11:19
13:11:40,13:11:40,9.2,--,7,6439,卖盘,2017-07-20,2017-07-20 13:11:40
13:11:43,13:11:43,9.2,--,3,2760,卖盘,2017-07-20,2017-07-20 13:11:43
13:11:52,13:11:52,9.2,--,15,13799,卖盘,2017-07-20,2017-07-20 13:11:52
13:11:55,13:11:55,9.2,--,30,27599,卖盘,2017-07-20,2017-07-20 13:11:55
13:12:07,13:12:07,9.2,--,30,27599,卖盘,2017-07-20,2017-07-20 13:12:07
13:12:37,13:12:37,9.2,--,73,67160,卖盘,2017-07-20,2017-07-20 13:12:37
13:12:43,13:12:43,9.2,--,10,9200,卖盘,2017-07-20,2017-07-20 13:12:43
13:12:58,13:12:58,9.2,--,10,9200,卖盘,2017-07-20,2017-07-20 13:12:58
13:13:01,13:13:01,9.2,--,20,18400,卖盘,2017-07-20,2017-07-20 13:13:01
13:13:04,13:13:04,9.2,--,5,4600,卖盘,2017-07-20,2017-07-20 13:13:04
13:13:07,13:13:07,9.2,--,50,46000,卖盘,2017-07-20,2017-07-20 13:13:07
13:13:22,13:13:22,9.2,--,10,9200,卖盘,2017-07-20,2017-07-20 13:13:22
13:13:34,13:13:34,9.2,--,40,36800,卖盘,2017-07-20,2017-07-20 13:13:34
13:14:31,13:14:31,9.2,--,40,36800,卖盘,2017-07-20,2017-07-20 13:14:31
13:15:01,13:15:01,9.2,--,1,919,卖盘,2017-07-20,2017-07-20 13:15:01
13:15:07,13:15:07,9.2,--,20,18400,卖盘,2017-07-20,2017-07-20 13:15:07
13:15:24,13:15:24,9.2,--,31,28519,卖盘,2017-07-20,2017-07-20 13:15:24
13:17:39,13:17:39,9.2,--,50,46000,卖盘,2017-07-20,2017-07-20 13:17:39
13:17:51,13:17:51,9.2,--,20,18400,卖盘,2017-07-20,2017-07-20 13:17:51
13:19:01,13:19:01,9.2,--,23,21160,卖盘,2017-07-20,2017-07-20 13:19:01
13:19:13,13:19:13,9.2,--,5,4600,卖盘,2017-07-20,2017-07-20 13:19:13
13:19:19,13:19:19,9.2,--,26,23919,卖盘,2017-07-20,2017-07-20 13:19:19
13:19:22,13:19:22,9.2,--,7,6439,卖盘,2017-07-20,2017-07-20 13:19:22
13:19:28,13:19:28,9.2,--,40,36800,卖盘,2017-07-20,2017-07-20 13:19:28
13:20:01,13:20:01,9.2,--,15,13799,卖盘,2017-07-20,2017-07-20 13:20:01
13:21:04,13:21:04,9.2,--,10,9200,卖盘,2017-07-20,2017-07-20 13:21:04
13:21:22,13:21:22,9.2,--,6,5520,卖盘,2017-07-20,2017-07-20 13:21:22
13:21:25,13:21:25,9.2,--,5,4600,卖盘,2017-07-20,2017-07-20 13:21:25
13:21:46,13:21:46,9.2,--,2,1839,卖盘,2017-07-20,2017-07-20 13:21:46
13:22:01,13:22:01,9.2,--,2,1839,卖盘,2017-07-20,2017-07-20 13:22:01
13:22:52,13:22:52,9.2,--,3,2760,卖盘,2017-07-20,2017-07-20 13:22:52
13:22:55,13:22:55,9.2,--,8,7359,卖盘,2017-07-20,2017-07-20 13:22:55
13:24:07,13:24:07,9.2,--,10,9200,卖盘,2017-07-20,2017-07-20 13:24:07
13:24:34,13:24:34,9.2,--,1,919,卖盘,2017-07-20,2017-07-20 13:24:34
13:24:58,13:24:58,9.2,--,7,6439,卖盘,2017-07-20,2017-07-20 13:24:58
13:25:10,13:25:10,9.2,--,15,13799,卖盘,2017-07-20,2017-07-20 13:25:10
13:25:34,13:25:34,9.2,--,2,1839,卖盘,2017-07-20,2017-07-20 13:25:34
13:25:43,13:25:43,9.2,--,3,2760,卖盘,2017-07-20,2017-07-20 13:25:43
13:25:52,13:25:52,9.2,--,7,6439,卖盘,2017-07-20,2017-07-20 13:25:52
13:26:07,13:26:07,9.2,--,3,2760,卖盘,2017-07-20,2017-07-20 13:26:07
13:26:25,13:26:25,9.2,--,10,9200,卖盘,2017-07-20,2017-07-20 13:26:25
13:26:34,13:26:34,9.2,--,2,1839,卖盘,2017-07-20,2017-07-20 13:26:34
13:26:40,13:26:40,9.2,--,10,9200,卖盘,2017-07-20,2017-07-20 13:26:40
13:27:34,13:27:34,9.2,--,5,4600,卖盘,2017-07-20,2017-07-20 13:27:34
13:28:28,13:28:28,9.2,--,60,55199,卖盘,2017-07-20,2017-07-20 13:28:28
13:29:07,13:29:07,9.2,--,10,9200,卖盘,2017-07-20,2017-07-20 13:29:07
13:29:25,13:29:25,9.2,--,11,10285,卖盘,2017-07-20,2017-07-20 13:29:25
13:29:37,13:29:37,9.2,--,1,919,卖盘,2017-07-20,2017-07-20 13:29:37
13:29:52,13:29:52,9.2,--,50,46000,卖盘,2017-07-20,2017-07-20 13:29:52
13:29:55,13:29:55,9.2,--,5,4600,卖盘,2017-07-20,2017-07-20 13:29:55
13:30:01,13:30:01,9.2,--,7,6439,卖盘,2017-07-20,2017-07-20 13:30:01
13:30:38,13:30:38,9.2,--,1,919,卖盘,2017-07-20,2017-07-20 13:30:38
13:31:22,13:31:22,9.2,--,69,63479,卖盘,2017-07-20,2017-07-20 13:31:22
13:31:55,13:31:55,9.2,--,10,9200,卖盘,2017-07-20,2017-07-20 13:31:55
13:32:31,13:32:31,9.2,--,1,919,卖盘,2017-07-20,2017-07-20 13:32:31
13:33:04,13:33:04,9.2,--,2,1839,卖盘,2017-07-20,2017-07-20 13:33:04
13:33:22,13:33:22,9.2,--,5,4600,卖盘,2017-07-20,2017-07-20 13:33:22
13:33:29,13:33:29,9.2,--,4,3679,卖盘,2017-07-20,2017-07-20 13:33:29
13:33:55,13:33:55,9.2,--,4,3679,卖盘,2017-07-20,2017-07-20 13:33:55
13:34:01,13:34:01,9.2,--,2,1839,卖盘,2017-07-20,2017-07-20 13:34:01
13:34:59,13:34:59,9.2,--,10,9200,卖盘,2017-07-20,2017-07-20 13:34:59
13:35:24,13:35:24,9.2,--,10,9200,卖盘,2017-07-20,2017-07-20 13:35:24
13:36:24,13:36:24,9.2,--,5,4600,卖盘,2017-07-20,2017-07-20 13:36:24
13:36:27,13:36:27,9.2,--,1,919,卖盘,2017-07-20,2017-07-20 13:36:27
13:37:12,13:37:12,9.2,--,10,9200,卖盘,2017-07-20,2017-07-20 13:37:12
13:37:21,13:37:21,9.2,--,30,27599,卖盘,2017-07-20,2017-07-20 13:37:21
13:37:45,13:37:45,9.2,--,20,18400,卖盘,2017-07-20,2017-07-20 13:37:45
13:37:57,13:37:57,9.2,--,10,9200,卖盘,2017-07-20,2017-07-20 13:37:57
13:38:34,13:38:34,9.2,--,59,54279,卖盘,2017-07-20,2017-07-20 13:38:34
13:38:40,13:38:40,9.2,--,20,18400,卖盘,2017-07-20,2017-07-20 13:38:40
13:38:46,13:38:46,9.2,--,7,6439,卖盘,2017-07-20,2017-07-20 13:38:46
13:39:04,13:39:04,9.2,--,3,2760,卖盘,2017-07-20,2017-07-20 13:39:04
13:39:19,13:39:19,9.2,--,5,4600,卖盘,2017-07-20,2017-07-20 13:39:19
13:39:46,13:39:46,9.2,--,1,919,卖盘,2017-07-20,2017-07-20 13:39:46
13:40:10,13:40:10,9.2,--,10,9200,卖盘,2017-07-20,2017-07-20 13:40:10
13:40:19,13:40:19,9.2,--,20,18400,卖盘,2017-07-20,2017-07-20 13:40:19
13:40:28,13:40:28,9.2,--,1,919,卖盘,2017-07-20,2017-07-20 13:40:28
13:40:49,13:40:49,9.2,--,10,9200,卖盘,2017-07-20,2017-07-20 13:40:49
13:41:01,13:41:01,9.2,--,1,919,卖盘,2017-07-20,2017-07-20 13:41:01
13:41:49,13:41:49,9.2,--,60,55199,卖盘,2017-07-20,2017-07-20 13:41:49
13:41:55,13:41:55,9.2,--,10,9200,卖盘,2017-07-20,2017-07-20 13:41:55
13:42:10,13:42:10,9.2,--,5,4600,卖盘,2017-07-20,2017-07-20 13:42:10
13:42:19,13:42:19,9.2,--,25,23000,卖盘,2017-07-20,2017-07-20 13:42:19
13:42:40,13:42:40,9.2,--,2,1839,卖盘,2017-07-20,2017-07-20 13:42:40
13:43:35,13:43:35,9.2,--,5,4600,卖盘,2017-07-20,2017-07-20 13:43:35
13:43:38,13:43:38,9.2,--,5,4600,卖盘,2017-07-20,2017-07-20 13:43:38
13:43:41,13:43:41,9.2,--,2,1839,卖盘,2017-07-20,2017-07-20 13:43:41
13:44:32,13:44:32,9.2,--,3,2760,卖盘,2017-07-20,2017-07-20 13:44:32
13:45:02,13:45:02,9.2,--,50,46000,卖盘,2017-07-20,2017-07-20 13:45:02
13:45:11,13:45:11,9.2,--,3,2760,卖盘,2017-07-20,2017-07-20 13:45:11
13:45:14,13:45:14,9.2,--,6,5520,卖盘,2017-07-20,2017-07-20 13:45:14
13:45:23,13:45:23,9.2,--,8,7359,卖盘,2017-07-20,2017-07-20 13:45:23
13:46:11,13:46:11,9.2,--,4,3679,卖盘,2017-07-20,2017-07-20 13:46:11
13:46:14,13:46:14,9.2,--,3,2760,卖盘,2017-07-20,2017-07-20 13:46:14
13:47:26,13:47:26,9.2,--,1,919,卖盘,2017-07-20,2017-07-20 13:47:26
13:47:56,13:47:56,9.2,--,4,3679,卖盘,2017-07-20,2017-07-20 13:47:56
13:48:35,13:48:35,9.2,--,9,8280,卖盘,2017-07-20,2017-07-20 13:48:35
13:48:47,13:48:47,9.2,--,100,92000,卖盘,2017-07-20,2017-07-20 13:48:47
13:49:14,13:49:14,9.2,--,20,18400,卖盘,2017-07-20,2017-07-20 13:49:14
13:49:47,13:49:47,9.2,--,25,23000,卖盘,2017-07-20,2017-07-20 13:49:47
13:50:17,13:50:17,9.2,--,3,2760,卖盘,2017-07-20,2017-07-20 13:50:17
13:51:17,13:51:17,9.2,--,10,9200,卖盘,2017-07-20,2017-07-20 13:51:17
13:51:32,13:51:32,9.2,--,5,4600,卖盘,2017-07-20,2017-07-20 13:51:32
13:51:50,13:51:50,9.2,--,30,27599,卖盘,2017-07-20,2017-07-20 13:51:50
13:51:53,13:51:53,9.2,--,20,18400,卖盘,2017-07-20,2017-07-20 13:51:53
13:52:20,13:52:20,9.2,--,2,1839,卖盘,2017-07-20,2017-07-20 13:52:20
13:52:26,13:52:26,9.2,--,2,1839,卖盘,2017-07-20,2017-07-20 13:52:26
13:52:32,13:52:32,9.2,--,12,11040,卖盘,2017-07-20,2017-07-20 13:52:32
13:55:12,13:55:12,9.2,--,22,20240,卖盘,2017-07-20,2017-07-20 13:55:12
13:55:15,13:55:15,9.2,--,362,333040,卖盘,2017-07-20,2017-07-20 13:55:15
13:55:21,13:55:21,9.2,--,26,23919,卖盘,2017-07-20,2017-07-20 13:55:21
13:57:03,13:57:03,9.2,--,1,919,卖盘,2017-07-20,2017-07-20 13:57:03
13:57:55,13:57:55,9.2,--,8,7359,卖盘,2017-07-20,2017-07-20 13:57:55
13:58:31,13:58:31,9.2,--,6,5520,卖盘,2017-07-20,2017-07-20 13:58:31
13:58:37,13:58:37,9.2,--,20,18400,卖盘,2017-07-20,2017-07-20 13:58:37
14:00:10,14:00:10,9.2,--,1,919,卖盘,2017-07-20,2017-07-20 14:00:10
14:00:31,14:00:31,9.2,--,4,3679,卖盘,2017-07-20,2017-07-20 14:00:31
14:00:55,14:00:55,9.2,--,3,2760,卖盘,2017-07-20,2017-07-20 14:00:55
14:01:28,14:01:28,9.2,--,10,9200,卖盘,2017-07-20,2017-07-20 14:01:28
14:01:43,14:01:43,9.2,--,10,9200,卖盘,2017-07-20,2017-07-20 14:01:43
14:01:58,14:01:58,9.2,--,3,2760,卖盘,2017-07-20,2017-07-20 14:01:58
14:02:38,14:02:38,9.2,--,12,11040,卖盘,2017-07-20,2017-07-20 14:02:38
14:02:50,14:02:50,9.2,--,10,9200,卖盘,2017-07-20,2017-07-20 14:02:50
14:03:02,14:03:02,9.2,--,15,13799,卖盘,2017-07-20,2017-07-20 14:03:02
14:03:29,14:03:29,9.2,--,27,24839,卖盘,2017-07-20,2017-07-20 14:03:29
14:03:32,14:03:32,9.2,--,4,3679,卖盘,2017-07-20,2017-07-20 14:03:32
14:03:38,14:03:38,9.2,--,15,13799,卖盘,2017-07-20,2017-07-20 14:03:38
14:03:41,14:03:41,9.2,--,10,9200,卖盘,2017-07-20,2017-07-20 14:03:41
14:03:44,14:03:44,9.2,--,20,18400,卖盘,2017-07-20,2017-07-20 14:03:44
14:03:53,14:03:53,9.2,--,5,4600,卖盘,2017-07-20,2017-07-20 14:03:53
14:04:14,14:04:14,9.2,--,10,9200,卖盘,2017-07-20,2017-07-20 14:04:14
14:04:38,14:04:38,9.2,--,9,8280,卖盘,2017-07-20,2017-07-20 14:04:38
14:05:20,14:05:20,9.2,--,12,11040,卖盘,2017-07-20,2017-07-20 14:05:20
14:05:26,14:05:26,9.2,--,40,36800,卖盘,2017-07-20,2017-07-20 14:05:26
14:05:38,14:05:38,9.2,--,5,4600,卖盘,2017-07-20,2017-07-20 14:05:38
14:05:56,14:05:56,9.2,--,10,9200,卖盘,2017-07-20,2017-07-20 14:05:56
14:05:59,14:05:59,9.2,--,12,11040,卖盘,2017-07-20,2017-07-20 14:05:59
14:06:17,14:06:17,9.2,--,9,8280,卖盘,2017-07-20,2017-07-20 14:06:17
14:06:23,14:06:23,9.2,--,3,2760,卖盘,2017-07-20,2017-07-20 14:06:23
14:06:32,14:06:32,9.2,--,8,7359,卖盘,2017-07-20,2017-07-20 14:06:32
14:07:11,14:07:11,9.2,--,5,4600,卖盘,2017-07-20,2017-07-20 14:07:11
14:08:11,14:08:11,9.2,--,10,9200,卖盘,2017-07-20,2017-07-20 14:08:11
14:08:20,14:08:20,9.2,--,2,1839,卖盘,2017-07-20,2017-07-20 14:08:20
14:08:50,14:08:50,9.2,--,5,4600,卖盘,2017-07-20,2017-07-20 14:08:50
14:09:56,14:09:56,9.2,--,10,9200,卖盘,2017-07-20,2017-07-20 14:09:56
14:09:59,14:09:59,9.2,--,12,11040,卖盘,2017-07-20,2017-07-20 14:09:59
14:10:05,14:10:05,9.2,--,7,6439,卖盘,2017-07-20,2017-07-20 14:10:05
14:10:08,14:10:08,9.2,--,15,13799,卖盘,2017-07-20,2017-07-20 14:10:08
14:10:35,14:10:35,9.2,--,5,4600,卖盘,2017-07-20,2017-07-20 14:10:35
14:10:38,14:10:38,9.2,--,2,1839,卖盘,2017-07-20,2017-07-20 14:10:38
14:11:08,14:11:08,9.2,--,6,5520,卖盘,2017-07-20,2017-07-20 14:11:08
14:11:53,14:11:53,9.2,--,20,18400,卖盘,2017-07-20,2017-07-20 14:11:53
14:12:02,14:12:02,9.2,--,143,131560,卖盘,2017-07-20,2017-07-20 14:12:02
14:12:08,14:12:08,9.2,--,4,3679,卖盘,2017-07-20,2017-07-20 14:12:08
14:12:11,14:12:11,9.2,--,20,18400,卖盘,2017-07-20,2017-07-20 14:12:11
14:12:26,14:12:26,9.2,--,7,6439,卖盘,2017-07-20,2017-07-20 14:12:26
14:12:50,14:12:50,9.2,--,9,8280,卖盘,2017-07-20,2017-07-20 14:12:50
14:13:02,14:13:02,9.2,--,25,23000,卖盘,2017-07-20,2017-07-20 14:13:02
14:13:39,14:13:39,9.2,--,10,9200,卖盘,2017-07-20,2017-07-20 14:13:39
14:13:50,14:13:50,9.2,--,1,919,卖盘,2017-07-20,2017-07-20 14:13:50
14:14:19,14:14:19,9.2,--,1,919,卖盘,2017-07-20,2017-07-20 14:14:19
14:14:28,14:14:28,9.2,--,12,11040,卖盘,2017-07-20,2017-07-20 14:14:28
14:14:43,14:14:43,9.2,--,54,49679,卖盘,2017-07-20,2017-07-20 14:14:43
14:15:19,14:15:19,9.2,--,10,9200,卖盘,2017-07-20,2017-07-20 14:15:19
14:15:34,14:15:34,9.2,--,4,3679,卖盘,2017-07-20,2017-07-20 14:15:34
14:15:37,14:15:37,9.2,--,50,46000,卖盘,2017-07-20,2017-07-20 14:15:37
14:15:58,14:15:58,9.2,--,5,4600,卖盘,2017-07-20,2017-07-20 14:15:58
14:16:19,14:16:19,9.2,--,15,13799,卖盘,2017-07-20,2017-07-20 14:16:19
14:16:31,14:16:31,9.2,--,20,18400,卖盘,2017-07-20,2017-07-20 14:16:31
14:16:49,14:16:49,9.2,--,5,4600,卖盘,2017-07-20,2017-07-20 14:16:49
14:17:01,14:17:01,9.2,--,20,18400,卖盘,2017-07-20,2017-07-20 14:17:01
14:17:04,14:17:04,9.2,--,20,18400,卖盘,2017-07-20,2017-07-20 14:17:04
14:17:49,14:17:49,9.2,--,1,919,卖盘,2017-07-20,2017-07-20 14:17:49
14:18:04,14:18:04,9.2,--,10,9200,卖盘,2017-07-20,2017-07-20 14:18:04
14:18:13,14:18:13,9.2,--,5,4600,卖盘,2017-07-20,2017-07-20 14:18:13
14:18:52,14:18:52,9.2,--,20,18400,卖盘,2017-07-20,2017-07-20 14:18:52
14:19:07,14:19:07,9.2,--,10,9200,卖盘,2017-07-20,2017-07-20 14:19:07
14:19:31,14:19:31,9.2,--,10,9200,卖盘,2017-07-20,2017-07-20 14:19:31
14:19:43,14:19:43,9.2,--,3,2760,卖盘,2017-07-20,2017-07-20 14:19:43
14:20:05,14:20:05,9.2,--,30,27599,卖盘,2017-07-20,2017-07-20 14:20:05
14:20:14,14:20:14,9.2,--,4,3679,卖盘,2017-07-20,2017-07-20 14:20:14
14:21:32,14:21:32,9.2,--,10,9200,卖盘,2017-07-20,2017-07-20 14:21:32
14:21:41,14:21:41,9.2,--,2,1839,卖盘,2017-07-20,2017-07-20 14:21:41
14:21:47,14:21:47,9.2,--,20,18400,卖盘,2017-07-20,2017-07-20 14:21:47
14:21:53,14:21:53,9.2,--,7,6439,卖盘,2017-07-20,2017-07-20 14:21:53
14:22:23,14:22:23,9.2,--,1,919,卖盘,2017-07-20,2017-07-20 14:22:23
14:22:44,14:22:44,9.2,--,20,18400,卖盘,2017-07-20,2017-07-20 14:22:44
14:23:05,14:23:05,9.2,--,2,1839,卖盘,2017-07-20,2017-07-20 14:23:05
14:23:17,14:23:17,9.2,--,10,9200,卖盘,2017-07-20,2017-07-20 14:23:17
14:23:32,14:23:32,9.2,--,6,5520,卖盘,2017-07-20,2017-07-20 14:23:32
14:23:35,14:23:35,9.2,--,7,6439,卖盘,2017-07-20,2017-07-20 14:23:35
14:24:11,14:24:11,9.2,--,10,9200,卖盘,2017-07-20,2017-07-20 14:24:11
14:24:20,14:24:20,9.2,--,12,11040,卖盘,2017-07-20,2017-07-20 14:24:20
14:24:38,14:24:38,9.2,--,10,9200,卖盘,2017-07-20,2017-07-20 14:24:38
14:25:20,14:25:20,9.2,--,10,9200,卖盘,2017-07-20,2017-07-20 14:25:20
14:25:32,14:25:32,9.2,--,10,9200,卖盘,2017-07-20,2017-07-20 14:25:32
14:25:41,14:25:41,9.2,--,6,5520,卖盘,2017-07-20,2017-07-20 14:25:41
14:25:56,14:25:56,9.2,--,10,9200,卖盘,2017-07-20,2017-07-20 14:25:56
14:26:20,14:26:20,9.2,--,4,3679,卖盘,2017-07-20,2017-07-20 14:26:20
14:26:26,14:26:26,9.2,--,20,18400,卖盘,2017-07-20,2017-07-20 14:26:26
14:26:32,14:26:32,9.2,--,5,4600,卖盘,2017-07-20,2017-07-20 14:26:32
14:26:44,14:26:44,9.2,--,21,19320,卖盘,2017-07-20,2017-07-20 14:26:44
14:26:56,14:26:56,9.2,--,30,27599,卖盘,2017-07-20,2017-07-20 14:26:56
14:27:02,14:27:02,9.2,--,54,49679,卖盘,2017-07-20,2017-07-20 14:27:02
14:27:41,14:27:41,9.2,--,200,184000,卖盘,2017-07-20,2017-07-20 14:27:41
14:28:11,14:28:11,9.2,--,4,3679,卖盘,2017-07-20,2017-07-20 14:28:11
14:28:17,14:28:17,9.2,--,10,9200,卖盘,2017-07-20,2017-07-20 14:28:17
14:28:41,14:28:41,9.2,--,5,4600,卖盘,2017-07-20,2017-07-20 14:28:41
14:29:02,14:29:02,9.2,--,10,9200,卖盘,2017-07-20,2017-07-20 14:29:02
14:29:05,14:29:05,9.2,--,11,10120,卖盘,2017-07-20,2017-07-20 14:29:05
14:29:44,14:29:44,9.2,--,5,4600,卖盘,2017-07-20,2017-07-20 14:29:44
14:30:14,14:30:14,9.2,--,15,13799,卖盘,2017-07-20,2017-07-20 14:30:14
14:30:23,14:30:23,9.2,--,6,5520,卖盘,2017-07-20,2017-07-20 14:30:23
14:30:50,14:30:50,9.2,--,5,4600,卖盘,2017-07-20,2017-07-20 14:30:50
14:30:56,14:30:56,9.2,--,10,9200,卖盘,2017-07-20,2017-07-20 14:30:56
14:31:50,14:31:50,9.2,--,20,18400,卖盘,2017-07-20,2017-07-20 14:31:50
14:33:01,14:33:01,9.2,--,2,1839,卖盘,2017-07-20,2017-07-20 14:33:01
14:33:22,14:33:22,9.2,--,1,919,卖盘,2017-07-20,2017-07-20 14:33:22
14:33:46,14:33:46,9.2,--,1,919,卖盘,2017-07-20,2017-07-20 14:33:46
14:34:52,14:34:52,9.2,--,3,2760,卖盘,2017-07-20,2017-07-20 14:34:52
14:35:10,14:35:10,9.2,--,6,5520,卖盘,2017-07-20,2017-07-20 14:35:10
14:35:22,14:35:22,9.2,--,3,2760,卖盘,2017-07-20,2017-07-20 14:35:22
14:35:34,14:35:34,9.2,--,1,919,卖盘,2017-07-20,2017-07-20 14:35:34
14:35:43,14:35:43,9.2,--,6,5520,卖盘,2017-07-20,2017-07-20 14:35:43
14:35:49,14:35:49,9.2,--,16,14719,卖盘,2017-07-20,2017-07-20 14:35:49
14:35:52,14:35:52,9.2,--,2,1839,卖盘,2017-07-20,2017-07-20 14:35:52
14:36:19,14:36:19,9.2,--,24,22080,卖盘,2017-07-20,2017-07-20 14:36:19
14:36:34,14:36:34,9.2,--,3,2760,卖盘,2017-07-20,2017-07-20 14:36:34
14:37:10,14:37:10,9.2,--,3,2760,卖盘,2017-07-20,2017-07-20 14:37:10
14:37:22,14:37:22,9.2,--,50,46000,卖盘,2017-07-20,2017-07-20 14:37:22
14:37:52,14:37:52,9.2,--,2,1839,卖盘,2017-07-20,2017-07-20 14:37:52
14:38:01,14:38:01,9.2,--,366,336720,卖盘,2017-07-20,2017-07-20 14:38:01
14:38:20,14:38:20,9.2,--,90,82800,卖盘,2017-07-20,2017-07-20 14:38:20
14:39:02,14:39:02,9.2,--,30,27599,卖盘,2017-07-20,2017-07-20 14:39:02
14:39:17,14:39:17,9.2,--,5,4600,卖盘,2017-07-20,2017-07-20 14:39:17
14:40:02,14:40:02,9.2,--,60,55199,卖盘,2017-07-20,2017-07-20 14:40:02
14:40:11,14:40:11,9.2,--,10,9200,卖盘,2017-07-20,2017-07-20 14:40:11
14:40:29,14:40:29,9.2,--,20,18400,卖盘,2017-07-20,2017-07-20 14:40:29
14:40:38,14:40:38,9.2,--,10,9200,卖盘,2017-07-20,2017-07-20 14:40:38
14:40:44,14:40:44,9.2,--,50,46000,卖盘,2017-07-20,2017-07-20 14:40:44
14:41:17,14:41:17,9.2,--,30,27599,卖盘,2017-07-20,2017-07-20 14:41:17
14:41:23,14:41:23,9.2,--,20,18400,卖盘,2017-07-20,2017-07-20 14:41:23
14:41:32,14:41:32,9.2,--,10,9200,卖盘,2017-07-20,2017-07-20 14:41:32
14:41:38,14:41:38,9.2,--,10,9200,卖盘,2017-07-20,2017-07-20 14:41:38
14:41:44,14:41:44,9.2,--,2,1839,卖盘,2017-07-20,2017-07-20 14:41:44
14:41:47,14:41:47,9.2,--,3,2760,卖盘,2017-07-20,2017-07-20 14:41:47
14:41:56,14:41:56,9.2,--,6,5520,卖盘,2017-07-20,2017-07-20 14:41:56
14:41:59,14:41:59,9.2,--,20,18400,卖盘,2017-07-20,2017-07-20 14:41:59
14:42:02,14:42:02,9.2,--,10,9200,卖盘,2017-07-20,2017-07-20 14:42:02
14:42:59,14:42:59,9.2,--,8,7359,卖盘,2017-07-20,2017-07-20 14:42:59
14:43:02,14:43:02,9.2,--,5,4600,卖盘,2017-07-20,2017-07-20 14:43:02
14:43:20,14:43:20,9.2,--,5,4600,卖盘,2017-07-20,2017-07-20 14:43:20
14:43:26,14:43:26,9.2,--,5,4600,卖盘,2017-07-20,2017-07-20 14:43:26
14:43:29,14:43:29,9.2,--,40,36800,卖盘,2017-07-20,2017-07-20 14:43:29
14:43:59,14:43:59,9.2,--,4,3679,卖盘,2017-07-20,2017-07-20 14:43:59
14:44:02,14:44:02,9.2,--,20,18400,卖盘,2017-07-20,2017-07-20 14:44:02
14:44:17,14:44:17,9.2,--,6,5520,卖盘,2017-07-20,2017-07-20 14:44:17
14:44:44,14:44:44,9.2,--,1,919,卖盘,2017-07-20,2017-07-20 14:44:44
14:44:56,14:44:56,9.2,--,10,9200,卖盘,2017-07-20,2017-07-20 14:44:56
14:45:23,14:45:23,9.2,--,50,46000,卖盘,2017-07-20,2017-07-20 14:45:23
14:45:35,14:45:35,9.2,--,500,459999,卖盘,2017-07-20,2017-07-20 14:45:35
14:45:53,14:45:53,9.2,--,10,9200,卖盘,2017-07-20,2017-07-20 14:45:53
14:46:20,14:46:20,9.2,--,30,27599,卖盘,2017-07-20,2017-07-20 14:46:20
14:46:23,14:46:23,9.2,--,20,18400,卖盘,2017-07-20,2017-07-20 14:46:23
14:46:35,14:46:35,9.2,--,15,13799,卖盘,2017-07-20,2017-07-20 14:46:35
14:46:44,14:46:44,9.2,--,30,27599,卖盘,2017-07-20,2017-07-20 14:46:44
14:47:02,14:47:02,9.2,--,20,18400,卖盘,2017-07-20,2017-07-20 14:47:02
14:47:11,14:47:11,9.2,--,33,30359,卖盘,2017-07-20,2017-07-20 14:47:11
14:47:29,14:47:29,9.2,--,10,9200,卖盘,2017-07-20,2017-07-20 14:47:29
14:47:47,14:47:47,9.2,--,8,7359,卖盘,2017-07-20,2017-07-20 14:47:47
14:47:50,14:47:50,9.2,--,7,6439,卖盘,2017-07-20,2017-07-20 14:47:50
14:47:59,14:47:59,9.2,--,4,3679,卖盘,2017-07-20,2017-07-20 14:47:59
14:48:29,14:48:29,9.2,--,10,9200,卖盘,2017-07-20,2017-07-20 14:48:29
14:48:41,14:48:41,9.2,--,10,9200,卖盘,2017-07-20,2017-07-20 14:48:41
14:49:02,14:49:02,9.2,--,2,1839,卖盘,2017-07-20,2017-07-20 14:49:02
14:49:11,14:49:11,9.2,--,3,2760,卖盘,2017-07-20,2017-07-20 14:49:11
14:49:20,14:49:20,9.2,--,20,18400,卖盘,2017-07-20,2017-07-20 14:49:20
14:49:26,14:49:26,9.2,--,10,9200,卖盘,2017-07-20,2017-07-20 14:49:26
14:49:32,14:49:32,9.2,--,8,7359,卖盘,2017-07-20,2017-07-20 14:49:32
14:49:44,14:49:44,9.2,--,5,4600,卖盘,2017-07-20,2017-07-20 14:49:44
14:50:02,14:50:02,9.2,--,5,4600,卖盘,2017-07-20,2017-07-20 14:50:02
14:50:05,14:50:05,9.2,--,2,1839,卖盘,2017-07-20,2017-07-20 14:50:05
14:50:26,14:50:26,9.2,--,155,142600,卖盘,2017-07-20,2017-07-20 14:50:26
14:50:44,14:50:44,9.2,--,16,14719,卖盘,2017-07-20,2017-07-20 14:50:44
14:50:47,14:50:47,9.2,--,20,18400,卖盘,2017-07-20,2017-07-20 14:50:47
14:50:50,14:50:50,9.2,--,10,9200,卖盘,2017-07-20,2017-07-20 14:50:50
14:51:04,14:51:04,9.2,--,21,19320,卖盘,2017-07-20,2017-07-20 14:51:04
14:51:13,14:51:13,9.2,--,5,4600,卖盘,2017-07-20,2017-07-20 14:51:13
14:51:19,14:51:19,9.2,--,15,13799,卖盘,2017-07-20,2017-07-20 14:51:19
14:51:25,14:51:25,9.2,--,20,18400,卖盘,2017-07-20,2017-07-20 14:51:25
14:51:30,14:51:30,9.2,--,16,14719,卖盘,2017-07-20,2017-07-20 14:51:30
14:51:40,14:51:40,9.2,--,50,46000,卖盘,2017-07-20,2017-07-20 14:51:40
14:51:49,14:51:49,9.2,--,30,27599,卖盘,2017-07-20,2017-07-20 14:51:49
14:52:04,14:52:04,9.2,--,3,2760,卖盘,2017-07-20,2017-07-20 14:52:04
14:52:10,14:52:10,9.2,--,20,18400,卖盘,2017-07-20,2017-07-20 14:52:10
14:52:13,14:52:13,9.2,--,1,919,卖盘,2017-07-20,2017-07-20 14:52:13
14:52:58,14:52:58,9.2,--,12,11040,卖盘,2017-07-20,2017-07-20 14:52:58
14:53:10,14:53:10,9.2,--,10,9200,卖盘,2017-07-20,2017-07-20 14:53:10
14:53:34,14:53:34,9.2,--,50,46000,卖盘,2017-07-20,2017-07-20 14:53:34
14:53:37,14:53:37,9.2,--,10,9200,卖盘,2017-07-20,2017-07-20 14:53:37
14:53:43,14:53:43,9.2,--,2,1839,卖盘,2017-07-20,2017-07-20 14:53:43
14:53:46,14:53:46,9.2,--,18,16560,卖盘,2017-07-20,2017-07-20 14:53:46
14:54:01,14:54:01,9.2,--,6,5520,卖盘,2017-07-20,2017-07-20 14:54:01
14:54:19,14:54:19,9.2,--,10,9200,卖盘,2017-07-20,2017-07-20 14:54:19
14:54:31,14:54:31,9.2,--,52,47839,卖盘,2017-07-20,2017-07-20 14:54:31
14:55:04,14:55:04,9.2,--,5,4600,卖盘,2017-07-20,2017-07-20 14:55:04
14:55:07,14:55:07,9.2,--,15,13799,卖盘,2017-07-20,2017-07-20 14:55:07
14:55:13,14:55:13,9.2,--,5,4600,卖盘,2017-07-20,2017-07-20 14:55:13
14:55:19,14:55:19,9.2,--,20,18400,卖盘,2017-07-20,2017-07-20 14:55:19
14:55:22,14:55:22,9.2,--,10,9200,卖盘,2017-07-20,2017-07-20 14:55:22
14:55:43,14:55:43,9.2,--,10,9200,卖盘,2017-07-20,2017-07-20 14:55:43
14:56:04,14:56:04,9.2,--,5,4600,卖盘,2017-07-20,2017-07-20 14:56:04
14:56:07,14:56:07,9.2,--,10,9200,卖盘,2017-07-20,2017-07-20 14:56:07
14:56:10,14:56:10,9.2,--,69,63479,卖盘,2017-07-20,2017-07-20 14:56:10
14:56:25,14:56:25,9.2,--,37,34040,卖盘,2017-07-20,2017-07-20 14:56:25
14:56:28,14:56:28,9.2,--,13,11959,卖盘,2017-07-20,2017-07-20 14:56:28
14:56:34,14:56:34,9.2,--,10,9200,卖盘,2017-07-20,2017-07-20 14:56:34
14:56:37,14:56:37,9.2,--,12,11040,卖盘,2017-07-20,2017-07-20 14:56:37
14:56:50,14:56:50,9.2,--,20,18400,卖盘,2017-07-20,2017-07-20 14:56:50
14:56:53,14:56:53,9.2,--,105,96599,卖盘,2017-07-20,2017-07-20 14:56:53
14:57:05,14:57:05,9.2,--,2,1839,卖盘,2017-07-20,2017-07-20 14:57:05
14:57:14,14:57:14,9.2,--,15,13799,卖盘,2017-07-20,2017-07-20 14:57:14
14:57:20,14:57:20,9.2,--,7,6439,卖盘,2017-07-20,2017-07-20 14:57:20
14:57:23,14:57:23,9.2,--,306,281520,卖盘,2017-07-20,2017-07-20 14:57:23
14:58:02,14:58:02,9.2,--,6,5520,卖盘,2017-07-20,2017-07-20 14:58:02
14:58:08,14:58:08,9.2,--,400,368000,卖盘,2017-07-20,2017-07-20 14:58:08
14:58:23,14:58:23,9.2,--,8,7359,卖盘,2017-07-20,2017-07-20 14:58:23
14:58:38,14:58:38,9.2,--,40,36800,卖盘,2017-07-20,2017-07-20 14:58:38
14:58:44,14:58:44,9.2,--,10,9200,卖盘,2017-07-20,2017-07-20 14:58:44
14:58:50,14:58:50,9.2,--,10,9200,卖盘,2017-07-20,2017-07-20 14:58:50
14:58:53,14:58:53,9.2,--,1,919,卖盘,2017-07-20,2017-07-20 14:58:53
14:58:56,14:58:56,9.2,--,25,23000,卖盘,2017-07-20,2017-07-20 14:58:56
14:58:59,14:58:59,9.2,--,5,4600,卖盘,2017-07-20,2017-07-20 14:58:59
14:59:05,14:59:05,9.2,--,1,919,卖盘,2017-07-20,2017-07-20 14:59:05
14:59:29,14:59:29,9.2,--,4,3679,卖盘,2017-07-20,2017-07-20 14:59:29
14:59:35,14:59:35,9.2,--,10,9200,卖盘,2017-07-20,2017-07-20 14:59:35
14:59:50,14:59:50,9.2,--,2,1839,卖盘,2017-07-20,2017-07-20 14:59:50
14:59:53,14:59:53,9.2,--,5,4600,卖盘,2017-07-20,2017-07-20 14:59:53
14:59:56,14:59:56,9.2,--,7,6439,卖盘,2017-07-20,2017-07-20 14:59:56
15:00:00,15:00:00,9.2,--,0,0,卖盘,2017-07-20,2017-07-20 15:00:00
15:00:00,15:00:00,9.2,--,0,0,卖盘,2017-07-20,2017-07-20 15:00:00
