idx_time,time,price,change,volume,amount,type,date,date_time
09:25:03,09:25:03,7.58,7.58,46,34868,买盘,2017-07-18,2017-07-18 09:25:03
09:28:47,09:28:47,7.58,--,0,0,买盘,2017-07-18,2017-07-18 09:28:47
09:30:01,09:30:01,7.57,-0.01,44,33308,中性盘,2017-07-18,2017-07-18 09:30:01
09:30:04,09:30:04,7.55,-0.02,178,134390,卖盘,2017-07-18,2017-07-18 09:30:04
09:30:07,09:30:07,7.55,--,28,21140,买盘,2017-07-18,2017-07-18 09:30:07
09:30:10,09:30:10,7.55,--,7,5285,买盘,2017-07-18,2017-07-18 09:30:10
09:30:16,09:30:16,7.55,--,10,7550,买盘,2017-07-18,2017-07-18 09:30:16
09:30:19,09:30:19,7.54,-0.01,26,19604,卖盘,2017-07-18,2017-07-18 09:30:19
09:30:28,09:30:28,7.54,--,6,4524,卖盘,2017-07-18,2017-07-18 09:30:28
09:30:37,09:30:37,7.55,0.01,245,184975,买盘,2017-07-18,2017-07-18 09:30:37
09:30:40,09:30:40,7.55,--,37,27935,卖盘,2017-07-18,2017-07-18 09:30:40
09:30:49,09:30:49,7.56,0.01,2,1512,买盘,2017-07-18,2017-07-18 09:30:49
09:30:55,09:30:55,7.55,-0.01,21,15855,卖盘,2017-07-18,2017-07-18 09:30:55
09:31:04,09:31:04,7.56,0.01,429,324324,买盘,2017-07-18,2017-07-18 09:31:04
09:31:10,09:31:10,7.56,--,0,0,买盘,2017-07-18,2017-07-18 09:31:10
09:31:19,09:31:19,7.55,-0.01,17,12835,买盘,2017-07-18,2017-07-18 09:31:19
09:31:22,09:31:22,7.54,-0.01,25,18850,卖盘,2017-07-18,2017-07-18 09:31:22
09:31:25,09:31:25,7.55,0.01,183,138165,买盘,2017-07-18,2017-07-18 09:31:25
09:31:28,09:31:28,7.55,--,11,8305,卖盘,2017-07-18,2017-07-18 09:31:28
09:31:37,09:31:37,7.55,--,80,60400,卖盘,2017-07-18,2017-07-18 09:31:37
09:31:46,09:31:46,7.56,0.01,14,10584,买盘,2017-07-18,2017-07-18 09:31:46
09:31:55,09:31:55,7.56,--,20,15120,卖盘,2017-07-18,2017-07-18 09:31:55
09:32:07,09:32:07,7.57,0.01,67,50719,买盘,2017-07-18,2017-07-18 09:32:07
09:32:16,09:32:16,7.57,--,63,47691,卖盘,2017-07-18,2017-07-18 09:32:16
09:32:19,09:32:19,7.57,--,9,6813,买盘,2017-07-18,2017-07-18 09:32:19
09:32:25,09:32:25,7.57,--,39,29523,买盘,2017-07-18,2017-07-18 09:32:25
09:32:28,09:32:28,7.57,--,32,24224,买盘,2017-07-18,2017-07-18 09:32:28
09:32:37,09:32:37,7.56,-0.01,119,89964,卖盘,2017-07-18,2017-07-18 09:32:37
09:32:40,09:32:40,7.57,0.01,1,757,中性盘,2017-07-18,2017-07-18 09:32:40
09:32:46,09:32:46,7.56,-0.01,46,34776,卖盘,2017-07-18,2017-07-18 09:32:46
09:32:49,09:32:49,7.56,--,0,0,卖盘,2017-07-18,2017-07-18 09:32:49
09:32:58,09:32:58,7.58,0.02,5,3790,买盘,2017-07-18,2017-07-18 09:32:58
09:33:07,09:33:07,7.58,--,19,14402,买盘,2017-07-18,2017-07-18 09:33:07
09:33:10,09:33:10,7.57,-0.01,57,43149,卖盘,2017-07-18,2017-07-18 09:33:10
09:33:13,09:33:13,7.57,--,20,15140,买盘,2017-07-18,2017-07-18 09:33:13
09:33:19,09:33:19,7.57,--,5,3785,买盘,2017-07-18,2017-07-18 09:33:19
09:33:22,09:33:22,7.57,--,10,7570,买盘,2017-07-18,2017-07-18 09:33:22
09:33:25,09:33:25,7.57,--,110,83270,买盘,2017-07-18,2017-07-18 09:33:25
09:33:28,09:33:28,7.58,0.01,3,2274,买盘,2017-07-18,2017-07-18 09:33:28
09:33:31,09:33:31,7.58,--,120,90960,买盘,2017-07-18,2017-07-18 09:33:31
09:33:40,09:33:40,7.57,-0.01,98,74186,卖盘,2017-07-18,2017-07-18 09:33:40
09:33:43,09:33:43,7.57,--,6,4542,买盘,2017-07-18,2017-07-18 09:33:43
09:33:46,09:33:46,7.56,-0.01,30,22680,卖盘,2017-07-18,2017-07-18 09:33:46
09:34:01,09:34:01,7.57,0.01,1,757,买盘,2017-07-18,2017-07-18 09:34:01
09:34:04,09:34:04,7.57,--,2,1514,买盘,2017-07-18,2017-07-18 09:34:04
09:34:10,09:34:10,7.57,--,4,3028,买盘,2017-07-18,2017-07-18 09:34:10
09:34:13,09:34:13,7.57,--,18,13626,买盘,2017-07-18,2017-07-18 09:34:13
09:34:22,09:34:22,7.57,--,12,9084,买盘,2017-07-18,2017-07-18 09:34:22
09:34:28,09:34:28,7.56,-0.01,77,58212,卖盘,2017-07-18,2017-07-18 09:34:28
09:34:31,09:34:31,7.56,--,2,1512,买盘,2017-07-18,2017-07-18 09:34:31
09:34:37,09:34:37,7.57,0.01,189,143073,买盘,2017-07-18,2017-07-18 09:34:37
09:34:40,09:34:40,7.57,--,4,3028,卖盘,2017-07-18,2017-07-18 09:34:40
09:34:46,09:34:46,7.57,--,1,757,卖盘,2017-07-18,2017-07-18 09:34:46
09:34:49,09:34:49,7.58,0.01,1,758,买盘,2017-07-18,2017-07-18 09:34:49
09:34:52,09:34:52,7.58,--,6,4548,买盘,2017-07-18,2017-07-18 09:34:52
09:34:55,09:34:55,7.58,--,2,1516,买盘,2017-07-18,2017-07-18 09:34:55
09:35:01,09:35:01,7.58,--,10,7580,买盘,2017-07-18,2017-07-18 09:35:01
09:35:04,09:35:04,7.58,--,32,24256,买盘,2017-07-18,2017-07-18 09:35:04
09:35:07,09:35:07,7.58,--,6,4548,买盘,2017-07-18,2017-07-18 09:35:07
09:35:10,09:35:10,7.58,--,35,26530,买盘,2017-07-18,2017-07-18 09:35:10
09:35:13,09:35:13,7.58,--,10,7580,买盘,2017-07-18,2017-07-18 09:35:13
09:35:22,09:35:22,7.59,0.01,50,37950,买盘,2017-07-18,2017-07-18 09:35:22
09:35:25,09:35:25,7.59,--,0,0,买盘,2017-07-18,2017-07-18 09:35:25
09:35:34,09:35:34,7.59,--,100,75900,买盘,2017-07-18,2017-07-18 09:35:34
09:35:40,09:35:40,7.59,--,65,49335,买盘,2017-07-18,2017-07-18 09:35:40
09:35:49,09:35:49,7.59,--,79,59961,卖盘,2017-07-18,2017-07-18 09:35:49
09:35:55,09:35:55,7.6,0.01,15,11400,买盘,2017-07-18,2017-07-18 09:35:55
09:35:58,09:35:58,7.59,-0.01,110,83490,卖盘,2017-07-18,2017-07-18 09:35:58
09:36:01,09:36:01,7.59,--,5,3795,买盘,2017-07-18,2017-07-18 09:36:01
09:36:10,09:36:10,7.59,--,20,15180,买盘,2017-07-18,2017-07-18 09:36:10
09:36:13,09:36:13,7.59,--,9,6831,买盘,2017-07-18,2017-07-18 09:36:13
09:36:16,09:36:16,7.59,--,37,28083,买盘,2017-07-18,2017-07-18 09:36:16
09:36:22,09:36:22,7.59,--,3,2277,买盘,2017-07-18,2017-07-18 09:36:22
09:36:25,09:36:25,7.59,--,40,30360,买盘,2017-07-18,2017-07-18 09:36:25
09:36:28,09:36:28,7.59,--,10,7590,买盘,2017-07-18,2017-07-18 09:36:28
09:36:31,09:36:31,7.59,--,30,22770,买盘,2017-07-18,2017-07-18 09:36:31
09:36:34,09:36:34,7.59,--,45,34155,买盘,2017-07-18,2017-07-18 09:36:34
09:36:37,09:36:37,7.59,--,1,759,买盘,2017-07-18,2017-07-18 09:36:37
09:36:40,09:36:40,7.6,0.01,2,1520,买盘,2017-07-18,2017-07-18 09:36:40
09:36:49,09:36:49,7.59,-0.01,5,3795,卖盘,2017-07-18,2017-07-18 09:36:49
09:36:52,09:36:52,7.6,0.01,47,35720,买盘,2017-07-18,2017-07-18 09:36:52
09:36:58,09:36:58,7.6,--,20,15200,买盘,2017-07-18,2017-07-18 09:36:58
09:37:01,09:37:01,7.6,--,1,760,买盘,2017-07-18,2017-07-18 09:37:01
09:37:07,09:37:07,7.6,--,27,20520,买盘,2017-07-18,2017-07-18 09:37:07
09:37:10,09:37:10,7.6,--,10,7600,买盘,2017-07-18,2017-07-18 09:37:10
09:37:13,09:37:13,7.6,--,40,30400,买盘,2017-07-18,2017-07-18 09:37:13
09:37:19,09:37:19,7.6,--,34,25840,买盘,2017-07-18,2017-07-18 09:37:19
09:37:28,09:37:28,7.63,0.03,20,15260,买盘,2017-07-18,2017-07-18 09:37:28
09:37:31,09:37:31,7.6,-0.03,8,6080,卖盘,2017-07-18,2017-07-18 09:37:31
09:37:34,09:37:34,7.6,--,11,8360,卖盘,2017-07-18,2017-07-18 09:37:34
09:37:40,09:37:40,7.6,--,14,10640,卖盘,2017-07-18,2017-07-18 09:37:40
09:37:43,09:37:43,7.6,--,111,84360,买盘,2017-07-18,2017-07-18 09:37:43
09:37:46,09:37:46,7.6,--,76,57760,买盘,2017-07-18,2017-07-18 09:37:46
09:37:49,09:37:49,7.6,--,5,3800,买盘,2017-07-18,2017-07-18 09:37:49
09:37:55,09:37:55,7.6,--,7,5320,买盘,2017-07-18,2017-07-18 09:37:55
09:37:58,09:37:58,7.6,--,5,3800,买盘,2017-07-18,2017-07-18 09:37:58
09:38:01,09:38:01,7.6,--,12,9120,买盘,2017-07-18,2017-07-18 09:38:01
09:38:04,09:38:04,7.6,--,33,25080,买盘,2017-07-18,2017-07-18 09:38:04
09:38:10,09:38:10,7.6,--,3,2280,买盘,2017-07-18,2017-07-18 09:38:10
09:38:22,09:38:22,7.6,--,18,13680,卖盘,2017-07-18,2017-07-18 09:38:22
09:38:25,09:38:25,7.6,--,49,37240,买盘,2017-07-18,2017-07-18 09:38:25
09:38:28,09:38:28,7.6,--,5,3800,买盘,2017-07-18,2017-07-18 09:38:28
09:38:31,09:38:31,7.6,--,15,11400,买盘,2017-07-18,2017-07-18 09:38:31
09:38:34,09:38:34,7.59,-0.01,28,21252,卖盘,2017-07-18,2017-07-18 09:38:34
09:38:40,09:38:40,7.59,--,20,15180,卖盘,2017-07-18,2017-07-18 09:38:40
09:38:43,09:38:43,7.6,0.01,2,1520,买盘,2017-07-18,2017-07-18 09:38:43
09:38:46,09:38:46,7.6,--,1,760,买盘,2017-07-18,2017-07-18 09:38:46
09:38:52,09:38:52,7.59,-0.01,6,4554,卖盘,2017-07-18,2017-07-18 09:38:52
09:38:55,09:38:55,7.6,0.01,25,19000,买盘,2017-07-18,2017-07-18 09:38:55
09:39:13,09:39:13,7.59,-0.01,100,75900,卖盘,2017-07-18,2017-07-18 09:39:13
09:39:16,09:39:16,7.59,--,5,3795,卖盘,2017-07-18,2017-07-18 09:39:16
09:39:19,09:39:19,7.59,--,13,9867,卖盘,2017-07-18,2017-07-18 09:39:19
09:39:22,09:39:22,7.59,--,15,11385,卖盘,2017-07-18,2017-07-18 09:39:22
09:39:28,09:39:28,7.6,0.01,6,4560,买盘,2017-07-18,2017-07-18 09:39:28
09:39:34,09:39:34,7.59,-0.01,9,6831,卖盘,2017-07-18,2017-07-18 09:39:34
09:39:37,09:39:37,7.59,--,46,34914,卖盘,2017-07-18,2017-07-18 09:39:37
09:39:55,09:39:55,7.59,--,5,3795,买盘,2017-07-18,2017-07-18 09:39:55
09:40:01,09:40:01,7.59,--,55,41745,买盘,2017-07-18,2017-07-18 09:40:01
09:40:07,09:40:07,7.59,--,2,1518,卖盘,2017-07-18,2017-07-18 09:40:07
09:40:13,09:40:13,7.59,--,13,9867,卖盘,2017-07-18,2017-07-18 09:40:13
09:40:16,09:40:16,7.6,0.01,120,91200,买盘,2017-07-18,2017-07-18 09:40:16
09:40:19,09:40:19,7.59,-0.01,20,15180,中性盘,2017-07-18,2017-07-18 09:40:19
09:40:22,09:40:22,7.59,--,1,759,买盘,2017-07-18,2017-07-18 09:40:22
09:40:25,09:40:25,7.59,--,18,13662,买盘,2017-07-18,2017-07-18 09:40:25
09:40:37,09:40:37,7.58,-0.01,3,2274,卖盘,2017-07-18,2017-07-18 09:40:37
09:40:40,09:40:40,7.59,0.01,60,45540,买盘,2017-07-18,2017-07-18 09:40:40
09:40:43,09:40:43,7.59,--,2,1518,买盘,2017-07-18,2017-07-18 09:40:43
09:40:46,09:40:46,7.57,-0.02,1200,908400,卖盘,2017-07-18,2017-07-18 09:40:46
09:40:49,09:40:49,7.59,0.02,1,759,买盘,2017-07-18,2017-07-18 09:40:49
09:40:52,09:40:52,7.59,--,30,22770,买盘,2017-07-18,2017-07-18 09:40:52
09:40:55,09:40:55,7.58,-0.01,5,3790,中性盘,2017-07-18,2017-07-18 09:40:55
09:41:04,09:41:04,7.57,-0.01,9,6813,卖盘,2017-07-18,2017-07-18 09:41:04
09:41:13,09:41:13,7.58,0.01,10,7580,买盘,2017-07-18,2017-07-18 09:41:13
09:41:31,09:41:31,7.57,-0.01,54,40878,卖盘,2017-07-18,2017-07-18 09:41:31
09:41:34,09:41:34,7.57,--,7,5299,买盘,2017-07-18,2017-07-18 09:41:34
09:41:40,09:41:40,7.58,0.01,300,227400,买盘,2017-07-18,2017-07-18 09:41:40
09:41:46,09:41:46,7.56,-0.02,93,70308,卖盘,2017-07-18,2017-07-18 09:41:46
09:41:52,09:41:52,7.56,--,105,79380,卖盘,2017-07-18,2017-07-18 09:41:52
09:41:55,09:41:55,7.56,--,82,61992,卖盘,2017-07-18,2017-07-18 09:41:55
09:41:58,09:41:58,7.56,--,151,114156,卖盘,2017-07-18,2017-07-18 09:41:58
09:42:01,09:42:01,7.56,--,5,3780,买盘,2017-07-18,2017-07-18 09:42:01
09:42:04,09:42:04,7.56,--,37,27972,买盘,2017-07-18,2017-07-18 09:42:04
09:42:07,09:42:07,7.55,-0.01,2,1510,卖盘,2017-07-18,2017-07-18 09:42:07
09:42:10,09:42:10,7.56,0.01,4,3024,买盘,2017-07-18,2017-07-18 09:42:10
09:42:16,09:42:16,7.55,-0.01,474,357870,卖盘,2017-07-18,2017-07-18 09:42:16
09:42:19,09:42:19,7.56,0.01,5,3780,买盘,2017-07-18,2017-07-18 09:42:19
09:42:25,09:42:25,7.55,-0.01,58,43790,卖盘,2017-07-18,2017-07-18 09:42:25
09:42:28,09:42:28,7.55,--,200,151000,卖盘,2017-07-18,2017-07-18 09:42:28
09:42:31,09:42:31,7.55,--,18,13590,卖盘,2017-07-18,2017-07-18 09:42:31
09:42:34,09:42:34,7.56,0.01,1,756,买盘,2017-07-18,2017-07-18 09:42:34
09:42:37,09:42:37,7.55,-0.01,8,6040,卖盘,2017-07-18,2017-07-18 09:42:37
09:42:40,09:42:40,7.55,--,193,145715,卖盘,2017-07-18,2017-07-18 09:42:40
09:42:52,09:42:52,7.55,--,2,1510,买盘,2017-07-18,2017-07-18 09:42:52
09:43:01,09:43:01,7.55,--,66,49830,买盘,2017-07-18,2017-07-18 09:43:01
09:43:04,09:43:04,7.54,-0.01,3,2262,卖盘,2017-07-18,2017-07-18 09:43:04
09:43:16,09:43:16,7.55,0.01,6,4530,买盘,2017-07-18,2017-07-18 09:43:16
09:43:19,09:43:19,7.55,--,69,52095,买盘,2017-07-18,2017-07-18 09:43:19
09:43:25,09:43:25,7.54,-0.01,5,3770,卖盘,2017-07-18,2017-07-18 09:43:25
09:43:28,09:43:28,7.55,0.01,5,3775,买盘,2017-07-18,2017-07-18 09:43:28
09:43:34,09:43:34,7.54,-0.01,8,6032,卖盘,2017-07-18,2017-07-18 09:43:34
09:43:37,09:43:37,7.54,--,11,8294,卖盘,2017-07-18,2017-07-18 09:43:37
09:43:40,09:43:40,7.55,0.01,70,52850,买盘,2017-07-18,2017-07-18 09:43:40
09:43:43,09:43:43,7.54,-0.01,6,4524,卖盘,2017-07-18,2017-07-18 09:43:43
09:43:55,09:43:55,7.55,0.01,60,45300,买盘,2017-07-18,2017-07-18 09:43:55
09:43:58,09:43:58,7.55,--,46,34730,买盘,2017-07-18,2017-07-18 09:43:58
09:44:04,09:44:04,7.55,--,4,3020,买盘,2017-07-18,2017-07-18 09:44:04
09:44:07,09:44:07,7.54,-0.01,9,6786,卖盘,2017-07-18,2017-07-18 09:44:07
09:44:15,09:44:15,7.55,0.01,4,3020,买盘,2017-07-18,2017-07-18 09:44:15
09:44:21,09:44:21,7.54,-0.01,158,119132,卖盘,2017-07-18,2017-07-18 09:44:21
09:44:30,09:44:30,7.54,--,10,7540,买盘,2017-07-18,2017-07-18 09:44:30
09:44:33,09:44:33,7.54,--,1,754,买盘,2017-07-18,2017-07-18 09:44:33
09:44:36,09:44:36,7.54,--,5,3770,买盘,2017-07-18,2017-07-18 09:44:36
09:44:39,09:44:39,7.54,--,50,37700,买盘,2017-07-18,2017-07-18 09:44:39
09:44:42,09:44:42,7.54,--,143,107822,买盘,2017-07-18,2017-07-18 09:44:42
09:44:48,09:44:48,7.54,--,21,15834,买盘,2017-07-18,2017-07-18 09:44:48
09:44:57,09:44:57,7.54,--,5,3770,买盘,2017-07-18,2017-07-18 09:44:57
09:45:03,09:45:03,7.54,--,3,2262,买盘,2017-07-18,2017-07-18 09:45:03
09:45:06,09:45:06,7.53,-0.01,6,4518,卖盘,2017-07-18,2017-07-18 09:45:06
09:45:09,09:45:09,7.54,0.01,20,15080,买盘,2017-07-18,2017-07-18 09:45:09
09:45:21,09:45:21,7.54,--,21,15834,买盘,2017-07-18,2017-07-18 09:45:21
09:45:24,09:45:24,7.54,--,10,7540,买盘,2017-07-18,2017-07-18 09:45:24
09:45:27,09:45:27,7.54,--,10,7540,买盘,2017-07-18,2017-07-18 09:45:27
09:45:30,09:45:30,7.54,--,10,7540,买盘,2017-07-18,2017-07-18 09:45:30
09:45:33,09:45:33,7.54,--,22,16588,买盘,2017-07-18,2017-07-18 09:45:33
09:45:39,09:45:39,7.54,--,20,15080,买盘,2017-07-18,2017-07-18 09:45:39
09:45:42,09:45:42,7.54,--,8,6032,买盘,2017-07-18,2017-07-18 09:45:42
09:45:45,09:45:45,7.54,--,66,49764,买盘,2017-07-18,2017-07-18 09:45:45
09:45:48,09:45:48,7.54,--,30,22620,买盘,2017-07-18,2017-07-18 09:45:48
09:45:51,09:45:51,7.54,--,47,35438,买盘,2017-07-18,2017-07-18 09:45:51
09:45:54,09:45:54,7.54,--,43,32422,卖盘,2017-07-18,2017-07-18 09:45:54
09:45:57,09:45:57,7.54,--,40,30160,买盘,2017-07-18,2017-07-18 09:45:57
09:46:00,09:46:00,7.54,--,17,12818,买盘,2017-07-18,2017-07-18 09:46:00
09:46:03,09:46:03,7.54,--,17,12818,卖盘,2017-07-18,2017-07-18 09:46:03
09:46:06,09:46:06,7.54,--,9,6786,卖盘,2017-07-18,2017-07-18 09:46:06
09:46:27,09:46:27,7.54,--,192,144768,卖盘,2017-07-18,2017-07-18 09:46:27
09:46:33,09:46:33,7.55,0.01,20,15100,买盘,2017-07-18,2017-07-18 09:46:33
09:46:36,09:46:36,7.55,--,4,3020,买盘,2017-07-18,2017-07-18 09:46:36
09:46:40,09:46:40,7.55,--,19,14345,买盘,2017-07-18,2017-07-18 09:46:40
09:46:43,09:46:43,7.56,0.01,4,3024,买盘,2017-07-18,2017-07-18 09:46:43
09:47:06,09:47:06,7.55,-0.01,611,461305,卖盘,2017-07-18,2017-07-18 09:47:06
09:47:10,09:47:10,7.56,0.01,10,7560,买盘,2017-07-18,2017-07-18 09:47:10
09:47:13,09:47:13,7.56,--,0,0,买盘,2017-07-18,2017-07-18 09:47:13
09:47:25,09:47:25,7.56,--,13,9828,买盘,2017-07-18,2017-07-18 09:47:25
09:47:37,09:47:37,7.56,--,5,3780,买盘,2017-07-18,2017-07-18 09:47:37
09:47:55,09:47:55,7.55,-0.01,11,8305,卖盘,2017-07-18,2017-07-18 09:47:55
09:48:10,09:48:10,7.56,0.01,10,7560,买盘,2017-07-18,2017-07-18 09:48:10
09:48:13,09:48:13,7.56,--,30,22680,买盘,2017-07-18,2017-07-18 09:48:13
09:48:16,09:48:16,7.56,--,10,7560,买盘,2017-07-18,2017-07-18 09:48:16
09:48:31,09:48:31,7.56,--,90,68040,买盘,2017-07-18,2017-07-18 09:48:31
09:48:43,09:48:43,7.58,0.02,3,2274,买盘,2017-07-18,2017-07-18 09:48:43
09:48:46,09:48:46,7.56,-0.02,32,24192,卖盘,2017-07-18,2017-07-18 09:48:46
09:48:52,09:48:52,7.56,--,0,0,卖盘,2017-07-18,2017-07-18 09:48:52
09:48:58,09:48:58,7.6,0.04,219,166440,买盘,2017-07-18,2017-07-18 09:48:58
09:49:04,09:49:04,7.6,--,0,0,买盘,2017-07-18,2017-07-18 09:49:04
09:49:10,09:49:10,7.57,-0.03,13,9841,卖盘,2017-07-18,2017-07-18 09:49:10
09:49:13,09:49:13,7.59,0.02,2,1518,买盘,2017-07-18,2017-07-18 09:49:13
09:49:19,09:49:19,7.59,--,3,2277,卖盘,2017-07-18,2017-07-18 09:49:19
09:49:25,09:49:25,7.59,--,0,0,中性盘,2017-07-18,2017-07-18 09:49:25
09:49:28,09:49:28,7.59,--,1,759,卖盘,2017-07-18,2017-07-18 09:49:28
09:49:31,09:49:31,7.59,--,4,3036,卖盘,2017-07-18,2017-07-18 09:49:31
09:49:34,09:49:34,7.59,--,1,759,卖盘,2017-07-18,2017-07-18 09:49:34
09:49:40,09:49:40,7.6,0.01,10,7600,买盘,2017-07-18,2017-07-18 09:49:40
09:49:49,09:49:49,7.6,--,0,0,买盘,2017-07-18,2017-07-18 09:49:49
09:49:52,09:49:52,7.59,-0.01,1,759,买盘,2017-07-18,2017-07-18 09:49:52
09:50:01,09:50:01,7.59,--,5,3795,买盘,2017-07-18,2017-07-18 09:50:01
09:50:16,09:50:16,7.59,--,10,7590,买盘,2017-07-18,2017-07-18 09:50:16
09:50:19,09:50:19,7.59,--,25,18975,买盘,2017-07-18,2017-07-18 09:50:19
09:50:22,09:50:22,7.59,--,1,759,买盘,2017-07-18,2017-07-18 09:50:22
09:50:37,09:50:37,7.59,--,60,45540,买盘,2017-07-18,2017-07-18 09:50:37
09:50:46,09:50:46,7.59,--,8,6072,买盘,2017-07-18,2017-07-18 09:50:46
09:50:49,09:50:49,7.59,--,1,759,买盘,2017-07-18,2017-07-18 09:50:49
09:50:52,09:50:52,7.59,--,3,2277,买盘,2017-07-18,2017-07-18 09:50:52
09:51:04,09:51:04,7.58,-0.01,31,23498,卖盘,2017-07-18,2017-07-18 09:51:04
09:51:07,09:51:07,7.58,--,1,758,买盘,2017-07-18,2017-07-18 09:51:07
09:51:16,09:51:16,7.58,--,50,37900,买盘,2017-07-18,2017-07-18 09:51:16
09:51:34,09:51:34,7.57,-0.01,25,18925,卖盘,2017-07-18,2017-07-18 09:51:34
09:51:37,09:51:37,7.58,0.01,12,9096,买盘,2017-07-18,2017-07-18 09:51:37
09:51:40,09:51:40,7.58,--,5,3790,买盘,2017-07-18,2017-07-18 09:51:40
09:51:43,09:51:43,7.58,--,10,7580,买盘,2017-07-18,2017-07-18 09:51:43
09:51:52,09:51:52,7.58,--,10,7580,买盘,2017-07-18,2017-07-18 09:51:52
09:51:55,09:51:55,7.58,--,20,15160,买盘,2017-07-18,2017-07-18 09:51:55
09:52:04,09:52:04,7.58,--,9,6822,买盘,2017-07-18,2017-07-18 09:52:04
09:52:10,09:52:10,7.58,--,40,30320,买盘,2017-07-18,2017-07-18 09:52:10
09:52:13,09:52:13,7.57,-0.01,186,140802,卖盘,2017-07-18,2017-07-18 09:52:13
09:52:19,09:52:19,7.57,--,3,2271,买盘,2017-07-18,2017-07-18 09:52:19
09:52:40,09:52:40,7.57,--,14,10598,买盘,2017-07-18,2017-07-18 09:52:40
09:52:43,09:52:43,7.56,-0.01,28,21168,卖盘,2017-07-18,2017-07-18 09:52:43
09:52:55,09:52:55,7.58,0.02,21,15918,买盘,2017-07-18,2017-07-18 09:52:55
09:53:07,09:53:07,7.58,--,10,7580,买盘,2017-07-18,2017-07-18 09:53:07
09:53:16,09:53:16,7.57,-0.01,60,45420,卖盘,2017-07-18,2017-07-18 09:53:16
09:53:28,09:53:28,7.58,0.01,1,758,买盘,2017-07-18,2017-07-18 09:53:28
09:53:37,09:53:37,7.58,--,38,28804,买盘,2017-07-18,2017-07-18 09:53:37
09:53:46,09:53:46,7.58,--,20,15160,买盘,2017-07-18,2017-07-18 09:53:46
09:53:49,09:53:49,7.57,-0.01,10,7570,卖盘,2017-07-18,2017-07-18 09:53:49
09:53:55,09:53:55,7.58,0.01,30,22740,买盘,2017-07-18,2017-07-18 09:53:55
09:54:01,09:54:01,7.58,--,55,41690,买盘,2017-07-18,2017-07-18 09:54:01
09:54:19,09:54:19,7.57,-0.01,197,149129,卖盘,2017-07-18,2017-07-18 09:54:19
09:54:25,09:54:25,7.57,--,0,0,中性盘,2017-07-18,2017-07-18 09:54:25
09:54:31,09:54:31,7.57,--,19,14383,卖盘,2017-07-18,2017-07-18 09:54:31
09:54:37,09:54:37,7.57,--,1,757,卖盘,2017-07-18,2017-07-18 09:54:37
09:54:43,09:54:43,7.57,--,2,1514,卖盘,2017-07-18,2017-07-18 09:54:43
09:54:49,09:54:49,7.58,0.01,40,30320,买盘,2017-07-18,2017-07-18 09:54:49
09:55:01,09:55:01,7.58,--,10,7580,买盘,2017-07-18,2017-07-18 09:55:01
09:55:04,09:55:04,7.57,-0.01,50,37850,卖盘,2017-07-18,2017-07-18 09:55:04
09:55:07,09:55:07,7.57,--,8,6056,卖盘,2017-07-18,2017-07-18 09:55:07
09:55:13,09:55:13,7.57,--,5,3785,卖盘,2017-07-18,2017-07-18 09:55:13
09:55:22,09:55:22,7.57,--,14,10598,卖盘,2017-07-18,2017-07-18 09:55:22
09:55:25,09:55:25,7.56,-0.01,40,30240,卖盘,2017-07-18,2017-07-18 09:55:25
09:55:31,09:55:31,7.57,0.01,1,757,买盘,2017-07-18,2017-07-18 09:55:31
09:55:34,09:55:34,7.56,-0.01,37,27972,卖盘,2017-07-18,2017-07-18 09:55:34
09:55:52,09:55:52,7.56,--,35,26460,卖盘,2017-07-18,2017-07-18 09:55:52
09:55:55,09:55:55,7.57,0.01,50,37850,买盘,2017-07-18,2017-07-18 09:55:55
09:55:58,09:55:58,7.56,-0.01,2,1512,卖盘,2017-07-18,2017-07-18 09:55:58
09:56:01,09:56:01,7.55,-0.01,638,481690,卖盘,2017-07-18,2017-07-18 09:56:01
09:56:04,09:56:04,7.55,--,10,7550,买盘,2017-07-18,2017-07-18 09:56:04
09:56:19,09:56:19,7.55,--,11,8305,买盘,2017-07-18,2017-07-18 09:56:19
09:56:22,09:56:22,7.54,-0.01,100,75400,卖盘,2017-07-18,2017-07-18 09:56:22
09:56:28,09:56:28,7.55,0.01,16,12080,买盘,2017-07-18,2017-07-18 09:56:28
09:56:31,09:56:31,7.55,--,6,4530,买盘,2017-07-18,2017-07-18 09:56:31
09:56:34,09:56:34,7.54,-0.01,78,58812,卖盘,2017-07-18,2017-07-18 09:56:34
09:56:37,09:56:37,7.55,0.01,10,7550,买盘,2017-07-18,2017-07-18 09:56:37
09:56:52,09:56:52,7.54,-0.01,5,3770,卖盘,2017-07-18,2017-07-18 09:56:52
09:57:04,09:57:04,7.55,0.01,620,468100,买盘,2017-07-18,2017-07-18 09:57:04
09:57:13,09:57:13,7.55,--,0,0,买盘,2017-07-18,2017-07-18 09:57:13
09:57:16,09:57:16,7.55,--,0,0,买盘,2017-07-18,2017-07-18 09:57:16
09:57:19,09:57:19,7.54,-0.01,15,11310,卖盘,2017-07-18,2017-07-18 09:57:19
09:57:22,09:57:22,7.55,0.01,13,9815,买盘,2017-07-18,2017-07-18 09:57:22
09:57:31,09:57:31,7.53,-0.02,9,6777,卖盘,2017-07-18,2017-07-18 09:57:31
09:57:34,09:57:34,7.53,--,0,0,卖盘,2017-07-18,2017-07-18 09:57:34
09:57:43,09:57:43,7.52,-0.01,60,45120,卖盘,2017-07-18,2017-07-18 09:57:43
09:57:52,09:57:52,7.52,--,0,0,卖盘,2017-07-18,2017-07-18 09:57:52
09:57:58,09:57:58,7.54,0.02,5,3770,买盘,2017-07-18,2017-07-18 09:57:58
09:58:01,09:58:01,7.53,-0.01,16,12048,卖盘,2017-07-18,2017-07-18 09:58:01
09:58:04,09:58:04,7.53,--,0,0,中性盘,2017-07-18,2017-07-18 09:58:04
09:58:13,09:58:13,7.53,--,1,753,卖盘,2017-07-18,2017-07-18 09:58:13
09:58:19,09:58:19,7.53,--,27,20331,卖盘,2017-07-18,2017-07-18 09:58:19
09:58:22,09:58:22,7.54,0.01,30,22620,买盘,2017-07-18,2017-07-18 09:58:22
09:58:25,09:58:25,7.54,--,15,11310,买盘,2017-07-18,2017-07-18 09:58:25
09:58:28,09:58:28,7.54,--,1,754,买盘,2017-07-18,2017-07-18 09:58:28
09:58:34,09:58:34,7.53,-0.01,21,15813,卖盘,2017-07-18,2017-07-18 09:58:34
09:58:37,09:58:37,7.54,0.01,6,4524,买盘,2017-07-18,2017-07-18 09:58:37
09:58:43,09:58:43,7.54,--,8,6032,买盘,2017-07-18,2017-07-18 09:58:43
09:58:46,09:58:46,7.54,--,5,3770,卖盘,2017-07-18,2017-07-18 09:58:46
09:59:04,09:59:04,7.54,--,19,14326,卖盘,2017-07-18,2017-07-18 09:59:04
09:59:10,09:59:10,7.54,--,20,15080,卖盘,2017-07-18,2017-07-18 09:59:10
09:59:13,09:59:13,7.54,--,70,52780,买盘,2017-07-18,2017-07-18 09:59:13
09:59:19,09:59:19,7.54,--,10,7540,买盘,2017-07-18,2017-07-18 09:59:19
09:59:28,09:59:28,7.54,--,11,8294,买盘,2017-07-18,2017-07-18 09:59:28
09:59:31,09:59:31,7.54,--,20,15080,卖盘,2017-07-18,2017-07-18 09:59:31
09:59:55,09:59:55,7.55,0.01,20,15100,买盘,2017-07-18,2017-07-18 09:59:55
10:00:01,10:00:01,7.54,-0.01,117,88218,卖盘,2017-07-18,2017-07-18 10:00:01
10:00:07,10:00:07,7.54,--,122,91988,卖盘,2017-07-18,2017-07-18 10:00:07
10:00:10,10:00:10,7.55,0.01,5,3775,买盘,2017-07-18,2017-07-18 10:00:10
10:00:19,10:00:19,7.55,--,19,14345,买盘,2017-07-18,2017-07-18 10:00:19
10:00:22,10:00:22,7.55,--,50,37750,买盘,2017-07-18,2017-07-18 10:00:22
10:00:25,10:00:25,7.55,--,11,8305,买盘,2017-07-18,2017-07-18 10:00:25
10:00:31,10:00:31,7.54,-0.01,8,6032,卖盘,2017-07-18,2017-07-18 10:00:31
10:00:34,10:00:34,7.55,0.01,30,22650,买盘,2017-07-18,2017-07-18 10:00:34
10:00:40,10:00:40,7.55,--,59,44545,买盘,2017-07-18,2017-07-18 10:00:40
10:00:43,10:00:43,7.55,--,17,12835,买盘,2017-07-18,2017-07-18 10:00:43
10:00:46,10:00:46,7.55,--,7,5285,买盘,2017-07-18,2017-07-18 10:00:46
10:00:55,10:00:55,7.54,-0.01,190,143260,卖盘,2017-07-18,2017-07-18 10:00:55
10:00:58,10:00:58,7.55,0.01,30,22650,中性盘,2017-07-18,2017-07-18 10:00:58
10:01:01,10:01:01,7.55,--,2,1510,买盘,2017-07-18,2017-07-18 10:01:01
10:01:07,10:01:07,7.55,--,1,755,买盘,2017-07-18,2017-07-18 10:01:07
10:01:16,10:01:16,7.55,--,42,31710,买盘,2017-07-18,2017-07-18 10:01:16
10:01:22,10:01:22,7.55,--,13,9815,买盘,2017-07-18,2017-07-18 10:01:22
10:01:31,10:01:31,7.55,--,14,10570,买盘,2017-07-18,2017-07-18 10:01:31
10:02:04,10:02:04,7.56,0.01,13,9828,买盘,2017-07-18,2017-07-18 10:02:04
10:02:16,10:02:16,7.56,--,2,1512,买盘,2017-07-18,2017-07-18 10:02:16
10:02:25,10:02:25,7.56,--,45,34020,买盘,2017-07-18,2017-07-18 10:02:25
10:02:28,10:02:28,7.56,--,8,6048,卖盘,2017-07-18,2017-07-18 10:02:28
10:02:52,10:02:52,7.56,--,122,92232,买盘,2017-07-18,2017-07-18 10:02:52
10:03:04,10:03:04,7.57,0.01,1,757,买盘,2017-07-18,2017-07-18 10:03:04
10:03:07,10:03:07,7.56,-0.01,5,3780,卖盘,2017-07-18,2017-07-18 10:03:07
10:03:16,10:03:16,7.56,--,20,15120,卖盘,2017-07-18,2017-07-18 10:03:16
10:03:22,10:03:22,7.56,--,60,45360,卖盘,2017-07-18,2017-07-18 10:03:22
10:03:37,10:03:37,7.56,--,26,19656,买盘,2017-07-18,2017-07-18 10:03:37
10:03:52,10:03:52,7.56,--,25,18900,买盘,2017-07-18,2017-07-18 10:03:52
10:03:55,10:03:55,7.56,--,20,15120,卖盘,2017-07-18,2017-07-18 10:03:55
10:04:01,10:04:01,7.57,0.01,22,16654,买盘,2017-07-18,2017-07-18 10:04:01
10:04:16,10:04:16,7.54,-0.03,206,155324,卖盘,2017-07-18,2017-07-18 10:04:16
10:04:30,10:04:30,7.55,0.01,10,7550,买盘,2017-07-18,2017-07-18 10:04:30
10:04:48,10:04:48,7.55,--,80,60400,买盘,2017-07-18,2017-07-18 10:04:48
10:04:55,10:04:55,7.55,--,5,3775,买盘,2017-07-18,2017-07-18 10:04:55
10:05:00,10:05:00,7.55,--,15,11325,买盘,2017-07-18,2017-07-18 10:05:00
10:05:03,10:05:03,7.55,--,23,17365,买盘,2017-07-18,2017-07-18 10:05:03
10:05:06,10:05:06,7.52,-0.03,861,647472,卖盘,2017-07-18,2017-07-18 10:05:06
10:05:12,10:05:12,7.52,--,6,4512,买盘,2017-07-18,2017-07-18 10:05:12
10:05:15,10:05:15,7.52,--,2,1504,买盘,2017-07-18,2017-07-18 10:05:15
10:05:18,10:05:18,7.52,--,30,22560,买盘,2017-07-18,2017-07-18 10:05:18
10:05:24,10:05:24,7.52,--,101,75952,买盘,2017-07-18,2017-07-18 10:05:24
10:05:51,10:05:51,7.52,--,1,752,卖盘,2017-07-18,2017-07-18 10:05:51
10:05:54,10:05:54,7.52,--,5,3760,卖盘,2017-07-18,2017-07-18 10:05:54
10:06:00,10:06:00,7.52,--,0,0,卖盘,2017-07-18,2017-07-18 10:06:00
10:06:03,10:06:03,7.56,0.04,5,3780,买盘,2017-07-18,2017-07-18 10:06:03
10:06:06,10:06:06,7.52,-0.04,186,139872,卖盘,2017-07-18,2017-07-18 10:06:06
10:06:18,10:06:18,7.52,--,3,2256,买盘,2017-07-18,2017-07-18 10:06:18
10:06:21,10:06:21,7.52,--,77,57904,买盘,2017-07-18,2017-07-18 10:06:21
10:06:24,10:06:24,7.52,--,0,0,卖盘,2017-07-18,2017-07-18 10:06:24
10:06:36,10:06:36,7.52,--,4,3008,卖盘,2017-07-18,2017-07-18 10:06:36
10:06:39,10:06:39,7.53,0.01,85,64005,买盘,2017-07-18,2017-07-18 10:06:39
10:06:42,10:06:42,7.53,--,0,0,卖盘,2017-07-18,2017-07-18 10:06:42
10:06:54,10:06:54,7.53,--,3,2259,卖盘,2017-07-18,2017-07-18 10:06:54
10:07:03,10:07:03,7.53,--,0,0,卖盘,2017-07-18,2017-07-18 10:07:03
10:07:06,10:07:06,7.54,0.01,10,7540,买盘,2017-07-18,2017-07-18 10:07:06
10:07:19,10:07:19,7.53,-0.01,10,7530,卖盘,2017-07-18,2017-07-18 10:07:19
10:07:22,10:07:22,7.55,0.02,19,14345,买盘,2017-07-18,2017-07-18 10:07:22
10:07:25,10:07:25,7.55,--,43,32465,买盘,2017-07-18,2017-07-18 10:07:25
10:07:31,10:07:31,7.55,--,101,76255,卖盘,2017-07-18,2017-07-18 10:07:31
10:07:34,10:07:34,7.55,--,1,755,卖盘,2017-07-18,2017-07-18 10:07:34
10:07:40,10:07:40,7.55,--,41,30955,卖盘,2017-07-18,2017-07-18 10:07:40
10:07:49,10:07:49,7.55,--,70,52850,卖盘,2017-07-18,2017-07-18 10:07:49
10:07:52,10:07:52,7.55,--,41,30955,卖盘,2017-07-18,2017-07-18 10:07:52
10:07:55,10:07:55,7.55,--,199,150245,卖盘,2017-07-18,2017-07-18 10:07:55
10:08:07,10:08:07,7.55,--,126,95130,卖盘,2017-07-18,2017-07-18 10:08:07
10:08:10,10:08:10,7.55,--,250,188750,买盘,2017-07-18,2017-07-18 10:08:10
10:08:16,10:08:16,7.55,--,60,45300,卖盘,2017-07-18,2017-07-18 10:08:16
10:08:22,10:08:22,7.53,-0.02,238,179214,卖盘,2017-07-18,2017-07-18 10:08:22
10:08:25,10:08:25,7.53,--,26,19578,买盘,2017-07-18,2017-07-18 10:08:25
10:08:34,10:08:34,7.53,--,21,15813,买盘,2017-07-18,2017-07-18 10:08:34
10:08:37,10:08:37,7.53,--,30,22590,买盘,2017-07-18,2017-07-18 10:08:37
10:08:43,10:08:43,7.52,-0.01,330,248160,卖盘,2017-07-18,2017-07-18 10:08:43
10:09:10,10:09:10,7.52,--,20,15040,卖盘,2017-07-18,2017-07-18 10:09:10
10:09:13,10:09:13,7.52,--,20,15040,卖盘,2017-07-18,2017-07-18 10:09:13
10:09:22,10:09:22,7.53,0.01,105,79065,买盘,2017-07-18,2017-07-18 10:09:22
10:09:37,10:09:37,7.53,--,26,19578,买盘,2017-07-18,2017-07-18 10:09:37
10:09:40,10:09:40,7.53,--,10,7530,买盘,2017-07-18,2017-07-18 10:09:40
10:09:46,10:09:46,7.52,-0.01,87,65423,卖盘,2017-07-18,2017-07-18 10:09:46
10:09:52,10:09:52,7.53,0.01,36,27108,买盘,2017-07-18,2017-07-18 10:09:52
10:09:55,10:09:55,7.52,-0.01,6,4512,卖盘,2017-07-18,2017-07-18 10:09:55
10:09:58,10:09:58,7.53,0.01,30,22590,买盘,2017-07-18,2017-07-18 10:09:58
10:10:01,10:10:01,7.52,-0.01,201,151152,卖盘,2017-07-18,2017-07-18 10:10:01
10:10:04,10:10:04,7.52,--,7,5264,卖盘,2017-07-18,2017-07-18 10:10:04
10:10:07,10:10:07,7.52,--,5,3760,卖盘,2017-07-18,2017-07-18 10:10:07
10:10:10,10:10:10,7.53,0.01,10,7530,买盘,2017-07-18,2017-07-18 10:10:10
10:10:16,10:10:16,7.52,-0.01,2,1504,卖盘,2017-07-18,2017-07-18 10:10:16
10:10:19,10:10:19,7.52,--,200,150400,卖盘,2017-07-18,2017-07-18 10:10:19
10:10:28,10:10:28,7.52,--,13,9776,卖盘,2017-07-18,2017-07-18 10:10:28
10:10:31,10:10:31,7.51,-0.01,996,747996,卖盘,2017-07-18,2017-07-18 10:10:31
10:10:34,10:10:34,7.51,--,14,10514,买盘,2017-07-18,2017-07-18 10:10:34
10:10:43,10:10:43,7.51,--,1,751,买盘,2017-07-18,2017-07-18 10:10:43
10:10:46,10:10:46,7.51,--,3,2253,买盘,2017-07-18,2017-07-18 10:10:46
10:10:49,10:10:49,7.5,-0.01,7,5250,卖盘,2017-07-18,2017-07-18 10:10:49
10:10:52,10:10:52,7.5,--,616,462000,卖盘,2017-07-18,2017-07-18 10:10:52
10:10:55,10:10:55,7.5,--,10,7500,卖盘,2017-07-18,2017-07-18 10:10:55
10:10:58,10:10:58,7.5,--,208,156000,卖盘,2017-07-18,2017-07-18 10:10:58
10:11:01,10:11:01,7.5,--,0,0,卖盘,2017-07-18,2017-07-18 10:11:01
10:11:04,10:11:04,7.5,--,40,30000,卖盘,2017-07-18,2017-07-18 10:11:04
10:11:07,10:11:07,7.51,0.01,10,7510,中性盘,2017-07-18,2017-07-18 10:11:07
10:11:10,10:11:10,7.52,0.01,10,7520,买盘,2017-07-18,2017-07-18 10:11:10
10:11:13,10:11:13,7.52,--,1,752,卖盘,2017-07-18,2017-07-18 10:11:13
10:11:16,10:11:16,7.51,-0.01,7,5257,卖盘,2017-07-18,2017-07-18 10:11:16
10:11:31,10:11:31,7.51,--,3,2253,卖盘,2017-07-18,2017-07-18 10:11:31
10:11:37,10:11:37,7.51,--,43,32293,卖盘,2017-07-18,2017-07-18 10:11:37
10:11:49,10:11:49,7.51,--,1,751,买盘,2017-07-18,2017-07-18 10:11:49
10:11:52,10:11:52,7.5,-0.01,10,7500,卖盘,2017-07-18,2017-07-18 10:11:52
10:12:01,10:12:01,7.51,0.01,62,46562,买盘,2017-07-18,2017-07-18 10:12:01
10:12:04,10:12:04,7.51,--,14,10514,买盘,2017-07-18,2017-07-18 10:12:04
10:12:40,10:12:40,7.51,--,20,15020,卖盘,2017-07-18,2017-07-18 10:12:40
10:12:49,10:12:49,7.52,0.01,1,752,买盘,2017-07-18,2017-07-18 10:12:49
10:12:55,10:12:55,7.52,--,10,7520,买盘,2017-07-18,2017-07-18 10:12:55
10:12:58,10:12:58,7.52,--,5,3760,买盘,2017-07-18,2017-07-18 10:12:58
10:13:04,10:13:04,7.52,--,4,3008,买盘,2017-07-18,2017-07-18 10:13:04
10:13:22,10:13:22,7.52,--,5,3760,买盘,2017-07-18,2017-07-18 10:13:22
10:13:25,10:13:25,7.52,--,50,37600,买盘,2017-07-18,2017-07-18 10:13:25
10:13:34,10:13:34,7.51,-0.01,10,7510,卖盘,2017-07-18,2017-07-18 10:13:34
10:13:37,10:13:37,7.51,--,39,29289,卖盘,2017-07-18,2017-07-18 10:13:37
10:13:40,10:13:40,7.52,0.01,10,7520,买盘,2017-07-18,2017-07-18 10:13:40
10:13:46,10:13:46,7.51,-0.01,62,46562,卖盘,2017-07-18,2017-07-18 10:13:46
10:13:52,10:13:52,7.51,--,0,0,卖盘,2017-07-18,2017-07-18 10:13:52
10:14:07,10:14:07,7.52,0.01,35,26320,卖盘,2017-07-18,2017-07-18 10:14:07
10:14:19,10:14:19,7.52,--,5,3760,买盘,2017-07-18,2017-07-18 10:14:19
10:14:22,10:14:22,7.52,--,100,75200,买盘,2017-07-18,2017-07-18 10:14:22
10:14:34,10:14:34,7.52,--,7,5264,买盘,2017-07-18,2017-07-18 10:14:34
10:14:37,10:14:37,7.51,-0.01,30,22530,卖盘,2017-07-18,2017-07-18 10:14:37
10:14:52,10:14:52,7.52,0.01,3,2256,买盘,2017-07-18,2017-07-18 10:14:52
10:15:01,10:15:01,7.52,--,3,2256,卖盘,2017-07-18,2017-07-18 10:15:01
10:15:07,10:15:07,7.52,--,7,5264,卖盘,2017-07-18,2017-07-18 10:15:07
10:15:13,10:15:13,7.51,-0.01,230,172730,卖盘,2017-07-18,2017-07-18 10:15:13
10:15:16,10:15:16,7.52,0.01,1,752,卖盘,2017-07-18,2017-07-18 10:15:16
10:15:22,10:15:22,7.52,--,10,7520,中性盘,2017-07-18,2017-07-18 10:15:22
10:15:49,10:15:49,7.52,--,10,7520,买盘,2017-07-18,2017-07-18 10:15:49
10:15:52,10:15:52,7.52,--,39,29328,买盘,2017-07-18,2017-07-18 10:15:52
10:16:04,10:16:04,7.52,--,1,752,买盘,2017-07-18,2017-07-18 10:16:04
10:16:10,10:16:10,7.52,--,5,3760,买盘,2017-07-18,2017-07-18 10:16:10
10:16:25,10:16:25,7.51,-0.01,109,81859,卖盘,2017-07-18,2017-07-18 10:16:25
10:16:31,10:16:31,7.51,--,9,6759,卖盘,2017-07-18,2017-07-18 10:16:31
10:16:34,10:16:34,7.52,0.01,5,3760,买盘,2017-07-18,2017-07-18 10:16:34
10:16:46,10:16:46,7.51,-0.01,30,22530,卖盘,2017-07-18,2017-07-18 10:16:46
10:16:49,10:16:49,7.51,--,20,15020,卖盘,2017-07-18,2017-07-18 10:16:49
10:16:52,10:16:52,7.51,--,18,13518,卖盘,2017-07-18,2017-07-18 10:16:52
10:16:58,10:16:58,7.52,0.01,10,7520,买盘,2017-07-18,2017-07-18 10:16:58
10:17:01,10:17:01,7.52,--,82,61664,买盘,2017-07-18,2017-07-18 10:17:01
10:17:07,10:17:07,7.51,-0.01,70,52570,卖盘,2017-07-18,2017-07-18 10:17:07
10:17:19,10:17:19,7.52,0.01,2,1504,买盘,2017-07-18,2017-07-18 10:17:19
10:17:31,10:17:31,7.51,-0.01,80,60080,卖盘,2017-07-18,2017-07-18 10:17:31
10:17:46,10:17:46,7.51,--,5,3755,卖盘,2017-07-18,2017-07-18 10:17:46
10:17:52,10:17:52,7.52,0.01,200,150400,买盘,2017-07-18,2017-07-18 10:17:52
10:18:01,10:18:01,7.51,-0.01,58,43558,卖盘,2017-07-18,2017-07-18 10:18:01
10:18:04,10:18:04,7.52,0.01,1,752,买盘,2017-07-18,2017-07-18 10:18:04
10:18:13,10:18:13,7.52,--,1,752,买盘,2017-07-18,2017-07-18 10:18:13
10:18:16,10:18:16,7.51,-0.01,34,25534,卖盘,2017-07-18,2017-07-18 10:18:16
10:18:34,10:18:34,7.51,--,5,3755,卖盘,2017-07-18,2017-07-18 10:18:34
10:18:37,10:18:37,7.52,0.01,21,15792,买盘,2017-07-18,2017-07-18 10:18:37
10:18:40,10:18:40,7.51,-0.01,80,60080,卖盘,2017-07-18,2017-07-18 10:18:40
10:18:52,10:18:52,7.51,--,20,15020,卖盘,2017-07-18,2017-07-18 10:18:52
10:18:55,10:18:55,7.51,--,30,22530,卖盘,2017-07-18,2017-07-18 10:18:55
10:19:25,10:19:25,7.51,--,14,10514,卖盘,2017-07-18,2017-07-18 10:19:25
10:19:28,10:19:28,7.51,--,100,75100,卖盘,2017-07-18,2017-07-18 10:19:28
10:19:34,10:19:34,7.52,0.01,20,15040,买盘,2017-07-18,2017-07-18 10:19:34
10:19:46,10:19:46,7.51,-0.01,7,5257,卖盘,2017-07-18,2017-07-18 10:19:46
10:19:58,10:19:58,7.51,--,1,751,买盘,2017-07-18,2017-07-18 10:19:58
10:20:19,10:20:19,7.51,--,16,12016,买盘,2017-07-18,2017-07-18 10:20:19
10:20:22,10:20:22,7.51,--,23,17273,买盘,2017-07-18,2017-07-18 10:20:22
10:20:25,10:20:25,7.5,-0.01,20,15000,卖盘,2017-07-18,2017-07-18 10:20:25
10:20:28,10:20:28,7.5,--,38,28500,卖盘,2017-07-18,2017-07-18 10:20:28
10:20:31,10:20:31,7.5,--,20,15000,卖盘,2017-07-18,2017-07-18 10:20:31
10:20:40,10:20:40,7.5,--,160,120000,卖盘,2017-07-18,2017-07-18 10:20:40
10:20:43,10:20:43,7.5,--,7,5250,卖盘,2017-07-18,2017-07-18 10:20:43
10:20:49,10:20:49,7.5,--,6,4500,卖盘,2017-07-18,2017-07-18 10:20:49
10:20:55,10:20:55,7.51,0.01,14,10514,买盘,2017-07-18,2017-07-18 10:20:55
10:20:58,10:20:58,7.5,-0.01,203,152250,卖盘,2017-07-18,2017-07-18 10:20:58
10:21:04,10:21:04,7.51,0.01,130,97630,买盘,2017-07-18,2017-07-18 10:21:04
10:21:07,10:21:07,7.5,-0.01,300,225000,卖盘,2017-07-18,2017-07-18 10:21:07
10:21:10,10:21:10,7.5,--,10,7500,卖盘,2017-07-18,2017-07-18 10:21:10
10:21:13,10:21:13,7.5,--,89,66750,卖盘,2017-07-18,2017-07-18 10:21:13
10:21:16,10:21:16,7.5,--,12,9000,买盘,2017-07-18,2017-07-18 10:21:16
10:21:34,10:21:34,7.5,--,2,1500,买盘,2017-07-18,2017-07-18 10:21:34
10:21:40,10:21:40,7.5,--,21,15750,买盘,2017-07-18,2017-07-18 10:21:40
10:21:43,10:21:43,7.5,--,17,12750,买盘,2017-07-18,2017-07-18 10:21:43
10:21:46,10:21:46,7.5,--,1,750,买盘,2017-07-18,2017-07-18 10:21:46
10:21:49,10:21:49,7.49,-0.01,27,20223,卖盘,2017-07-18,2017-07-18 10:21:49
10:21:55,10:21:55,7.49,--,36,26964,卖盘,2017-07-18,2017-07-18 10:21:55
10:21:58,10:21:58,7.49,--,102,76398,卖盘,2017-07-18,2017-07-18 10:21:58
10:22:01,10:22:01,7.49,--,87,65163,卖盘,2017-07-18,2017-07-18 10:22:01
10:22:04,10:22:04,7.5,0.01,110,82500,买盘,2017-07-18,2017-07-18 10:22:04
10:22:10,10:22:10,7.49,-0.01,7,5243,买盘,2017-07-18,2017-07-18 10:22:10
10:22:13,10:22:13,7.48,-0.01,30,22440,卖盘,2017-07-18,2017-07-18 10:22:13
10:22:22,10:22:22,7.49,0.01,100,74900,买盘,2017-07-18,2017-07-18 10:22:22
10:22:25,10:22:25,7.49,--,50,37450,买盘,2017-07-18,2017-07-18 10:22:25
10:22:28,10:22:28,7.49,--,9,6741,买盘,2017-07-18,2017-07-18 10:22:28
10:22:31,10:22:31,7.49,--,5,3745,买盘,2017-07-18,2017-07-18 10:22:31
10:22:37,10:22:37,7.49,--,13,9737,买盘,2017-07-18,2017-07-18 10:22:37
10:22:45,10:22:45,7.48,-0.01,2,1496,卖盘,2017-07-18,2017-07-18 10:22:45
10:22:48,10:22:48,7.48,--,18,13464,卖盘,2017-07-18,2017-07-18 10:22:48
10:22:51,10:22:51,7.48,--,70,52360,卖盘,2017-07-18,2017-07-18 10:22:51
10:22:54,10:22:54,7.49,0.01,1,749,买盘,2017-07-18,2017-07-18 10:22:54
10:22:57,10:22:57,7.48,-0.01,23,17204,卖盘,2017-07-18,2017-07-18 10:22:57
10:23:00,10:23:00,7.48,--,4,2992,卖盘,2017-07-18,2017-07-18 10:23:00
10:23:03,10:23:03,7.48,--,172,128656,卖盘,2017-07-18,2017-07-18 10:23:03
10:23:06,10:23:06,7.48,--,12,8976,买盘,2017-07-18,2017-07-18 10:23:06
10:23:09,10:23:09,7.48,--,4,2992,买盘,2017-07-18,2017-07-18 10:23:09
10:23:12,10:23:12,7.48,--,15,11220,买盘,2017-07-18,2017-07-18 10:23:12
10:23:18,10:23:18,7.48,--,2,1496,买盘,2017-07-18,2017-07-18 10:23:18
10:23:21,10:23:21,7.48,--,7,5236,买盘,2017-07-18,2017-07-18 10:23:21
10:23:24,10:23:24,7.48,--,20,14960,买盘,2017-07-18,2017-07-18 10:23:24
10:23:27,10:23:27,7.48,--,50,37400,买盘,2017-07-18,2017-07-18 10:23:27
10:23:30,10:23:30,7.48,--,150,112200,卖盘,2017-07-18,2017-07-18 10:23:30
10:23:33,10:23:33,7.48,--,11,8228,卖盘,2017-07-18,2017-07-18 10:23:33
10:23:39,10:23:39,7.48,--,39,29172,卖盘,2017-07-18,2017-07-18 10:23:39
10:23:48,10:23:48,7.47,-0.01,100,74700,卖盘,2017-07-18,2017-07-18 10:23:48
10:23:51,10:23:51,7.48,0.01,10,7480,卖盘,2017-07-18,2017-07-18 10:23:51
10:23:57,10:23:57,7.49,0.01,90,67410,买盘,2017-07-18,2017-07-18 10:23:57
10:24:03,10:24:03,7.49,--,3,2247,买盘,2017-07-18,2017-07-18 10:24:03
10:24:06,10:24:06,7.48,-0.01,8,5984,卖盘,2017-07-18,2017-07-18 10:24:06
10:24:09,10:24:09,7.49,0.01,4,2996,买盘,2017-07-18,2017-07-18 10:24:09
10:24:12,10:24:12,7.49,--,50,37450,买盘,2017-07-18,2017-07-18 10:24:12
10:24:21,10:24:21,7.48,-0.01,301,225148,卖盘,2017-07-18,2017-07-18 10:24:21
10:24:24,10:24:24,7.48,--,14,10472,卖盘,2017-07-18,2017-07-18 10:24:24
10:24:27,10:24:27,7.48,--,13,9724,卖盘,2017-07-18,2017-07-18 10:24:27
10:24:36,10:24:36,7.48,--,1,748,买盘,2017-07-18,2017-07-18 10:24:36
10:24:42,10:24:42,7.48,--,16,11968,买盘,2017-07-18,2017-07-18 10:24:42
10:24:49,10:24:49,7.48,--,5,3740,买盘,2017-07-18,2017-07-18 10:24:49
10:24:51,10:24:51,7.48,--,7,5236,卖盘,2017-07-18,2017-07-18 10:24:51
10:25:03,10:25:03,7.48,--,44,32912,卖盘,2017-07-18,2017-07-18 10:25:03
10:25:09,10:25:09,7.49,0.01,100,74900,买盘,2017-07-18,2017-07-18 10:25:09
10:25:13,10:25:13,7.49,--,0,0,买盘,2017-07-18,2017-07-18 10:25:13
10:25:18,10:25:18,7.47,-0.02,114,85158,卖盘,2017-07-18,2017-07-18 10:25:18
10:25:22,10:25:22,7.47,--,27,20169,买盘,2017-07-18,2017-07-18 10:25:22
10:25:25,10:25:25,7.47,--,5,3735,买盘,2017-07-18,2017-07-18 10:25:25
10:25:28,10:25:28,7.47,--,54,40338,买盘,2017-07-18,2017-07-18 10:25:28
10:25:34,10:25:34,7.47,--,0,0,中性盘,2017-07-18,2017-07-18 10:25:34
10:25:37,10:25:37,7.47,--,20,14940,卖盘,2017-07-18,2017-07-18 10:25:37
10:25:49,10:25:49,7.45,-0.02,900,670500,卖盘,2017-07-18,2017-07-18 10:25:49
10:25:52,10:25:52,7.45,--,0,0,卖盘,2017-07-18,2017-07-18 10:25:52
10:25:58,10:25:58,7.47,0.02,1,747,买盘,2017-07-18,2017-07-18 10:25:58
10:26:07,10:26:07,7.46,-0.01,20,14920,卖盘,2017-07-18,2017-07-18 10:26:07
10:26:22,10:26:22,7.46,--,10,7460,卖盘,2017-07-18,2017-07-18 10:26:22
10:26:25,10:26:25,7.47,0.01,15,11205,买盘,2017-07-18,2017-07-18 10:26:25
10:26:28,10:26:28,7.47,--,5,3735,买盘,2017-07-18,2017-07-18 10:26:28
10:26:34,10:26:34,7.47,--,20,14940,买盘,2017-07-18,2017-07-18 10:26:34
10:26:46,10:26:46,7.47,--,34,25398,卖盘,2017-07-18,2017-07-18 10:26:46
10:26:52,10:26:52,7.48,0.01,1,748,买盘,2017-07-18,2017-07-18 10:26:52
10:26:55,10:26:55,7.48,--,340,254320,买盘,2017-07-18,2017-07-18 10:26:55
10:26:58,10:26:58,7.48,--,0,0,买盘,2017-07-18,2017-07-18 10:26:58
10:27:04,10:27:04,7.47,-0.01,27,20169,卖盘,2017-07-18,2017-07-18 10:27:04
10:27:07,10:27:07,7.48,0.01,31,23188,买盘,2017-07-18,2017-07-18 10:27:07
10:27:13,10:27:13,7.47,-0.01,14,10458,卖盘,2017-07-18,2017-07-18 10:27:13
10:27:22,10:27:22,7.47,--,5,3735,卖盘,2017-07-18,2017-07-18 10:27:22
10:27:37,10:27:37,7.47,--,22,16434,卖盘,2017-07-18,2017-07-18 10:27:37
10:27:43,10:27:43,7.47,--,4,2988,卖盘,2017-07-18,2017-07-18 10:27:43
10:27:46,10:27:46,7.47,--,14,10458,卖盘,2017-07-18,2017-07-18 10:27:46
10:27:55,10:27:55,7.48,0.01,5,3740,买盘,2017-07-18,2017-07-18 10:27:55
10:27:58,10:27:58,7.47,-0.01,12,8964,卖盘,2017-07-18,2017-07-18 10:27:58
10:28:07,10:28:07,7.47,--,10,7470,买盘,2017-07-18,2017-07-18 10:28:07
10:28:10,10:28:10,7.46,-0.01,9,6714,卖盘,2017-07-18,2017-07-18 10:28:10
10:28:16,10:28:16,7.47,0.01,5,3735,买盘,2017-07-18,2017-07-18 10:28:16
10:28:19,10:28:19,7.47,--,1,747,买盘,2017-07-18,2017-07-18 10:28:19
10:28:22,10:28:22,7.46,-0.01,25,18650,卖盘,2017-07-18,2017-07-18 10:28:22
10:28:25,10:28:25,7.46,--,1,746,卖盘,2017-07-18,2017-07-18 10:28:25
10:28:31,10:28:31,7.47,0.01,2,1494,买盘,2017-07-18,2017-07-18 10:28:31
10:28:34,10:28:34,7.46,-0.01,11,8206,卖盘,2017-07-18,2017-07-18 10:28:34
10:28:37,10:28:37,7.47,0.01,2,1494,买盘,2017-07-18,2017-07-18 10:28:37
10:28:49,10:28:49,7.47,--,21,15687,买盘,2017-07-18,2017-07-18 10:28:49
10:28:55,10:28:55,7.47,--,1,747,买盘,2017-07-18,2017-07-18 10:28:55
10:28:58,10:28:58,7.47,--,40,29880,买盘,2017-07-18,2017-07-18 10:28:58
10:29:01,10:29:01,7.47,--,4,2988,买盘,2017-07-18,2017-07-18 10:29:01
10:29:07,10:29:07,7.47,--,0,0,中性盘,2017-07-18,2017-07-18 10:29:07
10:29:13,10:29:13,7.47,--,10,7470,卖盘,2017-07-18,2017-07-18 10:29:13
10:29:28,10:29:28,7.47,--,5,3735,卖盘,2017-07-18,2017-07-18 10:29:28
10:29:31,10:29:31,7.48,0.01,3,2244,买盘,2017-07-18,2017-07-18 10:29:31
10:29:37,10:29:37,7.48,--,35,26180,买盘,2017-07-18,2017-07-18 10:29:37
10:29:43,10:29:43,7.47,-0.01,20,14940,卖盘,2017-07-18,2017-07-18 10:29:43
10:29:52,10:29:52,7.48,0.01,1,748,买盘,2017-07-18,2017-07-18 10:29:52
10:30:04,10:30:04,7.47,-0.01,40,29880,卖盘,2017-07-18,2017-07-18 10:30:04
10:30:07,10:30:07,7.48,0.01,16,11968,买盘,2017-07-18,2017-07-18 10:30:07
10:30:16,10:30:16,7.48,--,80,59840,买盘,2017-07-18,2017-07-18 10:30:16
10:30:19,10:30:19,7.48,--,34,25432,买盘,2017-07-18,2017-07-18 10:30:19
10:30:28,10:30:28,7.48,--,15,11220,买盘,2017-07-18,2017-07-18 10:30:28
10:30:31,10:30:31,7.48,--,4,2992,买盘,2017-07-18,2017-07-18 10:30:31
10:30:34,10:30:34,7.48,--,29,21692,买盘,2017-07-18,2017-07-18 10:30:34
10:30:40,10:30:40,7.47,-0.01,31,23157,卖盘,2017-07-18,2017-07-18 10:30:40
10:30:43,10:30:43,7.48,0.01,11,8228,买盘,2017-07-18,2017-07-18 10:30:43
10:31:04,10:31:04,7.48,--,105,78540,卖盘,2017-07-18,2017-07-18 10:31:04
10:31:10,10:31:10,7.49,0.01,10,7490,买盘,2017-07-18,2017-07-18 10:31:10
10:31:22,10:31:22,7.5,0.01,20,15000,买盘,2017-07-18,2017-07-18 10:31:22
10:31:25,10:31:25,7.48,-0.02,130,97240,卖盘,2017-07-18,2017-07-18 10:31:25
10:31:37,10:31:37,7.48,--,45,33660,买盘,2017-07-18,2017-07-18 10:31:37
10:31:43,10:31:43,7.48,--,5,3740,买盘,2017-07-18,2017-07-18 10:31:43
10:31:46,10:31:46,7.48,--,5,3740,买盘,2017-07-18,2017-07-18 10:31:46
10:31:52,10:31:52,7.48,--,16,11968,买盘,2017-07-18,2017-07-18 10:31:52
10:31:55,10:31:55,7.48,--,33,24684,买盘,2017-07-18,2017-07-18 10:31:55
10:32:01,10:32:01,7.48,--,120,89760,买盘,2017-07-18,2017-07-18 10:32:01
10:32:04,10:32:04,7.48,--,44,32912,买盘,2017-07-18,2017-07-18 10:32:04
10:32:07,10:32:07,7.48,--,38,28424,买盘,2017-07-18,2017-07-18 10:32:07
10:32:10,10:32:10,7.48,--,10,7480,买盘,2017-07-18,2017-07-18 10:32:10
10:32:16,10:32:16,7.48,--,1,748,买盘,2017-07-18,2017-07-18 10:32:16
10:32:25,10:32:25,7.48,--,17,12716,买盘,2017-07-18,2017-07-18 10:32:25
10:32:31,10:32:31,7.48,--,74,55352,买盘,2017-07-18,2017-07-18 10:32:31
10:32:34,10:32:34,7.47,-0.01,29,21663,卖盘,2017-07-18,2017-07-18 10:32:34
10:32:40,10:32:40,7.47,--,1,747,卖盘,2017-07-18,2017-07-18 10:32:40
10:32:43,10:32:43,7.45,-0.02,863,642935,卖盘,2017-07-18,2017-07-18 10:32:43
10:32:46,10:32:46,7.45,--,25,18625,买盘,2017-07-18,2017-07-18 10:32:46
10:33:04,10:33:04,7.48,0.03,30,22440,买盘,2017-07-18,2017-07-18 10:33:04
10:33:07,10:33:07,7.47,-0.01,13,9711,卖盘,2017-07-18,2017-07-18 10:33:07
10:33:19,10:33:19,7.47,--,77,57519,卖盘,2017-07-18,2017-07-18 10:33:19
10:33:22,10:33:22,7.47,--,1,747,买盘,2017-07-18,2017-07-18 10:33:22
10:33:31,10:33:31,7.47,--,15,11205,买盘,2017-07-18,2017-07-18 10:33:31
10:33:34,10:33:34,7.47,--,10,7470,买盘,2017-07-18,2017-07-18 10:33:34
10:33:37,10:33:37,7.47,--,5,3735,买盘,2017-07-18,2017-07-18 10:33:37
10:33:40,10:33:40,7.47,--,1,747,买盘,2017-07-18,2017-07-18 10:33:40
10:33:43,10:33:43,7.47,--,76,56772,买盘,2017-07-18,2017-07-18 10:33:43
10:33:46,10:33:46,7.47,--,2,1494,买盘,2017-07-18,2017-07-18 10:33:46
10:33:52,10:33:52,7.46,-0.01,75,55950,卖盘,2017-07-18,2017-07-18 10:33:52
10:33:55,10:33:55,7.47,0.01,115,85905,买盘,2017-07-18,2017-07-18 10:33:55
10:33:58,10:33:58,7.47,--,30,22410,买盘,2017-07-18,2017-07-18 10:33:58
10:34:01,10:34:01,7.47,--,16,11952,买盘,2017-07-18,2017-07-18 10:34:01
10:34:10,10:34:10,7.47,--,20,14940,买盘,2017-07-18,2017-07-18 10:34:10
10:34:13,10:34:13,7.47,--,7,5229,买盘,2017-07-18,2017-07-18 10:34:13
10:34:28,10:34:28,7.48,0.01,1204,900592,买盘,2017-07-18,2017-07-18 10:34:28
10:34:31,10:34:31,7.48,--,72,53856,买盘,2017-07-18,2017-07-18 10:34:31
10:34:46,10:34:46,7.47,-0.01,216,161352,卖盘,2017-07-18,2017-07-18 10:34:46
10:34:52,10:34:52,7.5,0.03,10,7500,买盘,2017-07-18,2017-07-18 10:34:52
10:34:58,10:34:58,7.5,--,10,7500,买盘,2017-07-18,2017-07-18 10:34:58
10:35:01,10:35:01,7.5,--,0,0,买盘,2017-07-18,2017-07-18 10:35:01
10:35:13,10:35:13,7.49,-0.01,55,41195,卖盘,2017-07-18,2017-07-18 10:35:13
10:35:19,10:35:19,7.5,0.01,37,27750,买盘,2017-07-18,2017-07-18 10:35:19
10:35:34,10:35:34,7.5,--,2,1500,卖盘,2017-07-18,2017-07-18 10:35:34
10:35:40,10:35:40,7.51,0.01,30,22530,买盘,2017-07-18,2017-07-18 10:35:40
10:35:46,10:35:46,7.51,--,205,153955,买盘,2017-07-18,2017-07-18 10:35:46
10:36:10,10:36:10,7.52,0.01,5,3760,买盘,2017-07-18,2017-07-18 10:36:10
10:36:13,10:36:13,7.52,--,10,7520,买盘,2017-07-18,2017-07-18 10:36:13
10:36:16,10:36:16,7.52,--,14,10528,买盘,2017-07-18,2017-07-18 10:36:16
10:36:28,10:36:28,7.52,--,4,3008,买盘,2017-07-18,2017-07-18 10:36:28
10:36:31,10:36:31,7.53,0.01,33,24849,买盘,2017-07-18,2017-07-18 10:36:31
10:36:46,10:36:46,7.53,--,360,271080,买盘,2017-07-18,2017-07-18 10:36:46
10:36:52,10:36:52,7.53,--,5,3765,买盘,2017-07-18,2017-07-18 10:36:52
10:37:01,10:37:01,7.53,--,6,4518,买盘,2017-07-18,2017-07-18 10:37:01
10:37:16,10:37:16,7.53,--,16,12048,买盘,2017-07-18,2017-07-18 10:37:16
10:37:22,10:37:22,7.51,-0.02,76,57076,卖盘,2017-07-18,2017-07-18 10:37:22
10:37:34,10:37:34,7.51,--,5,3755,卖盘,2017-07-18,2017-07-18 10:37:34
10:37:43,10:37:43,7.53,0.02,34,25602,买盘,2017-07-18,2017-07-18 10:37:43
10:38:13,10:38:13,7.53,--,22,16566,卖盘,2017-07-18,2017-07-18 10:38:13
10:38:16,10:38:16,7.53,--,11,8283,卖盘,2017-07-18,2017-07-18 10:38:16
10:38:19,10:38:19,7.53,--,6,4518,卖盘,2017-07-18,2017-07-18 10:38:19
10:38:43,10:38:43,7.54,0.01,25,18850,买盘,2017-07-18,2017-07-18 10:38:43
10:38:55,10:38:55,7.53,-0.01,10,7530,卖盘,2017-07-18,2017-07-18 10:38:55
10:38:58,10:38:58,7.54,0.01,20,15080,买盘,2017-07-18,2017-07-18 10:38:58
10:39:01,10:39:01,7.54,--,1,754,买盘,2017-07-18,2017-07-18 10:39:01
10:39:10,10:39:10,7.54,--,14,10556,买盘,2017-07-18,2017-07-18 10:39:10
10:39:13,10:39:13,7.53,-0.01,10,7530,卖盘,2017-07-18,2017-07-18 10:39:13
10:39:28,10:39:28,7.53,--,60,45180,卖盘,2017-07-18,2017-07-18 10:39:28
10:39:34,10:39:34,7.53,--,5,3765,买盘,2017-07-18,2017-07-18 10:39:34
10:39:46,10:39:46,7.52,-0.01,20,15040,卖盘,2017-07-18,2017-07-18 10:39:46
10:39:52,10:39:52,7.53,0.01,1,753,买盘,2017-07-18,2017-07-18 10:39:52
10:40:01,10:40:01,7.52,-0.01,71,53392,卖盘,2017-07-18,2017-07-18 10:40:01
10:40:10,10:40:10,7.53,0.01,50,37650,买盘,2017-07-18,2017-07-18 10:40:10
10:41:04,10:41:04,7.53,--,5,3765,买盘,2017-07-18,2017-07-18 10:41:04
10:41:13,10:41:13,7.53,--,100,75300,买盘,2017-07-18,2017-07-18 10:41:13
10:41:54,10:41:54,7.53,--,30,22590,卖盘,2017-07-18,2017-07-18 10:41:54
10:41:58,10:41:58,7.54,0.01,15,11310,买盘,2017-07-18,2017-07-18 10:41:58
10:42:01,10:42:01,7.54,--,1,754,买盘,2017-07-18,2017-07-18 10:42:01
10:42:13,10:42:13,7.53,-0.01,25,18825,卖盘,2017-07-18,2017-07-18 10:42:13
10:42:16,10:42:16,7.53,--,5,3765,买盘,2017-07-18,2017-07-18 10:42:16
10:42:36,10:42:36,7.53,--,6,4518,买盘,2017-07-18,2017-07-18 10:42:36
10:43:00,10:43:00,7.53,--,2,1506,买盘,2017-07-18,2017-07-18 10:43:00
10:43:30,10:43:30,7.53,--,2,1506,买盘,2017-07-18,2017-07-18 10:43:30
10:43:48,10:43:48,7.53,--,42,31626,买盘,2017-07-18,2017-07-18 10:43:48
10:44:15,10:44:15,7.53,--,10,7530,卖盘,2017-07-18,2017-07-18 10:44:15
10:44:18,10:44:18,7.54,0.01,10,7540,买盘,2017-07-18,2017-07-18 10:44:18
10:44:21,10:44:21,7.53,-0.01,11,8283,卖盘,2017-07-18,2017-07-18 10:44:21
10:44:33,10:44:33,7.53,--,100,75300,卖盘,2017-07-18,2017-07-18 10:44:33
10:44:39,10:44:39,7.53,--,36,27108,卖盘,2017-07-18,2017-07-18 10:44:39
10:45:04,10:45:04,7.53,--,7,5271,买盘,2017-07-18,2017-07-18 10:45:04
10:45:07,10:45:07,7.52,-0.01,34,25568,卖盘,2017-07-18,2017-07-18 10:45:07
10:45:16,10:45:16,7.53,0.01,1,753,买盘,2017-07-18,2017-07-18 10:45:16
10:45:22,10:45:22,7.53,--,44,33132,买盘,2017-07-18,2017-07-18 10:45:22
10:45:40,10:45:40,7.53,--,30,22590,卖盘,2017-07-18,2017-07-18 10:45:40
10:45:52,10:45:52,7.53,--,4,3012,买盘,2017-07-18,2017-07-18 10:45:52
10:47:25,10:47:25,7.53,--,100,75300,买盘,2017-07-18,2017-07-18 10:47:25
10:47:40,10:47:40,7.52,-0.01,2,1504,卖盘,2017-07-18,2017-07-18 10:47:40
10:47:43,10:47:43,7.53,0.01,6,4518,买盘,2017-07-18,2017-07-18 10:47:43
10:47:49,10:47:49,7.53,--,2,1506,买盘,2017-07-18,2017-07-18 10:47:49
10:48:13,10:48:13,7.53,--,5,3765,买盘,2017-07-18,2017-07-18 10:48:13
10:48:37,10:48:37,7.53,--,7,5271,买盘,2017-07-18,2017-07-18 10:48:37
10:48:43,10:48:43,7.53,--,5,3765,买盘,2017-07-18,2017-07-18 10:48:43
10:48:52,10:48:52,7.53,--,10,7530,买盘,2017-07-18,2017-07-18 10:48:52
10:49:01,10:49:01,7.53,--,10,7530,买盘,2017-07-18,2017-07-18 10:49:01
10:49:13,10:49:13,7.53,--,2,1506,买盘,2017-07-18,2017-07-18 10:49:13
10:49:19,10:49:19,7.53,--,5,3765,买盘,2017-07-18,2017-07-18 10:49:19
10:49:25,10:49:25,7.53,--,20,15060,买盘,2017-07-18,2017-07-18 10:49:25
10:49:28,10:49:28,7.53,--,13,9789,买盘,2017-07-18,2017-07-18 10:49:28
10:49:31,10:49:31,7.53,--,1,753,买盘,2017-07-18,2017-07-18 10:49:31
10:49:37,10:49:37,7.53,--,10,7530,买盘,2017-07-18,2017-07-18 10:49:37
10:50:10,10:50:10,7.53,--,10,7530,买盘,2017-07-18,2017-07-18 10:50:10
10:50:37,10:50:37,7.53,--,7,5271,买盘,2017-07-18,2017-07-18 10:50:37
10:50:46,10:50:46,7.53,--,10,7530,买盘,2017-07-18,2017-07-18 10:50:46
10:51:04,10:51:04,7.53,--,2,1506,买盘,2017-07-18,2017-07-18 10:51:04
10:51:10,10:51:10,7.53,--,10,7530,买盘,2017-07-18,2017-07-18 10:51:10
10:51:16,10:51:16,7.52,-0.01,1,752,卖盘,2017-07-18,2017-07-18 10:51:16
10:51:19,10:51:19,7.52,--,251,188752,卖盘,2017-07-18,2017-07-18 10:51:19
10:51:22,10:51:22,7.52,--,3,2256,卖盘,2017-07-18,2017-07-18 10:51:22
10:51:31,10:51:31,7.53,0.01,38,28614,买盘,2017-07-18,2017-07-18 10:51:31
10:51:34,10:51:34,7.53,--,18,13554,卖盘,2017-07-18,2017-07-18 10:51:34
10:51:37,10:51:37,7.53,--,1,753,卖盘,2017-07-18,2017-07-18 10:51:37
10:51:40,10:51:40,7.53,--,150,112950,卖盘,2017-07-18,2017-07-18 10:51:40
10:51:58,10:51:58,7.53,--,7,5271,买盘,2017-07-18,2017-07-18 10:51:58
10:52:01,10:52:01,7.53,--,3,2259,买盘,2017-07-18,2017-07-18 10:52:01
10:52:13,10:52:13,7.52,-0.01,2,1504,卖盘,2017-07-18,2017-07-18 10:52:13
10:52:25,10:52:25,7.53,0.01,20,15060,买盘,2017-07-18,2017-07-18 10:52:25
10:52:28,10:52:28,7.53,--,119,89607,买盘,2017-07-18,2017-07-18 10:52:28
10:52:49,10:52:49,7.53,--,1,753,买盘,2017-07-18,2017-07-18 10:52:49
10:53:34,10:53:34,7.53,--,100,75300,买盘,2017-07-18,2017-07-18 10:53:34
10:53:49,10:53:49,7.52,-0.01,20,15040,卖盘,2017-07-18,2017-07-18 10:53:49
10:54:07,10:54:07,7.52,--,2,1504,卖盘,2017-07-18,2017-07-18 10:54:07
10:54:34,10:54:34,7.53,0.01,1,753,买盘,2017-07-18,2017-07-18 10:54:34
10:54:40,10:54:40,7.52,-0.01,159,119568,卖盘,2017-07-18,2017-07-18 10:54:40
10:54:55,10:54:55,7.52,--,1,752,买盘,2017-07-18,2017-07-18 10:54:55
10:55:19,10:55:19,7.51,-0.01,50,37550,卖盘,2017-07-18,2017-07-18 10:55:19
10:55:31,10:55:31,7.51,--,2,1502,卖盘,2017-07-18,2017-07-18 10:55:31
10:56:04,10:56:04,7.51,--,7,5257,卖盘,2017-07-18,2017-07-18 10:56:04
10:56:31,10:56:31,7.51,--,60,45060,卖盘,2017-07-18,2017-07-18 10:56:31
10:56:40,10:56:40,7.51,--,10,7510,卖盘,2017-07-18,2017-07-18 10:56:40
10:56:43,10:56:43,7.51,--,31,23281,卖盘,2017-07-18,2017-07-18 10:56:43
10:56:58,10:56:58,7.51,--,29,21779,买盘,2017-07-18,2017-07-18 10:56:58
10:57:22,10:57:22,7.51,--,2,1502,卖盘,2017-07-18,2017-07-18 10:57:22
10:57:58,10:57:58,7.5,-0.01,150,112500,卖盘,2017-07-18,2017-07-18 10:57:58
10:58:28,10:58:28,7.5,--,64,48000,卖盘,2017-07-18,2017-07-18 10:58:28
10:58:46,10:58:46,7.49,-0.01,20,14980,卖盘,2017-07-18,2017-07-18 10:58:46
10:59:28,10:59:28,7.5,0.01,1,750,买盘,2017-07-18,2017-07-18 10:59:28
10:59:34,10:59:34,7.5,--,11,8250,买盘,2017-07-18,2017-07-18 10:59:34
10:59:43,10:59:43,7.49,-0.01,9,6741,卖盘,2017-07-18,2017-07-18 10:59:43
10:59:46,10:59:46,7.5,0.01,16,12000,买盘,2017-07-18,2017-07-18 10:59:46
10:59:55,10:59:55,7.5,--,5,3750,买盘,2017-07-18,2017-07-18 10:59:55
10:59:58,10:59:58,7.5,--,20,15000,买盘,2017-07-18,2017-07-18 10:59:58
11:00:04,11:00:04,7.49,-0.01,8,5992,卖盘,2017-07-18,2017-07-18 11:00:04
11:00:22,11:00:22,7.5,0.01,15,11250,买盘,2017-07-18,2017-07-18 11:00:22
11:00:31,11:00:31,7.5,--,2,1500,买盘,2017-07-18,2017-07-18 11:00:31
11:00:37,11:00:37,7.5,--,201,150750,买盘,2017-07-18,2017-07-18 11:00:37
11:00:40,11:00:40,7.49,-0.01,6,4494,卖盘,2017-07-18,2017-07-18 11:00:40
11:00:55,11:00:55,7.49,--,4,2996,买盘,2017-07-18,2017-07-18 11:00:55
11:00:58,11:00:58,7.49,--,5,3745,卖盘,2017-07-18,2017-07-18 11:00:58
11:01:01,11:01:01,7.48,-0.01,56,41888,卖盘,2017-07-18,2017-07-18 11:01:01
11:01:13,11:01:13,7.48,--,0,0,卖盘,2017-07-18,2017-07-18 11:01:13
11:01:43,11:01:43,7.5,0.02,70,52500,买盘,2017-07-18,2017-07-18 11:01:43
11:01:46,11:01:46,7.49,-0.01,4,2996,卖盘,2017-07-18,2017-07-18 11:01:46
11:01:49,11:01:49,7.5,0.01,95,71250,买盘,2017-07-18,2017-07-18 11:01:49
11:02:01,11:02:01,7.51,0.01,15,11265,买盘,2017-07-18,2017-07-18 11:02:01
11:02:31,11:02:31,7.51,--,10,7510,买盘,2017-07-18,2017-07-18 11:02:31
11:02:54,11:02:54,7.51,--,1,751,买盘,2017-07-18,2017-07-18 11:02:54
11:03:27,11:03:27,7.51,--,2,1502,买盘,2017-07-18,2017-07-18 11:03:27
11:03:45,11:03:45,7.5,-0.01,50,37500,卖盘,2017-07-18,2017-07-18 11:03:45
11:04:06,11:04:06,7.51,0.01,1,751,买盘,2017-07-18,2017-07-18 11:04:06
11:04:24,11:04:24,7.5,-0.01,10,7500,卖盘,2017-07-18,2017-07-18 11:04:24
11:04:30,11:04:30,7.5,--,70,52500,卖盘,2017-07-18,2017-07-18 11:04:30
11:04:57,11:04:57,7.5,--,1,750,买盘,2017-07-18,2017-07-18 11:04:57
11:05:19,11:05:19,7.5,--,2,1500,买盘,2017-07-18,2017-07-18 11:05:19
11:05:22,11:05:22,7.49,-0.01,1,749,卖盘,2017-07-18,2017-07-18 11:05:22
11:05:31,11:05:31,7.49,--,35,26215,卖盘,2017-07-18,2017-07-18 11:05:31
11:05:40,11:05:40,7.5,0.01,70,52500,买盘,2017-07-18,2017-07-18 11:05:40
11:05:43,11:05:43,7.49,-0.01,38,28462,卖盘,2017-07-18,2017-07-18 11:05:43
11:05:49,11:05:49,7.5,0.01,1,750,买盘,2017-07-18,2017-07-18 11:05:49
11:05:55,11:05:55,7.49,-0.01,45,33705,卖盘,2017-07-18,2017-07-18 11:05:55
11:06:19,11:06:19,7.48,-0.01,184,137632,卖盘,2017-07-18,2017-07-18 11:06:19
11:06:25,11:06:25,7.48,--,0,0,卖盘,2017-07-18,2017-07-18 11:06:25
11:06:52,11:06:52,7.48,--,34,25432,卖盘,2017-07-18,2017-07-18 11:06:52
11:07:07,11:07:07,7.49,0.01,5,3745,买盘,2017-07-18,2017-07-18 11:07:07
11:07:16,11:07:16,7.49,--,19,14231,卖盘,2017-07-18,2017-07-18 11:07:16
11:07:25,11:07:25,7.49,--,2,1498,买盘,2017-07-18,2017-07-18 11:07:25
11:07:28,11:07:28,7.49,--,10,7490,买盘,2017-07-18,2017-07-18 11:07:28
11:07:31,11:07:31,7.49,--,2,1498,买盘,2017-07-18,2017-07-18 11:07:31
11:07:34,11:07:34,7.49,--,19,14231,买盘,2017-07-18,2017-07-18 11:07:34
11:07:40,11:07:40,7.49,--,45,33705,买盘,2017-07-18,2017-07-18 11:07:40
11:07:52,11:07:52,7.49,--,30,22470,卖盘,2017-07-18,2017-07-18 11:07:52
11:08:04,11:08:04,7.49,--,20,14980,卖盘,2017-07-18,2017-07-18 11:08:04
11:08:10,11:08:10,7.5,0.01,30,22500,买盘,2017-07-18,2017-07-18 11:08:10
11:08:13,11:08:13,7.5,--,1,750,买盘,2017-07-18,2017-07-18 11:08:13
11:08:22,11:08:22,7.5,--,5,3750,买盘,2017-07-18,2017-07-18 11:08:22
11:08:25,11:08:25,7.5,--,10,7500,买盘,2017-07-18,2017-07-18 11:08:25
11:08:28,11:08:28,7.5,--,31,23250,买盘,2017-07-18,2017-07-18 11:08:28
11:08:34,11:08:34,7.49,-0.01,9,6741,卖盘,2017-07-18,2017-07-18 11:08:34
11:08:37,11:08:37,7.49,--,1,749,卖盘,2017-07-18,2017-07-18 11:08:37
11:08:55,11:08:55,7.5,0.01,5,3750,买盘,2017-07-18,2017-07-18 11:08:55
11:08:58,11:08:58,7.5,--,10,7500,买盘,2017-07-18,2017-07-18 11:08:58
11:09:01,11:09:01,7.5,--,10,7500,买盘,2017-07-18,2017-07-18 11:09:01
11:09:07,11:09:07,7.5,--,2,1500,买盘,2017-07-18,2017-07-18 11:09:07
11:09:10,11:09:10,7.5,--,10,7500,买盘,2017-07-18,2017-07-18 11:09:10
11:09:13,11:09:13,7.5,--,36,27000,买盘,2017-07-18,2017-07-18 11:09:13
11:09:16,11:09:16,7.49,-0.01,112,83888,卖盘,2017-07-18,2017-07-18 11:09:16
11:09:52,11:09:52,7.5,0.01,30,22500,买盘,2017-07-18,2017-07-18 11:09:52
11:10:01,11:10:01,7.5,--,50,37500,买盘,2017-07-18,2017-07-18 11:10:01
11:10:13,11:10:13,7.49,-0.01,158,118342,卖盘,2017-07-18,2017-07-18 11:10:13
11:10:16,11:10:16,7.5,0.01,15,11250,买盘,2017-07-18,2017-07-18 11:10:16
11:10:25,11:10:25,7.5,--,8,6000,买盘,2017-07-18,2017-07-18 11:10:25
11:10:34,11:10:34,7.49,-0.01,30,22470,卖盘,2017-07-18,2017-07-18 11:10:34
11:10:43,11:10:43,7.5,0.01,11,8250,卖盘,2017-07-18,2017-07-18 11:10:43
11:11:01,11:11:01,7.5,--,50,37500,卖盘,2017-07-18,2017-07-18 11:11:01
11:11:10,11:11:10,7.51,0.01,20,15020,买盘,2017-07-18,2017-07-18 11:11:10
11:11:13,11:11:13,7.51,--,0,0,买盘,2017-07-18,2017-07-18 11:11:13
11:11:16,11:11:16,7.5,-0.01,8,6000,卖盘,2017-07-18,2017-07-18 11:11:16
11:11:22,11:11:22,7.5,--,16,12000,卖盘,2017-07-18,2017-07-18 11:11:22
11:11:55,11:11:55,7.51,0.01,100,75100,买盘,2017-07-18,2017-07-18 11:11:55
11:12:13,11:12:13,7.51,--,9,6759,买盘,2017-07-18,2017-07-18 11:12:13
11:12:16,11:12:16,7.51,--,2,1502,买盘,2017-07-18,2017-07-18 11:12:16
11:12:34,11:12:34,7.51,--,1,751,买盘,2017-07-18,2017-07-18 11:12:34
11:12:52,11:12:52,7.51,--,101,75851,买盘,2017-07-18,2017-07-18 11:12:52
11:12:58,11:12:58,7.51,--,97,72847,买盘,2017-07-18,2017-07-18 11:12:58
11:13:19,11:13:19,7.52,0.01,5,3760,买盘,2017-07-18,2017-07-18 11:13:19
11:13:37,11:13:37,7.52,--,1,752,买盘,2017-07-18,2017-07-18 11:13:37
11:13:43,11:13:43,7.52,--,10,7520,买盘,2017-07-18,2017-07-18 11:13:43
11:14:04,11:14:04,7.51,-0.01,100,75100,卖盘,2017-07-18,2017-07-18 11:14:04
11:15:10,11:15:10,7.51,--,71,53321,卖盘,2017-07-18,2017-07-18 11:15:10
11:15:13,11:15:13,7.51,--,37,27787,买盘,2017-07-18,2017-07-18 11:15:13
11:15:16,11:15:16,7.51,--,3,2253,买盘,2017-07-18,2017-07-18 11:15:16
11:15:25,11:15:25,7.5,-0.01,1,750,卖盘,2017-07-18,2017-07-18 11:15:25
11:15:58,11:15:58,7.51,0.01,1,751,买盘,2017-07-18,2017-07-18 11:15:58
11:16:10,11:16:10,7.51,--,80,60080,买盘,2017-07-18,2017-07-18 11:16:10
11:17:19,11:17:19,7.51,--,3,2253,买盘,2017-07-18,2017-07-18 11:17:19
11:17:37,11:17:37,7.51,--,100,75100,买盘,2017-07-18,2017-07-18 11:17:37
11:17:43,11:17:43,7.5,-0.01,35,26250,卖盘,2017-07-18,2017-07-18 11:17:43
11:18:34,11:18:34,7.51,0.01,30,22530,买盘,2017-07-18,2017-07-18 11:18:34
11:18:46,11:18:46,7.51,--,4,3004,买盘,2017-07-18,2017-07-18 11:18:46
11:18:58,11:18:58,7.52,0.01,14,10528,买盘,2017-07-18,2017-07-18 11:18:58
11:19:13,11:19:13,7.52,--,100,75200,买盘,2017-07-18,2017-07-18 11:19:13
11:19:16,11:19:16,7.52,--,10,7520,买盘,2017-07-18,2017-07-18 11:19:16
11:19:22,11:19:22,7.52,--,29,21808,买盘,2017-07-18,2017-07-18 11:19:22
11:19:28,11:19:28,7.52,--,1,752,卖盘,2017-07-18,2017-07-18 11:19:28
11:19:43,11:19:43,7.51,-0.01,30,22530,卖盘,2017-07-18,2017-07-18 11:19:43
11:20:16,11:20:16,7.52,0.01,4,3008,买盘,2017-07-18,2017-07-18 11:20:16
11:20:46,11:20:46,7.52,--,11,8272,买盘,2017-07-18,2017-07-18 11:20:46
11:21:01,11:21:01,7.51,-0.01,20,15020,卖盘,2017-07-18,2017-07-18 11:21:01
11:21:07,11:21:07,7.51,--,150,112650,卖盘,2017-07-18,2017-07-18 11:21:07
11:21:13,11:21:13,7.52,0.01,1,752,买盘,2017-07-18,2017-07-18 11:21:13
11:21:52,11:21:52,7.51,-0.01,2,1502,卖盘,2017-07-18,2017-07-18 11:21:52
11:23:01,11:23:01,7.51,--,10,7510,卖盘,2017-07-18,2017-07-18 11:23:01
11:23:19,11:23:19,7.51,--,25,18775,卖盘,2017-07-18,2017-07-18 11:23:19
11:23:22,11:23:22,7.52,0.01,1,752,买盘,2017-07-18,2017-07-18 11:23:22
11:24:15,11:24:15,7.52,--,2,1504,买盘,2017-07-18,2017-07-18 11:24:15
11:25:27,11:25:27,7.52,--,1,752,买盘,2017-07-18,2017-07-18 11:25:27
11:25:34,11:25:34,7.51,-0.01,35,26285,卖盘,2017-07-18,2017-07-18 11:25:34
11:25:37,11:25:37,7.51,--,100,75100,卖盘,2017-07-18,2017-07-18 11:25:37
11:25:58,11:25:58,7.51,--,100,75100,卖盘,2017-07-18,2017-07-18 11:25:58
11:26:15,11:26:15,7.52,0.01,2,1504,买盘,2017-07-18,2017-07-18 11:26:15
11:26:25,11:26:25,7.52,--,10,7520,买盘,2017-07-18,2017-07-18 11:26:25
11:26:46,11:26:46,7.52,--,1,752,买盘,2017-07-18,2017-07-18 11:26:46
11:26:58,11:26:58,7.5,-0.02,451,338250,卖盘,2017-07-18,2017-07-18 11:26:58
11:27:13,11:27:13,7.49,-0.01,4,2996,卖盘,2017-07-18,2017-07-18 11:27:13
11:27:34,11:27:34,7.5,0.01,5,3750,买盘,2017-07-18,2017-07-18 11:27:34
11:27:52,11:27:52,7.5,--,19,14250,卖盘,2017-07-18,2017-07-18 11:27:52
11:28:01,11:28:01,7.5,--,2,1500,买盘,2017-07-18,2017-07-18 11:28:01
11:28:07,11:28:07,7.47,-0.03,500,373500,卖盘,2017-07-18,2017-07-18 11:28:07
11:28:31,11:28:31,7.47,--,30,22410,卖盘,2017-07-18,2017-07-18 11:28:31
11:28:34,11:28:34,7.5,0.03,1,750,买盘,2017-07-18,2017-07-18 11:28:34
11:28:43,11:28:43,7.5,--,5,3750,买盘,2017-07-18,2017-07-18 11:28:43
11:29:04,11:29:04,7.5,--,1,750,买盘,2017-07-18,2017-07-18 11:29:04
11:29:34,11:29:34,7.5,--,13,9750,买盘,2017-07-18,2017-07-18 11:29:34
11:29:52,11:29:52,7.5,--,5,3750,买盘,2017-07-18,2017-07-18 11:29:52
11:30:00,11:30:00,7.5,--,0,0,卖盘,2017-07-18,2017-07-18 11:30:00
11:30:00,11:30:00,7.5,--,0,0,卖盘,2017-07-18,2017-07-18 11:30:00
13:00:04,13:00:04,7.5,--,63,47250,卖盘,2017-07-18,2017-07-18 13:00:04
13:00:07,13:00:07,7.5,--,39,29250,卖盘,2017-07-18,2017-07-18 13:00:07
13:00:10,13:00:10,7.51,0.01,25,18775,买盘,2017-07-18,2017-07-18 13:00:10
13:00:13,13:00:13,7.51,--,40,30040,买盘,2017-07-18,2017-07-18 13:00:13
13:01:01,13:01:01,7.51,--,8,6008,买盘,2017-07-18,2017-07-18 13:01:01
13:01:04,13:01:04,7.51,--,6,4506,买盘,2017-07-18,2017-07-18 13:01:04
13:01:07,13:01:07,7.5,-0.01,4,3000,卖盘,2017-07-18,2017-07-18 13:01:07
13:01:10,13:01:10,7.5,--,4,3000,卖盘,2017-07-18,2017-07-18 13:01:10
13:02:10,13:02:10,7.5,--,9,6750,买盘,2017-07-18,2017-07-18 13:02:10
13:02:25,13:02:25,7.5,--,10,7500,买盘,2017-07-18,2017-07-18 13:02:25
13:02:31,13:02:31,7.49,-0.01,12,8988,卖盘,2017-07-18,2017-07-18 13:02:31
13:02:40,13:02:40,7.5,0.01,2,1500,买盘,2017-07-18,2017-07-18 13:02:40
13:02:46,13:02:46,7.5,--,5,3750,卖盘,2017-07-18,2017-07-18 13:02:46
13:02:49,13:02:49,7.5,--,6,4500,卖盘,2017-07-18,2017-07-18 13:02:49
13:03:17,13:03:17,7.5,--,3,2250,买盘,2017-07-18,2017-07-18 13:03:17
13:03:56,13:03:56,7.49,-0.01,41,30709,卖盘,2017-07-18,2017-07-18 13:03:56
13:03:59,13:03:59,7.5,0.01,4,3000,买盘,2017-07-18,2017-07-18 13:03:59
13:04:02,13:04:02,7.5,--,1,750,买盘,2017-07-18,2017-07-18 13:04:02
13:04:38,13:04:38,7.5,--,13,9750,买盘,2017-07-18,2017-07-18 13:04:38
13:04:47,13:04:47,7.5,--,75,56250,买盘,2017-07-18,2017-07-18 13:04:47
13:05:05,13:05:05,7.5,--,17,12750,卖盘,2017-07-18,2017-07-18 13:05:05
13:05:08,13:05:08,7.5,--,9,6750,卖盘,2017-07-18,2017-07-18 13:05:08
13:05:50,13:05:50,7.5,--,4,3000,卖盘,2017-07-18,2017-07-18 13:05:50
13:05:59,13:05:59,7.51,0.01,3,2253,买盘,2017-07-18,2017-07-18 13:05:59
13:06:23,13:06:23,7.5,-0.01,80,60000,卖盘,2017-07-18,2017-07-18 13:06:23
13:06:29,13:06:29,7.5,--,9,6750,卖盘,2017-07-18,2017-07-18 13:06:29
13:06:35,13:06:35,7.5,--,4,3000,卖盘,2017-07-18,2017-07-18 13:06:35
13:07:02,13:07:02,7.51,0.01,51,38301,买盘,2017-07-18,2017-07-18 13:07:02
13:07:11,13:07:11,7.51,--,3,2253,买盘,2017-07-18,2017-07-18 13:07:11
13:07:14,13:07:14,7.51,--,3,2253,买盘,2017-07-18,2017-07-18 13:07:14
13:07:20,13:07:20,7.51,--,3,2253,买盘,2017-07-18,2017-07-18 13:07:20
13:07:53,13:07:53,7.49,-0.02,40,29960,卖盘,2017-07-18,2017-07-18 13:07:53
13:08:02,13:08:02,7.49,--,8,5992,卖盘,2017-07-18,2017-07-18 13:08:02
13:08:08,13:08:08,7.49,--,75,56175,卖盘,2017-07-18,2017-07-18 13:08:08
13:08:14,13:08:14,7.5,0.01,5,3750,卖盘,2017-07-18,2017-07-18 13:08:14
13:08:35,13:08:35,7.51,0.01,1,751,买盘,2017-07-18,2017-07-18 13:08:35
13:08:38,13:08:38,7.5,-0.01,3,2250,卖盘,2017-07-18,2017-07-18 13:08:38
13:09:08,13:09:08,7.5,--,1,750,卖盘,2017-07-18,2017-07-18 13:09:08
13:09:11,13:09:11,7.5,--,1,750,卖盘,2017-07-18,2017-07-18 13:09:11
13:09:26,13:09:26,7.5,--,2,1500,卖盘,2017-07-18,2017-07-18 13:09:26
13:09:35,13:09:35,7.5,--,9,6750,卖盘,2017-07-18,2017-07-18 13:09:35
13:09:44,13:09:44,7.51,0.01,51,38301,买盘,2017-07-18,2017-07-18 13:09:44
13:09:53,13:09:53,7.51,--,0,0,买盘,2017-07-18,2017-07-18 13:09:53
13:10:23,13:10:23,7.5,-0.01,4,3000,买盘,2017-07-18,2017-07-18 13:10:23
13:10:26,13:10:26,7.5,--,4,3000,买盘,2017-07-18,2017-07-18 13:10:26
13:11:05,13:11:05,7.5,--,1,750,卖盘,2017-07-18,2017-07-18 13:11:05
13:11:08,13:11:08,7.5,--,1,750,卖盘,2017-07-18,2017-07-18 13:11:08
13:11:14,13:11:14,7.51,0.01,2,1502,买盘,2017-07-18,2017-07-18 13:11:14
13:11:32,13:11:32,7.49,-0.02,37,27713,卖盘,2017-07-18,2017-07-18 13:11:32
13:11:38,13:11:38,7.49,--,9,6741,卖盘,2017-07-18,2017-07-18 13:11:38
13:11:44,13:11:44,7.49,--,0,0,卖盘,2017-07-18,2017-07-18 13:11:44
13:11:56,13:11:56,7.51,0.02,1,751,买盘,2017-07-18,2017-07-18 13:11:56
13:12:05,13:12:05,7.5,-0.01,31,23250,卖盘,2017-07-18,2017-07-18 13:12:05
13:12:08,13:12:08,7.5,--,49,36750,卖盘,2017-07-18,2017-07-18 13:12:08
13:12:29,13:12:29,7.5,--,0,0,中性盘,2017-07-18,2017-07-18 13:12:29
13:12:32,13:12:32,7.49,-0.01,100,74900,卖盘,2017-07-18,2017-07-18 13:12:32
13:12:35,13:12:35,7.5,0.01,13,9750,卖盘,2017-07-18,2017-07-18 13:12:35
13:12:41,13:12:41,7.5,--,5,3750,买盘,2017-07-18,2017-07-18 13:12:41
13:12:53,13:12:53,7.5,--,12,9000,买盘,2017-07-18,2017-07-18 13:12:53
13:13:02,13:13:02,7.5,--,4,3000,买盘,2017-07-18,2017-07-18 13:13:02
13:13:05,13:13:05,7.5,--,10,7500,买盘,2017-07-18,2017-07-18 13:13:05
13:13:08,13:13:08,7.5,--,1,750,卖盘,2017-07-18,2017-07-18 13:13:08
13:13:14,13:13:14,7.5,--,1,750,卖盘,2017-07-18,2017-07-18 13:13:14
13:13:17,13:13:17,7.5,--,30,22500,中性盘,2017-07-18,2017-07-18 13:13:17
13:13:32,13:13:32,7.51,0.01,63,47313,买盘,2017-07-18,2017-07-18 13:13:32
13:13:53,13:13:53,7.5,-0.01,1,750,买盘,2017-07-18,2017-07-18 13:13:53
13:13:59,13:13:59,7.5,--,1,750,买盘,2017-07-18,2017-07-18 13:13:59
13:14:02,13:14:02,7.5,--,1,750,买盘,2017-07-18,2017-07-18 13:14:02
13:14:17,13:14:17,7.5,--,10,7500,买盘,2017-07-18,2017-07-18 13:14:17
13:14:23,13:14:23,7.5,--,12,9000,买盘,2017-07-18,2017-07-18 13:14:23
13:14:41,13:14:41,7.5,--,1,750,买盘,2017-07-18,2017-07-18 13:14:41
13:14:44,13:14:44,7.49,-0.01,13,9737,卖盘,2017-07-18,2017-07-18 13:14:44
13:15:11,13:15:11,7.51,0.02,4,3004,买盘,2017-07-18,2017-07-18 13:15:11
13:15:29,13:15:29,7.49,-0.02,50,37450,卖盘,2017-07-18,2017-07-18 13:15:29
13:15:32,13:15:32,7.49,--,0,0,卖盘,2017-07-18,2017-07-18 13:15:32
13:15:41,13:15:41,7.5,0.01,5,3750,卖盘,2017-07-18,2017-07-18 13:15:41
13:15:44,13:15:44,7.5,--,2,1500,卖盘,2017-07-18,2017-07-18 13:15:44
13:15:56,13:15:56,7.51,0.01,1,751,买盘,2017-07-18,2017-07-18 13:15:56
13:15:59,13:15:59,7.5,-0.01,8,6000,卖盘,2017-07-18,2017-07-18 13:15:59
13:16:14,13:16:14,7.5,--,20,15000,买盘,2017-07-18,2017-07-18 13:16:14
13:16:17,13:16:17,7.5,--,1,750,买盘,2017-07-18,2017-07-18 13:16:17
13:16:44,13:16:44,7.5,--,3,2250,买盘,2017-07-18,2017-07-18 13:16:44
13:16:56,13:16:56,7.5,--,5,3750,买盘,2017-07-18,2017-07-18 13:16:56
13:17:05,13:17:05,7.5,--,1,750,买盘,2017-07-18,2017-07-18 13:17:05
13:17:17,13:17:17,7.5,--,19,14250,买盘,2017-07-18,2017-07-18 13:17:17
13:17:26,13:17:26,7.5,--,50,37500,买盘,2017-07-18,2017-07-18 13:17:26
13:17:35,13:17:35,7.5,--,12,9000,买盘,2017-07-18,2017-07-18 13:17:35
13:17:41,13:17:41,7.5,--,1,750,买盘,2017-07-18,2017-07-18 13:17:41
13:17:44,13:17:44,7.5,--,39,29250,买盘,2017-07-18,2017-07-18 13:17:44
13:17:53,13:17:53,7.5,--,42,31500,买盘,2017-07-18,2017-07-18 13:17:53
13:17:59,13:17:59,7.5,--,20,15000,买盘,2017-07-18,2017-07-18 13:17:59
13:18:02,13:18:02,7.5,--,29,21750,买盘,2017-07-18,2017-07-18 13:18:02
13:18:05,13:18:05,7.5,--,25,18750,买盘,2017-07-18,2017-07-18 13:18:05
13:18:08,13:18:08,7.5,--,19,14250,卖盘,2017-07-18,2017-07-18 13:18:08
13:18:14,13:18:14,7.51,0.01,1,751,买盘,2017-07-18,2017-07-18 13:18:14
13:18:35,13:18:35,7.5,-0.01,8,6000,卖盘,2017-07-18,2017-07-18 13:18:35
13:18:42,13:18:42,7.5,--,23,17250,卖盘,2017-07-18,2017-07-18 13:18:42
13:19:04,13:19:04,7.51,0.01,142,106642,买盘,2017-07-18,2017-07-18 13:19:04
13:19:07,13:19:07,7.51,--,51,38301,买盘,2017-07-18,2017-07-18 13:19:07
13:19:13,13:19:13,7.51,--,37,27787,买盘,2017-07-18,2017-07-18 13:19:13
13:19:16,13:19:16,7.5,-0.01,17,12750,卖盘,2017-07-18,2017-07-18 13:19:16
13:19:22,13:19:22,7.51,0.01,13,9763,买盘,2017-07-18,2017-07-18 13:19:22
13:19:31,13:19:31,7.51,--,149,111899,买盘,2017-07-18,2017-07-18 13:19:31
13:20:13,13:20:13,7.52,0.01,20,15040,买盘,2017-07-18,2017-07-18 13:20:13
13:20:22,13:20:22,7.52,--,20,15040,买盘,2017-07-18,2017-07-18 13:20:22
13:20:25,13:20:25,7.51,-0.01,5,3755,卖盘,2017-07-18,2017-07-18 13:20:25
13:20:40,13:20:40,7.52,0.01,6,4512,买盘,2017-07-18,2017-07-18 13:20:40
13:20:46,13:20:46,7.52,--,105,78960,买盘,2017-07-18,2017-07-18 13:20:46
13:20:52,13:20:52,7.52,--,20,15040,买盘,2017-07-18,2017-07-18 13:20:52
13:20:55,13:20:55,7.52,--,42,31584,买盘,2017-07-18,2017-07-18 13:20:55
13:21:10,13:21:10,7.53,0.01,100,75300,买盘,2017-07-18,2017-07-18 13:21:10
13:21:16,13:21:16,7.53,--,26,19578,买盘,2017-07-18,2017-07-18 13:21:16
13:21:34,13:21:34,7.53,--,1,753,买盘,2017-07-18,2017-07-18 13:21:34
13:21:43,13:21:43,7.53,--,5,3765,买盘,2017-07-18,2017-07-18 13:21:43
13:21:47,13:21:47,7.53,--,10,7530,买盘,2017-07-18,2017-07-18 13:21:47
13:21:56,13:21:56,7.53,--,5,3765,买盘,2017-07-18,2017-07-18 13:21:56
13:21:59,13:21:59,7.53,--,4,3012,买盘,2017-07-18,2017-07-18 13:21:59
13:22:11,13:22:11,7.53,--,10,7530,买盘,2017-07-18,2017-07-18 13:22:11
13:22:20,13:22:20,7.55,0.02,848,640240,买盘,2017-07-18,2017-07-18 13:22:20
13:22:35,13:22:35,7.55,--,0,0,买盘,2017-07-18,2017-07-18 13:22:35
13:22:41,13:22:41,7.53,-0.02,30,22590,卖盘,2017-07-18,2017-07-18 13:22:41
13:22:44,13:22:44,7.53,--,70,52710,买盘,2017-07-18,2017-07-18 13:22:44
13:22:50,13:22:50,7.53,--,8,6024,买盘,2017-07-18,2017-07-18 13:22:50
13:23:07,13:23:07,7.53,--,0,0,买盘,2017-07-18,2017-07-18 13:23:07
13:23:16,13:23:16,7.49,-0.04,1069,800681,卖盘,2017-07-18,2017-07-18 13:23:16
13:23:20,13:23:20,7.49,--,0,0,中性盘,2017-07-18,2017-07-18 13:23:20
13:23:37,13:23:37,7.55,0.06,8,6040,买盘,2017-07-18,2017-07-18 13:23:37
13:23:41,13:23:41,7.55,--,12,9060,买盘,2017-07-18,2017-07-18 13:23:41
13:23:47,13:23:47,7.55,--,1,755,买盘,2017-07-18,2017-07-18 13:23:47
13:24:05,13:24:05,7.55,--,18,13590,买盘,2017-07-18,2017-07-18 13:24:05
13:24:20,13:24:20,7.55,--,0,0,买盘,2017-07-18,2017-07-18 13:24:20
13:24:32,13:24:32,7.55,--,1,755,买盘,2017-07-18,2017-07-18 13:24:32
13:25:08,13:25:08,7.55,--,12,9060,买盘,2017-07-18,2017-07-18 13:25:08
13:25:20,13:25:20,7.55,--,60,45300,买盘,2017-07-18,2017-07-18 13:25:20
13:25:26,13:25:26,7.56,0.01,12,9072,买盘,2017-07-18,2017-07-18 13:25:26
13:25:35,13:25:35,7.55,-0.01,40,30200,卖盘,2017-07-18,2017-07-18 13:25:35
13:25:50,13:25:50,7.55,--,0,0,买盘,2017-07-18,2017-07-18 13:25:50
13:25:53,13:25:53,7.54,-0.01,4,3016,卖盘,2017-07-18,2017-07-18 13:25:53
13:26:02,13:26:02,7.55,0.01,58,43790,买盘,2017-07-18,2017-07-18 13:26:02
13:26:38,13:26:38,7.55,--,16,12080,买盘,2017-07-18,2017-07-18 13:26:38
13:26:47,13:26:47,7.55,--,3,2265,买盘,2017-07-18,2017-07-18 13:26:47
13:27:08,13:27:08,7.55,--,1,755,买盘,2017-07-18,2017-07-18 13:27:08
13:27:20,13:27:20,7.54,-0.01,37,27898,卖盘,2017-07-18,2017-07-18 13:27:20
13:27:29,13:27:29,7.55,0.01,2,1510,买盘,2017-07-18,2017-07-18 13:27:29
13:27:32,13:27:32,7.54,-0.01,15,11310,卖盘,2017-07-18,2017-07-18 13:27:32
13:28:08,13:28:08,7.54,--,40,30160,卖盘,2017-07-18,2017-07-18 13:28:08
13:28:32,13:28:32,7.54,--,10,7540,卖盘,2017-07-18,2017-07-18 13:28:32
13:28:38,13:28:38,7.54,--,97,73138,卖盘,2017-07-18,2017-07-18 13:28:38
13:28:47,13:28:47,7.55,0.01,8,6040,买盘,2017-07-18,2017-07-18 13:28:47
13:28:50,13:28:50,7.55,--,4,3020,买盘,2017-07-18,2017-07-18 13:28:50
13:28:53,13:28:53,7.54,-0.01,2,1508,卖盘,2017-07-18,2017-07-18 13:28:53
13:29:08,13:29:08,7.54,--,1,754,买盘,2017-07-18,2017-07-18 13:29:08
13:29:14,13:29:14,7.54,--,22,16588,买盘,2017-07-18,2017-07-18 13:29:14
13:29:35,13:29:35,7.55,0.01,4,3020,买盘,2017-07-18,2017-07-18 13:29:35
13:29:38,13:29:38,7.55,--,6,4530,买盘,2017-07-18,2017-07-18 13:29:38
13:29:41,13:29:41,7.55,--,94,70970,买盘,2017-07-18,2017-07-18 13:29:41
13:29:47,13:29:47,7.54,-0.01,30,22620,卖盘,2017-07-18,2017-07-18 13:29:47
13:29:50,13:29:50,7.55,0.01,4,3020,买盘,2017-07-18,2017-07-18 13:29:50
13:29:56,13:29:56,7.55,--,1,755,买盘,2017-07-18,2017-07-18 13:29:56
13:29:59,13:29:59,7.55,--,5,3775,买盘,2017-07-18,2017-07-18 13:29:59
13:30:05,13:30:05,7.55,--,19,14345,买盘,2017-07-18,2017-07-18 13:30:05
13:30:11,13:30:11,7.55,--,1,755,买盘,2017-07-18,2017-07-18 13:30:11
13:30:17,13:30:17,7.55,--,20,15100,买盘,2017-07-18,2017-07-18 13:30:17
13:30:20,13:30:20,7.55,--,100,75500,买盘,2017-07-18,2017-07-18 13:30:20
13:30:23,13:30:23,7.55,--,8,6040,买盘,2017-07-18,2017-07-18 13:30:23
13:30:32,13:30:32,7.55,--,200,151000,买盘,2017-07-18,2017-07-18 13:30:32
13:30:59,13:30:59,7.55,--,6,4530,买盘,2017-07-18,2017-07-18 13:30:59
13:31:02,13:31:02,7.55,--,21,15855,买盘,2017-07-18,2017-07-18 13:31:02
13:31:05,13:31:05,7.55,--,11,8305,买盘,2017-07-18,2017-07-18 13:31:05
13:31:32,13:31:32,7.56,0.01,10,7560,买盘,2017-07-18,2017-07-18 13:31:32
13:31:44,13:31:44,7.55,-0.01,15,11325,卖盘,2017-07-18,2017-07-18 13:31:44
13:31:47,13:31:47,7.55,--,20,15100,卖盘,2017-07-18,2017-07-18 13:31:47
13:32:05,13:32:05,7.56,0.01,37,27972,买盘,2017-07-18,2017-07-18 13:32:05
13:32:08,13:32:08,7.56,--,200,151200,买盘,2017-07-18,2017-07-18 13:32:08
13:32:20,13:32:20,7.56,--,45,34020,买盘,2017-07-18,2017-07-18 13:32:20
13:32:35,13:32:35,7.56,--,10,7560,买盘,2017-07-18,2017-07-18 13:32:35
13:32:41,13:32:41,7.56,--,20,15120,买盘,2017-07-18,2017-07-18 13:32:41
13:32:44,13:32:44,7.56,--,12,9072,买盘,2017-07-18,2017-07-18 13:32:44
13:32:47,13:32:47,7.56,--,4,3024,买盘,2017-07-18,2017-07-18 13:32:47
13:32:53,13:32:53,7.57,0.01,3,2271,买盘,2017-07-18,2017-07-18 13:32:53
13:33:17,13:33:17,7.57,--,4,3028,买盘,2017-07-18,2017-07-18 13:33:17
13:33:20,13:33:20,7.56,-0.01,22,16632,卖盘,2017-07-18,2017-07-18 13:33:20
13:33:41,13:33:41,7.56,--,18,13608,卖盘,2017-07-18,2017-07-18 13:33:41
13:33:44,13:33:44,7.55,-0.01,3,2265,卖盘,2017-07-18,2017-07-18 13:33:44
13:33:47,13:33:47,7.56,0.01,5,3780,买盘,2017-07-18,2017-07-18 13:33:47
13:33:50,13:33:50,7.56,--,82,61992,买盘,2017-07-18,2017-07-18 13:33:50
13:34:17,13:34:17,7.56,--,30,22680,卖盘,2017-07-18,2017-07-18 13:34:17
13:34:26,13:34:26,7.56,--,45,34020,卖盘,2017-07-18,2017-07-18 13:34:26
13:34:32,13:34:32,7.57,0.01,1,757,买盘,2017-07-18,2017-07-18 13:34:32
13:34:38,13:34:38,7.57,--,14,10598,买盘,2017-07-18,2017-07-18 13:34:38
13:34:56,13:34:56,7.57,--,2,1514,买盘,2017-07-18,2017-07-18 13:34:56
13:34:59,13:34:59,7.56,-0.01,44,33264,卖盘,2017-07-18,2017-07-18 13:34:59
13:35:11,13:35:11,7.57,0.01,2,1514,买盘,2017-07-18,2017-07-18 13:35:11
13:35:32,13:35:32,7.56,-0.01,6,4536,卖盘,2017-07-18,2017-07-18 13:35:32
13:35:47,13:35:47,7.56,--,15,11340,卖盘,2017-07-18,2017-07-18 13:35:47
13:35:50,13:35:50,7.56,--,5,3780,卖盘,2017-07-18,2017-07-18 13:35:50
13:35:56,13:35:56,7.56,--,296,223776,卖盘,2017-07-18,2017-07-18 13:35:56
13:36:14,13:36:14,7.56,--,15,11340,卖盘,2017-07-18,2017-07-18 13:36:14
13:36:18,13:36:18,7.56,--,15,11340,卖盘,2017-07-18,2017-07-18 13:36:18
13:36:20,13:36:20,7.56,--,20,15120,卖盘,2017-07-18,2017-07-18 13:36:20
13:36:23,13:36:23,7.56,--,20,15120,卖盘,2017-07-18,2017-07-18 13:36:23
13:36:26,13:36:26,7.56,--,17,12852,卖盘,2017-07-18,2017-07-18 13:36:26
13:36:35,13:36:35,7.56,--,2,1512,买盘,2017-07-18,2017-07-18 13:36:35
13:36:38,13:36:38,7.55,-0.01,34,25670,卖盘,2017-07-18,2017-07-18 13:36:38
13:36:44,13:36:44,7.56,0.01,1,756,买盘,2017-07-18,2017-07-18 13:36:44
13:37:05,13:37:05,7.56,--,15,11340,买盘,2017-07-18,2017-07-18 13:37:05
13:37:14,13:37:14,7.56,--,4,3024,卖盘,2017-07-18,2017-07-18 13:37:14
13:37:26,13:37:26,7.56,--,11,8316,卖盘,2017-07-18,2017-07-18 13:37:26
13:37:35,13:37:35,7.56,--,83,62748,买盘,2017-07-18,2017-07-18 13:37:35
13:37:38,13:37:38,7.56,--,5,3780,买盘,2017-07-18,2017-07-18 13:37:38
13:37:41,13:37:41,7.56,--,1,756,买盘,2017-07-18,2017-07-18 13:37:41
13:37:53,13:37:53,7.57,0.01,1,757,买盘,2017-07-18,2017-07-18 13:37:53
13:38:16,13:38:16,7.57,--,100,75700,买盘,2017-07-18,2017-07-18 13:38:16
13:38:18,13:38:18,7.57,--,1,757,买盘,2017-07-18,2017-07-18 13:38:18
13:38:37,13:38:37,7.57,--,1,757,买盘,2017-07-18,2017-07-18 13:38:37
13:38:38,13:38:38,7.57,--,509,385313,买盘,2017-07-18,2017-07-18 13:38:38
13:38:55,13:38:55,7.57,--,3,2271,卖盘,2017-07-18,2017-07-18 13:38:55
13:38:58,13:38:58,7.57,--,43,32551,卖盘,2017-07-18,2017-07-18 13:38:58
13:39:01,13:39:01,7.58,0.01,28,21224,买盘,2017-07-18,2017-07-18 13:39:01
13:39:07,13:39:07,7.57,-0.01,10,7570,卖盘,2017-07-18,2017-07-18 13:39:07
13:39:13,13:39:13,7.58,0.01,20,15160,买盘,2017-07-18,2017-07-18 13:39:13
13:39:22,13:39:22,7.58,--,10,7580,买盘,2017-07-18,2017-07-18 13:39:22
13:39:55,13:39:55,7.58,--,2,1516,买盘,2017-07-18,2017-07-18 13:39:55
13:40:04,13:40:04,7.58,--,6,4548,买盘,2017-07-18,2017-07-18 13:40:04
13:40:07,13:40:07,7.57,-0.01,8,6056,卖盘,2017-07-18,2017-07-18 13:40:07
13:40:16,13:40:16,7.58,0.01,1,758,买盘,2017-07-18,2017-07-18 13:40:16
13:40:28,13:40:28,7.57,-0.01,20,15140,卖盘,2017-07-18,2017-07-18 13:40:28
13:40:34,13:40:34,7.58,0.01,10,7580,买盘,2017-07-18,2017-07-18 13:40:34
13:41:02,13:41:02,7.58,--,498,377711,买盘,2017-07-18,2017-07-18 13:41:02
13:41:07,13:41:07,7.57,-0.01,11,8327,卖盘,2017-07-18,2017-07-18 13:41:07
13:41:19,13:41:19,7.57,--,0,0,卖盘,2017-07-18,2017-07-18 13:41:19
13:41:35,13:41:35,7.57,--,22,16654,卖盘,2017-07-18,2017-07-18 13:41:35
13:41:41,13:41:41,7.57,--,13,9841,卖盘,2017-07-18,2017-07-18 13:41:41
13:41:53,13:41:53,7.57,--,20,15140,卖盘,2017-07-18,2017-07-18 13:41:53
13:41:59,13:41:59,7.57,--,20,15140,卖盘,2017-07-18,2017-07-18 13:41:59
13:42:02,13:42:02,7.57,--,29,21953,卖盘,2017-07-18,2017-07-18 13:42:02
13:42:14,13:42:14,7.57,--,32,24224,卖盘,2017-07-18,2017-07-18 13:42:14
13:42:20,13:42:20,7.57,--,25,19454,卖盘,2017-07-18,2017-07-18 13:42:20
13:42:26,13:42:26,7.57,--,4,3255,买盘,2017-07-18,2017-07-18 13:42:26
13:42:32,13:42:32,7.57,--,10,7570,卖盘,2017-07-18,2017-07-18 13:42:32
13:42:35,13:42:35,7.57,--,10,8099,卖盘,2017-07-18,2017-07-18 13:42:35
13:42:44,13:42:44,7.57,--,9,6813,买盘,2017-07-18,2017-07-18 13:42:44
13:42:56,13:42:56,7.56,-0.01,34,25704,卖盘,2017-07-18,2017-07-18 13:42:56
13:42:59,13:42:59,7.56,--,0,0,卖盘,2017-07-18,2017-07-18 13:42:59
13:43:14,13:43:14,7.56,--,0,0,卖盘,2017-07-18,2017-07-18 13:43:14
13:43:23,13:43:23,7.56,--,3,2268,卖盘,2017-07-18,2017-07-18 13:43:23
13:43:44,13:43:44,7.57,0.01,3,2271,买盘,2017-07-18,2017-07-18 13:43:44
13:43:47,13:43:47,7.56,-0.01,14,10584,卖盘,2017-07-18,2017-07-18 13:43:47
13:43:50,13:43:50,7.56,--,15,11340,卖盘,2017-07-18,2017-07-18 13:43:50
13:44:23,13:44:23,7.57,0.01,3,2271,买盘,2017-07-18,2017-07-18 13:44:23
13:44:35,13:44:35,7.57,--,90,68130,买盘,2017-07-18,2017-07-18 13:44:35
13:44:47,13:44:47,7.57,--,15,11355,卖盘,2017-07-18,2017-07-18 13:44:47
13:45:05,13:45:05,7.57,--,20,15140,卖盘,2017-07-18,2017-07-18 13:45:05
13:45:08,13:45:08,7.57,--,30,22710,中性盘,2017-07-18,2017-07-18 13:45:08
13:45:14,13:45:14,7.58,0.01,1,758,买盘,2017-07-18,2017-07-18 13:45:14
13:46:41,13:46:41,7.58,--,6,4548,买盘,2017-07-18,2017-07-18 13:46:41
13:46:53,13:46:53,7.58,--,1,758,买盘,2017-07-18,2017-07-18 13:46:53
13:47:02,13:47:02,7.58,--,15,11370,买盘,2017-07-18,2017-07-18 13:47:02
13:47:23,13:47:23,7.58,--,3,2274,买盘,2017-07-18,2017-07-18 13:47:23
13:47:26,13:47:26,7.57,-0.01,64,48448,卖盘,2017-07-18,2017-07-18 13:47:26
13:47:29,13:47:29,7.57,--,10,7570,卖盘,2017-07-18,2017-07-18 13:47:29
13:47:44,13:47:44,7.57,--,40,30280,卖盘,2017-07-18,2017-07-18 13:47:44
13:47:56,13:47:56,7.57,--,195,147615,卖盘,2017-07-18,2017-07-18 13:47:56
13:47:59,13:47:59,7.57,--,44,33308,买盘,2017-07-18,2017-07-18 13:47:59
13:48:32,13:48:32,7.56,-0.01,44,33264,卖盘,2017-07-18,2017-07-18 13:48:32
13:48:44,13:48:44,7.56,--,10,7560,卖盘,2017-07-18,2017-07-18 13:48:44
13:48:53,13:48:53,7.57,0.01,30,22710,买盘,2017-07-18,2017-07-18 13:48:53
13:49:05,13:49:05,7.57,--,11,8327,买盘,2017-07-18,2017-07-18 13:49:05
13:49:50,13:49:50,7.57,--,1,757,买盘,2017-07-18,2017-07-18 13:49:50
13:49:53,13:49:53,7.56,-0.01,30,22680,卖盘,2017-07-18,2017-07-18 13:49:53
13:49:59,13:49:59,7.57,0.01,26,19682,买盘,2017-07-18,2017-07-18 13:49:59
13:50:17,13:50:17,7.57,--,9,6813,买盘,2017-07-18,2017-07-18 13:50:17
13:50:35,13:50:35,7.56,-0.01,59,44604,卖盘,2017-07-18,2017-07-18 13:50:35
13:50:44,13:50:44,7.57,0.01,1,757,买盘,2017-07-18,2017-07-18 13:50:44
13:50:53,13:50:53,7.57,--,4,3028,买盘,2017-07-18,2017-07-18 13:50:53
13:51:59,13:51:59,7.57,--,10,7570,买盘,2017-07-18,2017-07-18 13:51:59
13:52:29,13:52:29,7.57,--,1,757,买盘,2017-07-18,2017-07-18 13:52:29
13:52:38,13:52:38,7.57,--,1,757,买盘,2017-07-18,2017-07-18 13:52:38
13:53:02,13:53:02,7.57,--,1,757,买盘,2017-07-18,2017-07-18 13:53:02
13:53:53,13:53:53,7.57,--,5,3785,买盘,2017-07-18,2017-07-18 13:53:53
13:53:59,13:53:59,7.56,-0.01,10,7560,卖盘,2017-07-18,2017-07-18 13:53:59
13:54:17,13:54:17,7.56,--,2,1512,卖盘,2017-07-18,2017-07-18 13:54:17
13:54:26,13:54:26,7.57,0.01,6,4542,买盘,2017-07-18,2017-07-18 13:54:26
13:54:50,13:54:50,7.56,-0.01,44,33264,卖盘,2017-07-18,2017-07-18 13:54:50
13:55:08,13:55:08,7.56,--,269,203364,卖盘,2017-07-18,2017-07-18 13:55:08
13:55:11,13:55:11,7.56,--,12,9072,卖盘,2017-07-18,2017-07-18 13:55:11
13:55:23,13:55:23,7.57,0.01,1,757,买盘,2017-07-18,2017-07-18 13:55:23
13:55:26,13:55:26,7.56,-0.01,10,7560,卖盘,2017-07-18,2017-07-18 13:55:26
13:55:32,13:55:32,7.56,--,13,9828,卖盘,2017-07-18,2017-07-18 13:55:32
13:55:44,13:55:44,7.56,--,1,756,卖盘,2017-07-18,2017-07-18 13:55:44
13:56:29,13:56:29,7.56,--,5,3780,卖盘,2017-07-18,2017-07-18 13:56:29
13:57:02,13:57:02,7.56,--,5,3780,卖盘,2017-07-18,2017-07-18 13:57:02
13:57:14,13:57:14,7.57,0.01,1,757,买盘,2017-07-18,2017-07-18 13:57:14
13:57:29,13:57:29,7.56,-0.01,34,25704,卖盘,2017-07-18,2017-07-18 13:57:29
13:57:38,13:57:38,7.57,0.01,40,30280,买盘,2017-07-18,2017-07-18 13:57:38
13:57:44,13:57:44,7.56,-0.01,10,7560,卖盘,2017-07-18,2017-07-18 13:57:44
13:58:24,13:58:24,7.57,0.01,1,757,买盘,2017-07-18,2017-07-18 13:58:24
13:58:35,13:58:35,7.56,-0.01,10,7560,卖盘,2017-07-18,2017-07-18 13:58:35
13:59:02,13:59:02,7.57,0.01,10,7570,买盘,2017-07-18,2017-07-18 13:59:02
13:59:26,13:59:26,7.57,--,200,151400,买盘,2017-07-18,2017-07-18 13:59:26
14:00:19,14:00:19,7.57,--,88,66616,买盘,2017-07-18,2017-07-18 14:00:19
14:00:22,14:00:22,7.57,--,5,3785,买盘,2017-07-18,2017-07-18 14:00:22
14:00:40,14:00:40,7.58,0.01,6,4548,买盘,2017-07-18,2017-07-18 14:00:40
14:01:19,14:01:19,7.58,--,1,758,买盘,2017-07-18,2017-07-18 14:01:19
14:01:22,14:01:22,7.57,-0.01,4,3028,卖盘,2017-07-18,2017-07-18 14:01:22
14:01:43,14:01:43,7.58,0.01,1,758,买盘,2017-07-18,2017-07-18 14:01:43
14:01:58,14:01:58,7.58,--,5,3790,买盘,2017-07-18,2017-07-18 14:01:58
14:02:01,14:02:01,7.57,-0.01,20,15140,卖盘,2017-07-18,2017-07-18 14:02:01
14:02:29,14:02:29,7.57,--,6,4542,卖盘,2017-07-18,2017-07-18 14:02:29
14:02:52,14:02:52,7.58,0.01,19,14402,买盘,2017-07-18,2017-07-18 14:02:52
14:02:59,14:02:59,7.58,--,600,454800,买盘,2017-07-18,2017-07-18 14:02:59
14:03:02,14:03:02,7.57,-0.01,34,25738,卖盘,2017-07-18,2017-07-18 14:03:02
14:03:08,14:03:08,7.58,0.01,50,37900,买盘,2017-07-18,2017-07-18 14:03:08
14:03:20,14:03:20,7.58,--,57,43206,买盘,2017-07-18,2017-07-18 14:03:20
14:03:26,14:03:26,7.58,--,300,227400,买盘,2017-07-18,2017-07-18 14:03:26
14:03:29,14:03:29,7.59,0.01,69,52371,买盘,2017-07-18,2017-07-18 14:03:29
14:03:32,14:03:32,7.59,--,35,26565,买盘,2017-07-18,2017-07-18 14:03:32
14:03:41,14:03:41,7.59,--,120,91080,买盘,2017-07-18,2017-07-18 14:03:41
14:03:50,14:03:50,7.59,--,50,37950,买盘,2017-07-18,2017-07-18 14:03:50
14:03:53,14:03:53,7.59,--,136,103224,买盘,2017-07-18,2017-07-18 14:03:53
14:03:56,14:03:56,7.59,--,2,1518,买盘,2017-07-18,2017-07-18 14:03:56
14:03:59,14:03:59,7.59,--,21,15939,买盘,2017-07-18,2017-07-18 14:03:59
14:04:05,14:04:05,7.59,--,50,37950,买盘,2017-07-18,2017-07-18 14:04:05
14:04:11,14:04:11,7.59,--,45,34155,买盘,2017-07-18,2017-07-18 14:04:11
14:04:14,14:04:14,7.59,--,15,11536,买盘,2017-07-18,2017-07-18 14:04:14
14:04:32,14:04:32,7.6,0.01,60,45600,买盘,2017-07-18,2017-07-18 14:04:32
14:04:38,14:04:38,7.59,-0.01,6,4554,卖盘,2017-07-18,2017-07-18 14:04:38
14:04:41,14:04:41,7.6,0.01,11,8360,买盘,2017-07-18,2017-07-18 14:04:41
14:04:44,14:04:44,7.59,-0.01,55,42352,卖盘,2017-07-18,2017-07-18 14:04:44
14:04:47,14:04:47,7.59,--,10,7590,买盘,2017-07-18,2017-07-18 14:04:47
14:05:02,14:05:02,7.6,0.01,10,7600,买盘,2017-07-18,2017-07-18 14:05:02
14:05:14,14:05:14,7.59,-0.01,8,6072,卖盘,2017-07-18,2017-07-18 14:05:14
14:05:20,14:05:20,7.59,--,18,13662,卖盘,2017-07-18,2017-07-18 14:05:20
14:05:41,14:05:41,7.59,--,15,11385,卖盘,2017-07-18,2017-07-18 14:05:41
14:05:44,14:05:44,7.59,--,54,40986,卖盘,2017-07-18,2017-07-18 14:05:44
14:05:47,14:05:47,7.59,--,2,1518,卖盘,2017-07-18,2017-07-18 14:05:47
14:05:50,14:05:50,7.6,0.01,100,76000,买盘,2017-07-18,2017-07-18 14:05:50
14:05:53,14:05:53,7.6,--,23,17480,买盘,2017-07-18,2017-07-18 14:05:53
14:06:08,14:06:08,7.6,--,1,760,买盘,2017-07-18,2017-07-18 14:06:08
14:06:14,14:06:14,7.6,--,1,760,买盘,2017-07-18,2017-07-18 14:06:14
14:06:20,14:06:20,7.6,--,20,15200,买盘,2017-07-18,2017-07-18 14:06:20
14:06:23,14:06:23,7.6,--,1,760,买盘,2017-07-18,2017-07-18 14:06:23
14:06:32,14:06:32,7.6,--,20,15200,买盘,2017-07-18,2017-07-18 14:06:32
14:06:35,14:06:35,7.59,-0.01,10,7590,卖盘,2017-07-18,2017-07-18 14:06:35
14:06:44,14:06:44,7.59,--,44,33396,卖盘,2017-07-18,2017-07-18 14:06:44
14:06:47,14:06:47,7.6,0.01,70,53200,买盘,2017-07-18,2017-07-18 14:06:47
14:07:02,14:07:02,7.59,-0.01,5,3795,卖盘,2017-07-18,2017-07-18 14:07:02
14:07:14,14:07:14,7.59,--,176,133584,卖盘,2017-07-18,2017-07-18 14:07:14
14:07:17,14:07:17,7.58,-0.01,40,30320,卖盘,2017-07-18,2017-07-18 14:07:17
14:07:32,14:07:32,7.59,0.01,5,3795,买盘,2017-07-18,2017-07-18 14:07:32
14:07:35,14:07:35,7.59,--,4,3036,买盘,2017-07-18,2017-07-18 14:07:35
14:07:41,14:07:41,7.59,--,40,30360,买盘,2017-07-18,2017-07-18 14:07:41
14:07:44,14:07:44,7.59,--,89,67551,买盘,2017-07-18,2017-07-18 14:07:44
14:07:50,14:07:50,7.58,-0.01,44,33352,卖盘,2017-07-18,2017-07-18 14:07:50
14:07:56,14:07:56,7.59,0.01,10,7590,买盘,2017-07-18,2017-07-18 14:07:56
14:07:59,14:07:59,7.58,-0.01,30,22740,卖盘,2017-07-18,2017-07-18 14:07:59
14:08:17,14:08:17,7.58,--,30,22740,卖盘,2017-07-18,2017-07-18 14:08:17
14:08:20,14:08:20,7.59,0.01,1,759,买盘,2017-07-18,2017-07-18 14:08:20
14:08:26,14:08:26,7.58,-0.01,5,3790,卖盘,2017-07-18,2017-07-18 14:08:26
14:08:29,14:08:29,7.58,--,8,6064,卖盘,2017-07-18,2017-07-18 14:08:29
14:09:50,14:09:50,7.58,--,10,7580,卖盘,2017-07-18,2017-07-18 14:09:50
14:10:05,14:10:05,7.58,--,10,7580,卖盘,2017-07-18,2017-07-18 14:10:05
14:10:08,14:10:08,7.59,0.01,1,759,买盘,2017-07-18,2017-07-18 14:10:08
14:10:44,14:10:44,7.59,--,21,15939,买盘,2017-07-18,2017-07-18 14:10:44
14:10:53,14:10:53,7.59,--,22,16698,买盘,2017-07-18,2017-07-18 14:10:53
14:11:17,14:11:17,7.59,--,59,44781,买盘,2017-07-18,2017-07-18 14:11:17
14:11:20,14:11:20,7.59,--,50,37950,买盘,2017-07-18,2017-07-18 14:11:20
14:11:32,14:11:32,7.59,--,50,37950,买盘,2017-07-18,2017-07-18 14:11:32
14:11:35,14:11:35,7.59,--,2,1518,买盘,2017-07-18,2017-07-18 14:11:35
14:11:38,14:11:38,7.59,--,5,3795,买盘,2017-07-18,2017-07-18 14:11:38
14:11:56,14:11:56,7.59,--,20,15180,买盘,2017-07-18,2017-07-18 14:11:56
14:12:08,14:12:08,7.59,--,82,62238,买盘,2017-07-18,2017-07-18 14:12:08
14:12:11,14:12:11,7.6,0.01,250,190000,买盘,2017-07-18,2017-07-18 14:12:11
14:12:17,14:12:17,7.59,-0.01,8,6072,卖盘,2017-07-18,2017-07-18 14:12:17
14:12:29,14:12:29,7.6,0.01,5,3800,买盘,2017-07-18,2017-07-18 14:12:29
14:12:32,14:12:32,7.59,-0.01,1,759,卖盘,2017-07-18,2017-07-18 14:12:32
14:12:35,14:12:35,7.58,-0.01,15,11370,卖盘,2017-07-18,2017-07-18 14:12:35
14:12:38,14:12:38,7.58,--,0,0,卖盘,2017-07-18,2017-07-18 14:12:38
14:12:50,14:12:50,7.59,0.01,20,15180,买盘,2017-07-18,2017-07-18 14:12:50
14:13:05,14:13:05,7.59,--,3,2277,买盘,2017-07-18,2017-07-18 14:13:05
14:13:11,14:13:11,7.6,0.01,24,18240,买盘,2017-07-18,2017-07-18 14:13:11
14:13:14,14:13:14,7.59,-0.01,30,22770,买盘,2017-07-18,2017-07-18 14:13:14
14:13:20,14:13:20,7.59,--,0,0,中性盘,2017-07-18,2017-07-18 14:13:20
14:13:23,14:13:23,7.59,--,10,7590,卖盘,2017-07-18,2017-07-18 14:13:23
14:13:32,14:13:32,7.6,0.01,1,760,买盘,2017-07-18,2017-07-18 14:13:32
14:13:38,14:13:38,7.59,-0.01,29,22011,卖盘,2017-07-18,2017-07-18 14:13:38
14:13:44,14:13:44,7.59,--,21,15939,买盘,2017-07-18,2017-07-18 14:13:44
14:13:47,14:13:47,7.59,--,86,65274,卖盘,2017-07-18,2017-07-18 14:13:47
14:13:50,14:13:50,7.58,-0.01,44,33352,卖盘,2017-07-18,2017-07-18 14:13:50
14:14:14,14:14:14,7.58,--,34,25772,卖盘,2017-07-18,2017-07-18 14:14:14
14:14:17,14:14:17,7.58,--,0,0,卖盘,2017-07-18,2017-07-18 14:14:17
14:14:20,14:14:20,7.58,--,10,7580,卖盘,2017-07-18,2017-07-18 14:14:20
14:14:29,14:14:29,7.59,0.01,59,44781,买盘,2017-07-18,2017-07-18 14:14:29
14:14:47,14:14:47,7.59,--,11,8349,买盘,2017-07-18,2017-07-18 14:14:47
14:14:59,14:14:59,7.59,--,0,7,卖盘,2017-07-18,2017-07-18 14:14:59
14:15:41,14:15:41,7.6,0.01,1,760,买盘,2017-07-18,2017-07-18 14:15:41
14:16:02,14:16:02,7.59,-0.01,8,6072,卖盘,2017-07-18,2017-07-18 14:16:02
14:16:23,14:16:23,7.6,0.01,13,9880,买盘,2017-07-18,2017-07-18 14:16:23
14:16:29,14:16:29,7.59,-0.01,17,13654,卖盘,2017-07-18,2017-07-18 14:16:29
14:16:59,14:16:59,7.58,-0.01,1,758,卖盘,2017-07-18,2017-07-18 14:16:59
14:17:11,14:17:11,7.58,--,20,15160,卖盘,2017-07-18,2017-07-18 14:17:11
14:17:17,14:17:17,7.59,0.01,6,4554,买盘,2017-07-18,2017-07-18 14:17:17
14:17:20,14:17:20,7.58,-0.01,17,12886,卖盘,2017-07-18,2017-07-18 14:17:20
14:17:23,14:17:23,7.59,0.01,5,3795,买盘,2017-07-18,2017-07-18 14:17:23
14:17:32,14:17:32,7.59,--,50,37950,买盘,2017-07-18,2017-07-18 14:17:32
14:17:47,14:17:47,7.59,--,40,30360,买盘,2017-07-18,2017-07-18 14:17:47
14:17:50,14:17:50,7.59,--,33,25054,买盘,2017-07-18,2017-07-18 14:17:50
14:17:56,14:17:56,7.59,--,2,2269,卖盘,2017-07-18,2017-07-18 14:17:56
14:17:59,14:17:59,7.59,--,3,2277,买盘,2017-07-18,2017-07-18 14:17:59
14:18:11,14:18:11,7.59,--,5,3795,买盘,2017-07-18,2017-07-18 14:18:11
14:18:17,14:18:17,7.58,-0.01,5,3790,卖盘,2017-07-18,2017-07-18 14:18:17
14:18:20,14:18:20,7.59,0.01,100,75900,买盘,2017-07-18,2017-07-18 14:18:20
14:18:23,14:18:23,7.59,--,2,1518,买盘,2017-07-18,2017-07-18 14:18:23
14:18:38,14:18:38,7.59,--,10,7590,买盘,2017-07-18,2017-07-18 14:18:38
14:18:53,14:18:53,7.59,--,97,73630,买盘,2017-07-18,2017-07-18 14:18:53
14:19:11,14:19:11,7.6,0.01,1,760,买盘,2017-07-18,2017-07-18 14:19:11
14:19:23,14:19:23,7.6,--,70,53200,买盘,2017-07-18,2017-07-18 14:19:23
14:19:26,14:19:26,7.59,-0.01,16,12895,卖盘,2017-07-18,2017-07-18 14:19:26
14:19:38,14:19:38,7.59,--,30,22770,卖盘,2017-07-18,2017-07-18 14:19:38
14:19:50,14:19:50,7.59,--,10,7590,卖盘,2017-07-18,2017-07-18 14:19:50
14:19:56,14:19:56,7.59,--,43,32637,卖盘,2017-07-18,2017-07-18 14:19:56
14:20:11,14:20:11,7.59,--,0,0,中性盘,2017-07-18,2017-07-18 14:20:11
14:20:18,14:20:18,7.59,--,10,7590,卖盘,2017-07-18,2017-07-18 14:20:18
14:20:20,14:20:20,7.59,--,32,24288,买盘,2017-07-18,2017-07-18 14:20:20
14:21:01,14:21:01,7.59,--,1,759,买盘,2017-07-18,2017-07-18 14:21:01
14:21:07,14:21:07,7.59,--,78,59202,买盘,2017-07-18,2017-07-18 14:21:07
14:21:16,14:21:16,7.59,--,0,0,中性盘,2017-07-18,2017-07-18 14:21:16
14:21:22,14:21:22,7.59,--,1,759,买盘,2017-07-18,2017-07-18 14:21:22
14:21:28,14:21:28,7.59,--,20,15180,买盘,2017-07-18,2017-07-18 14:21:28
14:21:31,14:21:31,7.59,--,40,30360,买盘,2017-07-18,2017-07-18 14:21:31
14:21:40,14:21:40,7.59,--,5,3795,中性盘,2017-07-18,2017-07-18 14:21:40
14:21:46,14:21:46,7.59,--,0,0,中性盘,2017-07-18,2017-07-18 14:21:46
14:21:52,14:21:52,7.59,--,16,12144,卖盘,2017-07-18,2017-07-18 14:21:52
14:21:55,14:21:55,7.59,--,100,75900,卖盘,2017-07-18,2017-07-18 14:21:55
14:22:04,14:22:04,7.59,--,10,7590,卖盘,2017-07-18,2017-07-18 14:22:04
14:22:23,14:22:23,7.6,0.01,50,38000,买盘,2017-07-18,2017-07-18 14:22:23
14:22:43,14:22:43,7.6,--,10,7600,买盘,2017-07-18,2017-07-18 14:22:43
14:23:17,14:23:17,7.6,--,100,76000,买盘,2017-07-18,2017-07-18 14:23:17
14:23:20,14:23:20,7.6,--,1,760,买盘,2017-07-18,2017-07-18 14:23:20
14:23:23,14:23:23,7.6,--,20,15200,买盘,2017-07-18,2017-07-18 14:23:23
14:23:26,14:23:26,7.6,--,6,4560,买盘,2017-07-18,2017-07-18 14:23:26
14:23:29,14:23:29,7.6,--,1,760,买盘,2017-07-18,2017-07-18 14:23:29
14:23:41,14:23:41,7.59,-0.01,1,759,卖盘,2017-07-18,2017-07-18 14:23:41
14:24:23,14:24:23,7.6,0.01,1,760,买盘,2017-07-18,2017-07-18 14:24:23
14:24:32,14:24:32,7.6,--,5,3800,买盘,2017-07-18,2017-07-18 14:24:32
14:24:50,14:24:50,7.59,-0.01,17,12910,卖盘,2017-07-18,2017-07-18 14:24:50
14:25:14,14:25:14,7.59,--,20,15180,卖盘,2017-07-18,2017-07-18 14:25:14
14:25:23,14:25:23,7.6,0.01,4,3040,买盘,2017-07-18,2017-07-18 14:25:23
14:25:38,14:25:38,7.59,-0.01,100,75900,卖盘,2017-07-18,2017-07-18 14:25:38
14:25:53,14:25:53,7.59,--,40,30360,卖盘,2017-07-18,2017-07-18 14:25:53
14:26:05,14:26:05,7.6,0.01,17,12920,买盘,2017-07-18,2017-07-18 14:26:05
14:26:11,14:26:11,7.6,--,40,30400,买盘,2017-07-18,2017-07-18 14:26:11
14:26:26,14:26:26,7.59,-0.01,104,78936,卖盘,2017-07-18,2017-07-18 14:26:26
14:26:35,14:26:35,7.6,0.01,21,15960,买盘,2017-07-18,2017-07-18 14:26:35
14:26:38,14:26:38,7.59,-0.01,35,27316,卖盘,2017-07-18,2017-07-18 14:26:38
14:26:41,14:26:41,7.59,--,8,6079,买盘,2017-07-18,2017-07-18 14:26:41
14:27:20,14:27:20,7.59,--,94,71346,卖盘,2017-07-18,2017-07-18 14:27:20
14:27:26,14:27:26,7.6,0.01,3,2280,买盘,2017-07-18,2017-07-18 14:27:26
14:27:47,14:27:47,7.59,-0.01,22,16698,卖盘,2017-07-18,2017-07-18 14:27:47
14:28:02,14:28:02,7.59,--,44,33396,卖盘,2017-07-18,2017-07-18 14:28:02
14:28:05,14:28:05,7.59,--,87,66784,卖盘,2017-07-18,2017-07-18 14:28:05
14:28:20,14:28:20,7.6,0.01,100,76000,买盘,2017-07-18,2017-07-18 14:28:20
14:28:26,14:28:26,7.6,--,0,0,买盘,2017-07-18,2017-07-18 14:28:26
14:28:29,14:28:29,7.6,--,1,760,买盘,2017-07-18,2017-07-18 14:28:29
14:28:35,14:28:35,7.59,-0.01,6,4554,卖盘,2017-07-18,2017-07-18 14:28:35
14:28:47,14:28:47,7.6,0.01,75,57000,买盘,2017-07-18,2017-07-18 14:28:47
14:28:53,14:28:53,7.6,--,0,0,买盘,2017-07-18,2017-07-18 14:28:53
14:29:05,14:29:05,7.59,-0.01,9,6831,卖盘,2017-07-18,2017-07-18 14:29:05
14:29:14,14:29:14,7.6,0.01,20,15200,买盘,2017-07-18,2017-07-18 14:29:14
14:29:20,14:29:20,7.6,--,0,0,买盘,2017-07-18,2017-07-18 14:29:20
14:29:26,14:29:26,7.59,-0.01,74,56166,买盘,2017-07-18,2017-07-18 14:29:26
14:29:32,14:29:32,7.59,--,1,759,买盘,2017-07-18,2017-07-18 14:29:32
14:29:35,14:29:35,7.58,-0.01,202,153116,卖盘,2017-07-18,2017-07-18 14:29:35
14:29:38,14:29:38,7.6,0.02,5,3800,买盘,2017-07-18,2017-07-18 14:29:38
14:29:41,14:29:41,7.6,--,0,0,买盘,2017-07-18,2017-07-18 14:29:41
14:29:47,14:29:47,7.6,--,1,760,买盘,2017-07-18,2017-07-18 14:29:47
14:30:05,14:30:05,7.6,--,52,39520,买盘,2017-07-18,2017-07-18 14:30:05
14:30:08,14:30:08,7.59,-0.01,2,1518,卖盘,2017-07-18,2017-07-18 14:30:08
14:30:17,14:30:17,7.59,--,31,23529,卖盘,2017-07-18,2017-07-18 14:30:17
14:30:38,14:30:38,7.59,--,5,3795,卖盘,2017-07-18,2017-07-18 14:30:38
14:30:44,14:30:44,7.59,--,0,0,卖盘,2017-07-18,2017-07-18 14:30:44
14:30:56,14:30:56,7.6,0.01,7,5320,买盘,2017-07-18,2017-07-18 14:30:56
14:31:02,14:31:02,7.6,--,1,760,买盘,2017-07-18,2017-07-18 14:31:02
14:31:05,14:31:05,7.59,-0.01,2,1518,中性盘,2017-07-18,2017-07-18 14:31:05
14:31:20,14:31:20,7.58,-0.01,480,363840,卖盘,2017-07-18,2017-07-18 14:31:20
14:31:29,14:31:29,7.6,0.02,1,760,买盘,2017-07-18,2017-07-18 14:31:29
14:31:38,14:31:38,7.6,--,0,0,买盘,2017-07-18,2017-07-18 14:31:38
14:31:41,14:31:41,7.6,--,3,2280,买盘,2017-07-18,2017-07-18 14:31:41
14:31:44,14:31:44,7.59,-0.01,5,3795,卖盘,2017-07-18,2017-07-18 14:31:44
14:31:50,14:31:50,7.59,--,0,0,中性盘,2017-07-18,2017-07-18 14:31:50
14:32:14,14:32:14,7.6,0.01,1,760,买盘,2017-07-18,2017-07-18 14:32:14
14:32:23,14:32:23,7.6,--,1,760,买盘,2017-07-18,2017-07-18 14:32:23
14:32:26,14:32:26,7.59,-0.01,5,3795,卖盘,2017-07-18,2017-07-18 14:32:26
14:32:29,14:32:29,7.6,0.01,3,2280,买盘,2017-07-18,2017-07-18 14:32:29
14:33:02,14:33:02,7.6,--,1,760,买盘,2017-07-18,2017-07-18 14:33:02
14:33:17,14:33:17,7.6,--,5,3800,买盘,2017-07-18,2017-07-18 14:33:17
14:33:26,14:33:26,7.6,--,2,1520,买盘,2017-07-18,2017-07-18 14:33:26
14:33:35,14:33:35,7.59,-0.01,104,78936,卖盘,2017-07-18,2017-07-18 14:33:35
14:33:38,14:33:38,7.59,--,20,15180,买盘,2017-07-18,2017-07-18 14:33:38
14:33:44,14:33:44,7.6,0.01,52,39520,买盘,2017-07-18,2017-07-18 14:33:44
14:33:47,14:33:47,7.6,--,285,216600,买盘,2017-07-18,2017-07-18 14:33:47
14:33:56,14:33:56,7.6,--,0,0,买盘,2017-07-18,2017-07-18 14:33:56
14:34:08,14:34:08,7.59,-0.01,33,25047,卖盘,2017-07-18,2017-07-18 14:34:08
14:34:14,14:34:14,7.59,--,10,7590,买盘,2017-07-18,2017-07-18 14:34:14
14:34:17,14:34:17,7.59,--,15,11385,买盘,2017-07-18,2017-07-18 14:34:17
14:34:20,14:34:20,7.59,--,363,275517,买盘,2017-07-18,2017-07-18 14:34:20
14:34:47,14:34:47,7.59,--,22,16698,卖盘,2017-07-18,2017-07-18 14:34:47
14:34:50,14:34:50,7.6,0.01,4,3040,买盘,2017-07-18,2017-07-18 14:34:50
14:34:59,14:34:59,7.6,--,2,1520,买盘,2017-07-18,2017-07-18 14:34:59
14:35:02,14:35:02,7.59,-0.01,32,24288,卖盘,2017-07-18,2017-07-18 14:35:02
14:35:05,14:35:05,7.59,--,1,759,卖盘,2017-07-18,2017-07-18 14:35:05
14:35:14,14:35:14,7.61,0.02,500,380500,买盘,2017-07-18,2017-07-18 14:35:14
14:35:26,14:35:26,7.61,--,0,0,买盘,2017-07-18,2017-07-18 14:35:26
14:35:38,14:35:38,7.61,--,128,97567,买盘,2017-07-18,2017-07-18 14:35:38
14:35:41,14:35:41,7.61,--,47,35767,卖盘,2017-07-18,2017-07-18 14:35:41
14:35:56,14:35:56,7.61,--,54,41695,卖盘,2017-07-18,2017-07-18 14:35:56
14:36:05,14:36:05,7.61,--,1,761,买盘,2017-07-18,2017-07-18 14:36:05
14:36:11,14:36:11,7.61,--,6,4566,买盘,2017-07-18,2017-07-18 14:36:11
14:36:14,14:36:14,7.61,--,10,7610,买盘,2017-07-18,2017-07-18 14:36:14
14:36:20,14:36:20,7.62,0.01,47,35814,买盘,2017-07-18,2017-07-18 14:36:20
14:36:23,14:36:23,7.62,--,0,0,买盘,2017-07-18,2017-07-18 14:36:23
14:36:26,14:36:26,7.61,-0.01,5,3805,卖盘,2017-07-18,2017-07-18 14:36:26
14:36:44,14:36:44,7.61,--,17,12937,买盘,2017-07-18,2017-07-18 14:36:44
14:36:56,14:36:56,7.6,-0.01,163,123880,卖盘,2017-07-18,2017-07-18 14:36:56
14:37:02,14:37:02,7.6,--,14,10640,买盘,2017-07-18,2017-07-18 14:37:02
14:37:08,14:37:08,7.6,--,5,3800,买盘,2017-07-18,2017-07-18 14:37:08
14:37:26,14:37:26,7.6,--,30,22800,买盘,2017-07-18,2017-07-18 14:37:26
14:37:35,14:37:35,7.6,--,1,760,买盘,2017-07-18,2017-07-18 14:37:35
14:37:56,14:37:56,7.6,--,20,15200,卖盘,2017-07-18,2017-07-18 14:37:56
14:38:20,14:38:20,7.61,0.01,48,36528,买盘,2017-07-18,2017-07-18 14:38:20
14:38:30,14:38:30,7.61,--,5,3805,买盘,2017-07-18,2017-07-18 14:38:30
14:38:32,14:38:32,7.61,--,100,76100,买盘,2017-07-18,2017-07-18 14:38:32
14:38:38,14:38:38,7.61,--,51,38811,买盘,2017-07-18,2017-07-18 14:38:38
14:38:41,14:38:41,7.61,--,66,50226,买盘,2017-07-18,2017-07-18 14:38:41
14:38:47,14:38:47,7.61,--,15,11415,买盘,2017-07-18,2017-07-18 14:38:47
14:38:56,14:38:56,7.61,--,117,89037,买盘,2017-07-18,2017-07-18 14:38:56
14:39:02,14:39:02,7.61,--,8,6088,卖盘,2017-07-18,2017-07-18 14:39:02
14:39:14,14:39:14,7.61,--,15,11415,卖盘,2017-07-18,2017-07-18 14:39:14
14:39:34,14:39:34,7.61,--,34,25874,卖盘,2017-07-18,2017-07-18 14:39:34
14:39:37,14:39:37,7.62,0.01,11,8382,买盘,2017-07-18,2017-07-18 14:39:37
14:39:58,14:39:58,7.62,--,5,3810,买盘,2017-07-18,2017-07-18 14:39:58
14:40:16,14:40:16,7.62,--,1,762,买盘,2017-07-18,2017-07-18 14:40:16
14:40:19,14:40:19,7.62,--,58,44196,买盘,2017-07-18,2017-07-18 14:40:19
14:40:37,14:40:37,7.62,--,7,5334,买盘,2017-07-18,2017-07-18 14:40:37
14:40:41,14:40:41,7.62,--,6,4572,买盘,2017-07-18,2017-07-18 14:40:41
14:40:47,14:40:47,7.61,-0.01,102,77622,卖盘,2017-07-18,2017-07-18 14:40:47
14:40:58,14:40:58,7.61,--,7,5327,买盘,2017-07-18,2017-07-18 14:40:58
14:41:01,14:41:01,7.61,--,16,12176,买盘,2017-07-18,2017-07-18 14:41:01
14:41:17,14:41:17,7.61,--,2,1522,买盘,2017-07-18,2017-07-18 14:41:17
14:41:19,14:41:19,7.61,--,5,3805,买盘,2017-07-18,2017-07-18 14:41:19
14:41:29,14:41:29,7.61,--,10,7610,买盘,2017-07-18,2017-07-18 14:41:29
14:41:35,14:41:35,7.61,--,130,98930,买盘,2017-07-18,2017-07-18 14:41:35
14:41:38,14:41:38,7.61,--,16,12176,买盘,2017-07-18,2017-07-18 14:41:38
14:41:41,14:41:41,7.6,-0.01,70,53200,卖盘,2017-07-18,2017-07-18 14:41:41
14:41:56,14:41:56,7.61,0.01,15,11415,买盘,2017-07-18,2017-07-18 14:41:56
14:42:08,14:42:08,7.61,--,10,7610,买盘,2017-07-18,2017-07-18 14:42:08
14:42:14,14:42:14,7.61,--,10,7610,买盘,2017-07-18,2017-07-18 14:42:14
14:42:17,14:42:17,7.61,--,1,761,买盘,2017-07-18,2017-07-18 14:42:17
14:42:35,14:42:35,7.61,--,1,761,买盘,2017-07-18,2017-07-18 14:42:35
14:42:50,14:42:50,7.61,--,50,38050,买盘,2017-07-18,2017-07-18 14:42:50
14:42:56,14:42:56,7.61,--,1,761,买盘,2017-07-18,2017-07-18 14:42:56
14:42:59,14:42:59,7.6,-0.01,44,33440,卖盘,2017-07-18,2017-07-18 14:42:59
14:43:08,14:43:08,7.61,0.01,10,7610,买盘,2017-07-18,2017-07-18 14:43:08
14:43:14,14:43:14,7.6,-0.01,380,288800,卖盘,2017-07-18,2017-07-18 14:43:14
14:43:32,14:43:32,7.61,0.01,200,152200,买盘,2017-07-18,2017-07-18 14:43:32
14:43:41,14:43:41,7.61,--,1,761,买盘,2017-07-18,2017-07-18 14:43:41
14:43:44,14:43:44,7.61,--,20,15220,买盘,2017-07-18,2017-07-18 14:43:44
14:43:56,14:43:56,7.61,--,96,73056,买盘,2017-07-18,2017-07-18 14:43:56
14:44:17,14:44:17,7.6,-0.01,7,5320,卖盘,2017-07-18,2017-07-18 14:44:17
14:44:20,14:44:20,7.61,0.01,1,761,买盘,2017-07-18,2017-07-18 14:44:20
14:44:23,14:44:23,7.61,--,16,12176,买盘,2017-07-18,2017-07-18 14:44:23
14:44:38,14:44:38,7.58,-0.03,600,454800,卖盘,2017-07-18,2017-07-18 14:44:38
14:45:11,14:45:11,7.58,--,4,3032,卖盘,2017-07-18,2017-07-18 14:45:11
14:45:20,14:45:20,7.58,--,0,0,卖盘,2017-07-18,2017-07-18 14:45:20
14:45:23,14:45:23,7.6,0.02,10,7600,买盘,2017-07-18,2017-07-18 14:45:23
14:45:29,14:45:29,7.6,--,4,3040,买盘,2017-07-18,2017-07-18 14:45:29
14:45:38,14:45:38,7.6,--,1,760,买盘,2017-07-18,2017-07-18 14:45:38
14:46:20,14:46:20,7.6,--,17,12920,买盘,2017-07-18,2017-07-18 14:46:20
14:46:24,14:46:24,7.6,--,30,22800,买盘,2017-07-18,2017-07-18 14:46:24
14:46:30,14:46:30,7.6,--,2,1520,买盘,2017-07-18,2017-07-18 14:46:30
14:46:36,14:46:36,7.6,--,25,19000,买盘,2017-07-18,2017-07-18 14:46:36
14:46:39,14:46:39,7.6,--,3,2280,买盘,2017-07-18,2017-07-18 14:46:39
14:46:44,14:46:44,7.6,--,2,1520,买盘,2017-07-18,2017-07-18 14:46:44
14:46:53,14:46:53,7.6,--,18,13680,卖盘,2017-07-18,2017-07-18 14:46:53
