idx_time,time,price,change,volume,amount,type,date,date_time
09:25:01,09:25:01,51.08,51.08,10430,53281343,买盘,2017-08-16,2017-08-16 09:25:01
09:28:50,09:28:50,51.08,--,0,0,卖盘,2017-08-16,2017-08-16 09:28:50
09:30:00,09:30:00,51.2,0.12,1092,5591040,买盘,2017-08-16,2017-08-16 09:30:00
09:30:03,09:30:03,51.58,0.38,6270,32342310,买盘,2017-08-16,2017-08-16 09:30:03
09:30:06,09:30:06,51.3,-0.28,1185,6079050,卖盘,2017-08-16,2017-08-16 09:30:06
09:30:09,09:30:09,51.7,0.4,377,1949090,买盘,2017-08-16,2017-08-16 09:30:09
09:30:12,09:30:12,51.3,-0.4,283,1451790,卖盘,2017-08-16,2017-08-16 09:30:12
09:30:15,09:30:15,51.3,--,221,1133730,卖盘,2017-08-16,2017-08-16 09:30:15
09:30:18,09:30:18,51.47,0.17,156,802932,买盘,2017-08-16,2017-08-16 09:30:18
09:30:21,09:30:21,51.3,-0.17,883,4529790,卖盘,2017-08-16,2017-08-16 09:30:21
09:30:24,09:30:24,51.5,0.2,664,3419600,买盘,2017-08-16,2017-08-16 09:30:24
09:30:27,09:30:27,51.38,-0.12,405,2080890,中性盘,2017-08-16,2017-08-16 09:30:27
09:30:30,09:30:30,51.3,-0.08,286,1467180,卖盘,2017-08-16,2017-08-16 09:30:30
09:30:33,09:30:33,51.3,--,773,3965490,卖盘,2017-08-16,2017-08-16 09:30:33
09:30:36,09:30:36,51.55,0.25,272,1402160,买盘,2017-08-16,2017-08-16 09:30:36
09:30:39,09:30:39,51.33,-0.22,720,3696991,卖盘,2017-08-16,2017-08-16 09:30:39
09:30:42,09:30:42,51.5,0.17,537,2769773,买盘,2017-08-16,2017-08-16 09:30:42
09:30:45,09:30:45,51.48,-0.02,547,2815956,卖盘,2017-08-16,2017-08-16 09:30:45
09:30:48,09:30:48,51.5,0.02,182,937300,买盘,2017-08-16,2017-08-16 09:30:48
09:30:52,09:30:52,51.4,-0.1,424,2179360,卖盘,2017-08-16,2017-08-16 09:30:52
09:30:56,09:30:56,51.41,0.01,1020,5244745,买盘,2017-08-16,2017-08-16 09:30:56
09:30:59,09:30:59,51.48,0.07,732,3768336,买盘,2017-08-16,2017-08-16 09:30:59
09:31:02,09:31:02,51.48,--,414,2131272,买盘,2017-08-16,2017-08-16 09:31:02
09:31:05,09:31:05,51.55,0.07,477,2463162,买盘,2017-08-16,2017-08-16 09:31:05
09:31:08,09:31:08,51.48,-0.07,692,3562416,卖盘,2017-08-16,2017-08-16 09:31:08
09:31:11,09:31:11,51.45,-0.03,837,4306365,卖盘,2017-08-16,2017-08-16 09:31:11
09:31:14,09:31:14,51.35,-0.1,586,3009110,卖盘,2017-08-16,2017-08-16 09:31:14
09:31:17,09:31:17,51.5,0.15,312,1606800,中性盘,2017-08-16,2017-08-16 09:31:17
09:31:20,09:31:20,51.5,--,669,3445350,卖盘,2017-08-16,2017-08-16 09:31:20
09:31:23,09:31:23,51.55,0.05,337,1737235,中性盘,2017-08-16,2017-08-16 09:31:23
09:31:26,09:31:26,51.7,0.15,189,977130,买盘,2017-08-16,2017-08-16 09:31:26
09:31:29,09:31:29,51.69,-0.01,390,2015910,中性盘,2017-08-16,2017-08-16 09:31:29
09:31:32,09:31:32,51.75,0.06,592,3063600,买盘,2017-08-16,2017-08-16 09:31:32
09:31:35,09:31:35,51.7,-0.05,99,511830,卖盘,2017-08-16,2017-08-16 09:31:35
09:31:38,09:31:38,51.7,--,973,5033356,卖盘,2017-08-16,2017-08-16 09:31:38
09:31:41,09:31:41,51.79,0.09,482,2496278,买盘,2017-08-16,2017-08-16 09:31:41
09:31:44,09:31:44,51.75,-0.04,1064,5506200,卖盘,2017-08-16,2017-08-16 09:31:44
09:31:47,09:31:47,51.77,0.02,563,2918999,买盘,2017-08-16,2017-08-16 09:31:47
09:31:50,09:31:50,51.77,--,262,1356374,卖盘,2017-08-16,2017-08-16 09:31:50
09:31:53,09:31:53,51.85,0.08,653,3385805,买盘,2017-08-16,2017-08-16 09:31:53
09:31:56,09:31:56,51.79,-0.06,495,2563605,卖盘,2017-08-16,2017-08-16 09:31:56
09:31:59,09:31:59,51.8,0.01,1503,7788596,买盘,2017-08-16,2017-08-16 09:31:59
09:32:02,09:32:02,51.82,0.02,335,1735970,买盘,2017-08-16,2017-08-16 09:32:02
09:32:05,09:32:05,51.75,-0.07,756,3912300,卖盘,2017-08-16,2017-08-16 09:32:05
09:32:08,09:32:08,51.7,-0.05,479,2476430,卖盘,2017-08-16,2017-08-16 09:32:08
09:32:11,09:32:11,51.73,0.03,244,1262212,买盘,2017-08-16,2017-08-16 09:32:11
09:32:14,09:32:14,51.52,-0.21,961,4951072,卖盘,2017-08-16,2017-08-16 09:32:14
09:32:17,09:32:17,51.6,0.08,253,1305480,买盘,2017-08-16,2017-08-16 09:32:17
09:32:20,09:32:20,51.56,-0.04,372,1918032,中性盘,2017-08-16,2017-08-16 09:32:20
09:32:23,09:32:23,51.5,-0.06,230,1184500,中性盘,2017-08-16,2017-08-16 09:32:23
09:32:26,09:32:26,51.64,0.14,470,2427080,买盘,2017-08-16,2017-08-16 09:32:26
09:32:29,09:32:29,51.51,-0.13,290,1493790,中性盘,2017-08-16,2017-08-16 09:32:29
09:32:32,09:32:32,51.6,0.09,465,2399400,买盘,2017-08-16,2017-08-16 09:32:32
09:32:35,09:32:35,51.56,-0.04,208,1074922,卖盘,2017-08-16,2017-08-16 09:32:35
09:32:38,09:32:38,51.52,-0.04,235,1210720,卖盘,2017-08-16,2017-08-16 09:32:38
09:32:41,09:32:41,51.5,-0.02,152,782800,中性盘,2017-08-16,2017-08-16 09:32:41
09:32:44,09:32:44,51.59,0.09,1145,5907055,买盘,2017-08-16,2017-08-16 09:32:44
09:32:47,09:32:47,51.53,-0.06,99,510147,中性盘,2017-08-16,2017-08-16 09:32:47
09:32:50,09:32:50,51.47,-0.06,260,1338220,卖盘,2017-08-16,2017-08-16 09:32:50
09:32:53,09:32:53,51.45,-0.02,246,1265670,卖盘,2017-08-16,2017-08-16 09:32:53
09:32:56,09:32:56,51.45,--,205,1054725,买盘,2017-08-16,2017-08-16 09:32:56
09:32:59,09:32:59,51.5,0.05,209,1076350,买盘,2017-08-16,2017-08-16 09:32:59
09:33:02,09:33:02,51.57,0.07,272,1402704,买盘,2017-08-16,2017-08-16 09:33:02
09:33:05,09:33:05,51.6,0.03,277,1434273,买盘,2017-08-16,2017-08-16 09:33:05
09:33:08,09:33:08,51.6,--,139,717240,卖盘,2017-08-16,2017-08-16 09:33:08
09:33:11,09:33:11,51.6,--,240,1238400,卖盘,2017-08-16,2017-08-16 09:33:11
09:33:14,09:33:14,51.65,0.05,309,1595985,卖盘,2017-08-16,2017-08-16 09:33:14
09:33:17,09:33:17,51.7,0.05,170,882725,买盘,2017-08-16,2017-08-16 09:33:17
09:33:20,09:33:20,51.69,-0.01,379,1959051,卖盘,2017-08-16,2017-08-16 09:33:20
09:33:23,09:33:23,51.76,0.07,49,254866,买盘,2017-08-16,2017-08-16 09:33:23
09:33:26,09:33:26,51.8,0.04,289,1497020,买盘,2017-08-16,2017-08-16 09:33:26
09:33:29,09:33:29,51.83,0.03,301,1560083,买盘,2017-08-16,2017-08-16 09:33:29
09:33:32,09:33:32,51.82,-0.01,340,1761880,中性盘,2017-08-16,2017-08-16 09:33:32
09:33:35,09:33:35,51.89,0.07,697,3616733,买盘,2017-08-16,2017-08-16 09:33:35
09:33:38,09:33:38,51.9,0.01,267,1385730,买盘,2017-08-16,2017-08-16 09:33:38
09:33:41,09:33:41,51.97,0.07,236,1226492,买盘,2017-08-16,2017-08-16 09:33:41
09:33:44,09:33:44,51.98,0.01,137,712126,买盘,2017-08-16,2017-08-16 09:33:44
09:33:47,09:33:47,51.99,0.01,179,930621,买盘,2017-08-16,2017-08-16 09:33:47
09:33:50,09:33:50,52.0,0.01,1757,9138480,买盘,2017-08-16,2017-08-16 09:33:50
09:33:53,09:33:53,52.01,0.01,211,1097411,中性盘,2017-08-16,2017-08-16 09:33:53
09:33:56,09:33:56,52.05,0.04,158,822390,中性盘,2017-08-16,2017-08-16 09:33:56
09:33:59,09:33:59,52.1,0.05,266,1385860,中性盘,2017-08-16,2017-08-16 09:33:59
09:34:02,09:34:02,52.3,0.2,143,747890,买盘,2017-08-16,2017-08-16 09:34:02
09:34:05,09:34:05,52.3,--,313,1636990,买盘,2017-08-16,2017-08-16 09:34:05
09:34:08,09:34:08,52.38,0.08,402,2105676,买盘,2017-08-16,2017-08-16 09:34:08
09:34:11,09:34:11,52.37,-0.01,498,2608026,中性盘,2017-08-16,2017-08-16 09:34:11
09:34:14,09:34:14,52.35,-0.02,636,3329460,卖盘,2017-08-16,2017-08-16 09:34:14
09:34:17,09:34:17,52.3,-0.05,825,4314750,卖盘,2017-08-16,2017-08-16 09:34:17
09:34:20,09:34:20,52.35,0.05,715,3743025,买盘,2017-08-16,2017-08-16 09:34:20
09:34:23,09:34:23,52.3,-0.05,540,2824200,买盘,2017-08-16,2017-08-16 09:34:23
09:34:26,09:34:26,52.0,-0.3,651,3385200,卖盘,2017-08-16,2017-08-16 09:34:26
09:34:29,09:34:29,52.0,--,282,1466400,买盘,2017-08-16,2017-08-16 09:34:29
09:34:32,09:34:32,52.0,--,351,1825200,买盘,2017-08-16,2017-08-16 09:34:32
09:34:35,09:34:35,52.0,--,605,3146000,买盘,2017-08-16,2017-08-16 09:34:35
09:34:38,09:34:38,52.08,0.08,146,760368,买盘,2017-08-16,2017-08-16 09:34:38
09:34:41,09:34:41,52.03,-0.05,243,1264329,中性盘,2017-08-16,2017-08-16 09:34:41
09:34:44,09:34:44,52.0,-0.03,306,1591200,卖盘,2017-08-16,2017-08-16 09:34:44
09:34:47,09:34:47,52.0,--,143,743600,卖盘,2017-08-16,2017-08-16 09:34:47
09:34:50,09:34:50,52.06,0.06,448,2334266,买盘,2017-08-16,2017-08-16 09:34:50
09:34:53,09:34:53,52.0,-0.06,535,2782000,卖盘,2017-08-16,2017-08-16 09:34:53
09:34:56,09:34:56,52.0,--,357,1856400,卖盘,2017-08-16,2017-08-16 09:34:56
09:34:59,09:34:59,52.0,--,188,980824,买盘,2017-08-16,2017-08-16 09:34:59
09:35:02,09:35:02,52.01,0.01,385,2002385,买盘,2017-08-16,2017-08-16 09:35:02
09:35:05,09:35:05,51.97,-0.04,199,1034203,中性盘,2017-08-16,2017-08-16 09:35:05
09:35:08,09:35:08,51.97,--,215,1117355,买盘,2017-08-16,2017-08-16 09:35:08
09:35:11,09:35:11,52.0,0.03,275,1430000,买盘,2017-08-16,2017-08-16 09:35:11
09:35:14,09:35:14,51.87,-0.13,210,1089270,卖盘,2017-08-16,2017-08-16 09:35:14
09:35:17,09:35:17,51.89,0.02,756,3922884,买盘,2017-08-16,2017-08-16 09:35:17
09:35:20,09:35:20,51.83,-0.06,197,1021051,卖盘,2017-08-16,2017-08-16 09:35:20
09:35:23,09:35:23,51.89,0.06,214,1110446,买盘,2017-08-16,2017-08-16 09:35:23
09:35:26,09:35:26,51.83,-0.06,576,2985408,卖盘,2017-08-16,2017-08-16 09:35:26
09:35:30,09:35:30,51.89,0.06,211,1094879,买盘,2017-08-16,2017-08-16 09:35:30
09:35:32,09:35:32,51.87,-0.02,533,2764671,中性盘,2017-08-16,2017-08-16 09:35:32
09:35:36,09:35:36,51.8,-0.07,325,1683500,卖盘,2017-08-16,2017-08-16 09:35:36
09:35:39,09:35:39,51.9,0.1,705,3658950,买盘,2017-08-16,2017-08-16 09:35:39
09:35:42,09:35:42,51.89,-0.01,146,757594,买盘,2017-08-16,2017-08-16 09:35:42
09:35:45,09:35:45,51.84,-0.05,125,648000,卖盘,2017-08-16,2017-08-16 09:35:45
09:35:48,09:35:48,51.8,-0.04,86,445480,卖盘,2017-08-16,2017-08-16 09:35:48
09:35:50,09:35:50,51.88,0.08,162,840456,买盘,2017-08-16,2017-08-16 09:35:50
09:35:54,09:35:54,51.88,--,106,549928,卖盘,2017-08-16,2017-08-16 09:35:54
09:35:56,09:35:56,51.81,-0.07,488,2528328,卖盘,2017-08-16,2017-08-16 09:35:56
09:36:00,09:36:00,51.88,0.07,162,840456,中性盘,2017-08-16,2017-08-16 09:36:00
09:36:03,09:36:03,51.84,-0.04,376,1949184,中性盘,2017-08-16,2017-08-16 09:36:03
09:36:06,09:36:06,51.85,0.01,413,2143893,中性盘,2017-08-16,2017-08-16 09:36:06
09:36:09,09:36:09,51.88,0.03,89,461732,中性盘,2017-08-16,2017-08-16 09:36:09
09:36:12,09:36:12,51.83,-0.05,138,715254,卖盘,2017-08-16,2017-08-16 09:36:12
09:36:15,09:36:15,51.89,0.06,82,425498,中性盘,2017-08-16,2017-08-16 09:36:15
09:36:18,09:36:18,51.91,0.02,61,316651,中性盘,2017-08-16,2017-08-16 09:36:18
09:36:21,09:36:21,51.89,-0.02,167,866563,卖盘,2017-08-16,2017-08-16 09:36:21
09:36:24,09:36:24,51.95,0.06,320,1662400,买盘,2017-08-16,2017-08-16 09:36:24
09:36:27,09:36:27,51.95,--,58,301310,卖盘,2017-08-16,2017-08-16 09:36:27
09:36:30,09:36:30,52.0,0.05,111,577200,买盘,2017-08-16,2017-08-16 09:36:30
09:36:33,09:36:33,52.01,0.01,116,603940,买盘,2017-08-16,2017-08-16 09:36:33
09:36:36,09:36:36,52.0,-0.01,375,1950000,卖盘,2017-08-16,2017-08-16 09:36:36
09:36:39,09:36:39,52.0,--,241,1253200,卖盘,2017-08-16,2017-08-16 09:36:39
09:36:42,09:36:42,52.0,--,901,4689776,卖盘,2017-08-16,2017-08-16 09:36:42
09:36:45,09:36:45,52.0,--,209,1086800,买盘,2017-08-16,2017-08-16 09:36:45
09:36:48,09:36:48,52.03,0.03,140,728420,买盘,2017-08-16,2017-08-16 09:36:48
09:36:51,09:36:51,51.9,-0.13,277,1437630,卖盘,2017-08-16,2017-08-16 09:36:51
09:36:54,09:36:54,51.89,-0.01,184,954776,中性盘,2017-08-16,2017-08-16 09:36:54
09:36:57,09:36:57,51.83,-0.06,155,803365,卖盘,2017-08-16,2017-08-16 09:36:57
09:37:00,09:37:00,51.88,0.05,282,1463016,中性盘,2017-08-16,2017-08-16 09:37:00
09:37:03,09:37:03,51.89,0.01,287,1489243,买盘,2017-08-16,2017-08-16 09:37:03
09:37:06,09:37:06,51.88,-0.01,412,2137456,中性盘,2017-08-16,2017-08-16 09:37:06
09:37:09,09:37:09,51.83,-0.05,169,878622,卖盘,2017-08-16,2017-08-16 09:37:09
09:37:12,09:37:12,51.82,-0.01,518,2684276,卖盘,2017-08-16,2017-08-16 09:37:12
09:37:15,09:37:15,51.89,0.07,469,2433641,买盘,2017-08-16,2017-08-16 09:37:15
09:37:18,09:37:18,51.78,-0.11,361,1869258,卖盘,2017-08-16,2017-08-16 09:37:18
09:37:21,09:37:21,51.8,0.02,194,1004920,买盘,2017-08-16,2017-08-16 09:37:21
09:37:24,09:37:24,51.76,-0.04,249,1288824,卖盘,2017-08-16,2017-08-16 09:37:24
09:37:27,09:37:27,51.63,-0.13,1117,5767071,卖盘,2017-08-16,2017-08-16 09:37:27
09:37:30,09:37:30,51.75,0.12,125,646875,中性盘,2017-08-16,2017-08-16 09:37:30
09:37:33,09:37:33,51.7,-0.05,234,1212261,买盘,2017-08-16,2017-08-16 09:37:33
09:37:36,09:37:36,51.51,-0.19,177,911727,卖盘,2017-08-16,2017-08-16 09:37:36
09:37:39,09:37:39,51.53,0.02,73,376169,买盘,2017-08-16,2017-08-16 09:37:39
09:37:42,09:37:42,51.51,-0.02,96,494496,卖盘,2017-08-16,2017-08-16 09:37:42
09:37:45,09:37:45,51.53,0.02,129,664737,买盘,2017-08-16,2017-08-16 09:37:45
09:37:48,09:37:48,51.51,-0.02,625,3219375,卖盘,2017-08-16,2017-08-16 09:37:48
09:37:51,09:37:51,51.51,--,126,649026,买盘,2017-08-16,2017-08-16 09:37:51
09:37:54,09:37:54,51.48,-0.03,148,765919,卖盘,2017-08-16,2017-08-16 09:37:54
09:37:57,09:37:57,51.45,-0.03,53,272685,卖盘,2017-08-16,2017-08-16 09:37:57
09:38:00,09:38:00,51.5,0.05,318,1637700,买盘,2017-08-16,2017-08-16 09:38:00
09:38:03,09:38:03,51.45,-0.05,217,1116465,卖盘,2017-08-16,2017-08-16 09:38:03
09:38:06,09:38:06,51.4,-0.05,302,1552280,卖盘,2017-08-16,2017-08-16 09:38:06
09:38:09,09:38:09,51.42,0.02,122,627324,卖盘,2017-08-16,2017-08-16 09:38:09
09:38:12,09:38:12,51.45,0.03,218,1121610,买盘,2017-08-16,2017-08-16 09:38:12
09:38:15,09:38:15,51.45,--,201,1034145,卖盘,2017-08-16,2017-08-16 09:38:15
09:38:18,09:38:18,51.45,--,169,869505,卖盘,2017-08-16,2017-08-16 09:38:18
09:38:21,09:38:21,51.51,0.06,430,2214930,买盘,2017-08-16,2017-08-16 09:38:21
09:38:24,09:38:24,51.51,--,97,499647,卖盘,2017-08-16,2017-08-16 09:38:24
09:38:27,09:38:27,51.59,0.08,37,190883,中性盘,2017-08-16,2017-08-16 09:38:27
09:38:30,09:38:30,51.54,-0.05,59,304086,卖盘,2017-08-16,2017-08-16 09:38:30
09:38:33,09:38:33,51.63,0.09,28,144564,卖盘,2017-08-16,2017-08-16 09:38:33
09:38:36,09:38:36,51.63,--,88,454344,卖盘,2017-08-16,2017-08-16 09:38:36
09:38:39,09:38:39,51.69,0.06,119,615111,买盘,2017-08-16,2017-08-16 09:38:39
09:38:42,09:38:42,51.7,0.01,313,1618210,买盘,2017-08-16,2017-08-16 09:38:42
09:38:45,09:38:45,51.7,--,105,542850,卖盘,2017-08-16,2017-08-16 09:38:45
09:38:48,09:38:48,51.7,--,145,749650,卖盘,2017-08-16,2017-08-16 09:38:48
09:38:51,09:38:51,51.75,0.05,294,1521450,买盘,2017-08-16,2017-08-16 09:38:51
09:38:54,09:38:54,51.6,-0.15,415,2141400,卖盘,2017-08-16,2017-08-16 09:38:54
09:38:57,09:38:57,51.58,-0.02,218,1124444,卖盘,2017-08-16,2017-08-16 09:38:57
09:39:00,09:39:00,51.69,0.11,103,532407,买盘,2017-08-16,2017-08-16 09:39:00
09:39:03,09:39:03,51.7,0.01,49,253330,买盘,2017-08-16,2017-08-16 09:39:03
09:39:06,09:39:06,51.64,-0.06,230,1187720,卖盘,2017-08-16,2017-08-16 09:39:06
09:39:09,09:39:09,51.7,0.06,245,1266650,买盘,2017-08-16,2017-08-16 09:39:09
09:39:12,09:39:12,51.71,0.01,68,351628,中性盘,2017-08-16,2017-08-16 09:39:12
09:39:15,09:39:15,51.71,--,77,398167,卖盘,2017-08-16,2017-08-16 09:39:15
09:39:18,09:39:18,51.74,0.03,365,1889648,中性盘,2017-08-16,2017-08-16 09:39:18
09:39:21,09:39:21,51.7,-0.04,209,1080530,卖盘,2017-08-16,2017-08-16 09:39:21
09:39:24,09:39:24,51.68,-0.02,182,940576,中性盘,2017-08-16,2017-08-16 09:39:24
09:39:27,09:39:27,51.7,0.02,126,651420,买盘,2017-08-16,2017-08-16 09:39:27
09:39:30,09:39:30,51.65,-0.05,49,257113,卖盘,2017-08-16,2017-08-16 09:39:30
09:39:33,09:39:33,51.68,0.03,352,1819136,买盘,2017-08-16,2017-08-16 09:39:33
09:39:36,09:39:36,51.63,-0.05,227,1172001,卖盘,2017-08-16,2017-08-16 09:39:36
09:39:39,09:39:39,51.6,-0.03,103,531480,卖盘,2017-08-16,2017-08-16 09:39:39
09:39:42,09:39:42,51.57,-0.03,92,474444,卖盘,2017-08-16,2017-08-16 09:39:42
09:39:45,09:39:45,51.6,0.03,276,1424160,买盘,2017-08-16,2017-08-16 09:39:45
09:39:48,09:39:48,51.62,0.02,82,423284,卖盘,2017-08-16,2017-08-16 09:39:48
09:39:51,09:39:51,51.6,-0.02,88,454080,卖盘,2017-08-16,2017-08-16 09:39:51
09:39:54,09:39:54,51.6,--,69,356040,卖盘,2017-08-16,2017-08-16 09:39:54
09:39:57,09:39:57,51.59,-0.01,41,211519,中性盘,2017-08-16,2017-08-16 09:39:57
09:40:00,09:40:00,51.57,-0.02,523,2697111,卖盘,2017-08-16,2017-08-16 09:40:00
09:40:03,09:40:03,51.58,0.01,51,263058,买盘,2017-08-16,2017-08-16 09:40:03
09:40:06,09:40:06,51.58,--,73,376534,买盘,2017-08-16,2017-08-16 09:40:06
09:40:09,09:40:09,51.52,-0.06,95,489440,卖盘,2017-08-16,2017-08-16 09:40:09
09:40:12,09:40:12,51.5,-0.02,324,1668600,卖盘,2017-08-16,2017-08-16 09:40:12
09:40:15,09:40:15,51.46,-0.04,330,1698180,卖盘,2017-08-16,2017-08-16 09:40:15
09:40:18,09:40:18,51.46,--,141,725586,买盘,2017-08-16,2017-08-16 09:40:18
09:40:21,09:40:21,51.46,--,27,138942,买盘,2017-08-16,2017-08-16 09:40:21
09:40:24,09:40:24,51.42,-0.04,705,3625110,卖盘,2017-08-16,2017-08-16 09:40:24
09:40:27,09:40:27,51.38,-0.04,141,724458,卖盘,2017-08-16,2017-08-16 09:40:27
09:40:30,09:40:30,51.4,0.02,109,560260,中性盘,2017-08-16,2017-08-16 09:40:30
09:40:33,09:40:33,51.38,-0.02,41,210658,卖盘,2017-08-16,2017-08-16 09:40:33
09:40:36,09:40:36,51.35,-0.03,104,537223,卖盘,2017-08-16,2017-08-16 09:40:36
09:40:39,09:40:39,51.35,--,61,313235,买盘,2017-08-16,2017-08-16 09:40:39
09:40:42,09:40:42,51.33,-0.02,68,350994,卖盘,2017-08-16,2017-08-16 09:40:42
09:40:45,09:40:45,51.3,-0.03,189,969570,卖盘,2017-08-16,2017-08-16 09:40:45
09:40:48,09:40:48,51.28,-0.02,116,594848,中性盘,2017-08-16,2017-08-16 09:40:48
09:40:51,09:40:51,51.21,-0.07,296,1515816,卖盘,2017-08-16,2017-08-16 09:40:51
09:40:54,09:40:54,51.2,-0.01,305,1561600,卖盘,2017-08-16,2017-08-16 09:40:54
09:40:57,09:40:57,51.2,--,232,1187840,卖盘,2017-08-16,2017-08-16 09:40:57
09:41:00,09:41:00,51.15,-0.05,706,3611190,卖盘,2017-08-16,2017-08-16 09:41:00
09:41:03,09:41:03,51.1,-0.05,110,562100,卖盘,2017-08-16,2017-08-16 09:41:03
09:41:06,09:41:06,51.09,-0.01,51,260559,卖盘,2017-08-16,2017-08-16 09:41:06
09:41:09,09:41:09,51.1,0.01,136,694960,买盘,2017-08-16,2017-08-16 09:41:09
09:41:12,09:41:12,51.09,-0.01,343,1755554,卖盘,2017-08-16,2017-08-16 09:41:12
09:41:15,09:41:15,51.12,0.03,227,1160424,买盘,2017-08-16,2017-08-16 09:41:15
09:41:18,09:41:18,51.11,-0.01,817,4175687,卖盘,2017-08-16,2017-08-16 09:41:18
09:41:21,09:41:21,51.16,0.05,142,726472,买盘,2017-08-16,2017-08-16 09:41:21
09:41:24,09:41:24,51.12,-0.04,396,2027521,卖盘,2017-08-16,2017-08-16 09:41:24
09:41:27,09:41:27,51.2,0.08,51,261120,买盘,2017-08-16,2017-08-16 09:41:27
09:41:30,09:41:30,51.23,0.03,92,471316,买盘,2017-08-16,2017-08-16 09:41:30
09:41:33,09:41:33,51.1,-0.13,1066,5449201,卖盘,2017-08-16,2017-08-16 09:41:33
09:41:36,09:41:36,51.1,--,340,1737400,买盘,2017-08-16,2017-08-16 09:41:36
09:41:39,09:41:39,51.12,0.02,528,2701078,买盘,2017-08-16,2017-08-16 09:41:39
09:41:42,09:41:42,51.1,-0.02,184,940240,卖盘,2017-08-16,2017-08-16 09:41:42
09:41:45,09:41:45,51.12,0.02,136,695232,卖盘,2017-08-16,2017-08-16 09:41:45
09:41:48,09:41:48,51.15,0.03,78,398970,中性盘,2017-08-16,2017-08-16 09:41:48
09:41:51,09:41:51,51.15,--,96,491040,卖盘,2017-08-16,2017-08-16 09:41:51
09:41:54,09:41:54,51.15,--,54,276210,卖盘,2017-08-16,2017-08-16 09:41:54
09:41:57,09:41:57,51.16,0.01,39,199524,买盘,2017-08-16,2017-08-16 09:41:57
09:42:00,09:42:00,51.2,0.04,65,332800,买盘,2017-08-16,2017-08-16 09:42:00
09:42:03,09:42:03,51.2,--,98,501760,买盘,2017-08-16,2017-08-16 09:42:03
09:42:06,09:42:06,51.29,0.09,81,415449,买盘,2017-08-16,2017-08-16 09:42:06
09:42:09,09:42:09,51.2,-0.09,100,514457,卖盘,2017-08-16,2017-08-16 09:42:09
09:42:12,09:42:12,51.28,0.08,59,302552,中性盘,2017-08-16,2017-08-16 09:42:12
09:42:15,09:42:15,51.26,-0.02,111,568986,中性盘,2017-08-16,2017-08-16 09:42:15
09:42:18,09:42:18,51.26,--,81,415206,买盘,2017-08-16,2017-08-16 09:42:18
09:42:21,09:42:21,51.25,-0.01,488,2504536,中性盘,2017-08-16,2017-08-16 09:42:21
09:42:24,09:42:24,51.29,0.04,437,2241373,买盘,2017-08-16,2017-08-16 09:42:24
09:42:27,09:42:27,51.29,--,168,861672,卖盘,2017-08-16,2017-08-16 09:42:27
09:42:30,09:42:30,51.26,-0.03,308,1578808,卖盘,2017-08-16,2017-08-16 09:42:30
09:42:33,09:42:33,51.3,0.04,316,1621080,买盘,2017-08-16,2017-08-16 09:42:33
09:42:36,09:42:36,51.28,-0.02,357,1830696,中性盘,2017-08-16,2017-08-16 09:42:36
09:42:39,09:42:39,51.25,-0.03,349,1788625,卖盘,2017-08-16,2017-08-16 09:42:39
09:42:42,09:42:42,51.28,0.03,56,287168,中性盘,2017-08-16,2017-08-16 09:42:42
09:42:45,09:42:45,51.25,-0.03,159,814875,卖盘,2017-08-16,2017-08-16 09:42:45
09:42:48,09:42:48,51.35,0.1,113,580255,买盘,2017-08-16,2017-08-16 09:42:48
09:42:51,09:42:51,51.3,-0.05,77,395010,卖盘,2017-08-16,2017-08-16 09:42:51
09:42:54,09:42:54,51.35,0.05,81,415935,买盘,2017-08-16,2017-08-16 09:42:54
09:42:57,09:42:57,51.39,0.04,198,1017522,买盘,2017-08-16,2017-08-16 09:42:57
09:43:00,09:43:00,51.4,0.01,121,621940,买盘,2017-08-16,2017-08-16 09:43:00
09:43:03,09:43:03,51.37,-0.03,50,256850,卖盘,2017-08-16,2017-08-16 09:43:03
09:43:06,09:43:06,51.39,0.02,7,35973,中性盘,2017-08-16,2017-08-16 09:43:06
09:43:09,09:43:09,51.45,0.06,137,704865,买盘,2017-08-16,2017-08-16 09:43:09
09:43:12,09:43:12,51.55,0.1,114,587670,买盘,2017-08-16,2017-08-16 09:43:12
09:43:15,09:43:15,51.45,-0.1,96,493920,卖盘,2017-08-16,2017-08-16 09:43:15
09:43:18,09:43:18,51.5,0.05,120,618000,卖盘,2017-08-16,2017-08-16 09:43:18
09:43:21,09:43:21,51.5,--,85,437750,卖盘,2017-08-16,2017-08-16 09:43:21
09:43:24,09:43:24,51.55,0.05,26,134030,买盘,2017-08-16,2017-08-16 09:43:24
09:43:27,09:43:27,51.55,--,51,262905,买盘,2017-08-16,2017-08-16 09:43:27
09:43:30,09:43:30,51.6,0.05,64,330240,买盘,2017-08-16,2017-08-16 09:43:30
09:43:33,09:43:33,51.6,--,78,402480,卖盘,2017-08-16,2017-08-16 09:43:33
09:43:36,09:43:36,51.69,0.09,57,296597,买盘,2017-08-16,2017-08-16 09:43:36
09:43:39,09:43:39,51.6,-0.09,317,1635720,卖盘,2017-08-16,2017-08-16 09:43:39
09:43:42,09:43:42,51.67,0.07,42,219494,买盘,2017-08-16,2017-08-16 09:43:42
09:43:45,09:43:45,51.7,0.03,32,165440,买盘,2017-08-16,2017-08-16 09:43:45
09:43:48,09:43:48,51.7,--,288,1488960,买盘,2017-08-16,2017-08-16 09:43:48
09:43:51,09:43:51,51.67,-0.03,198,1023066,卖盘,2017-08-16,2017-08-16 09:43:51
09:43:54,09:43:54,51.69,0.02,63,325647,买盘,2017-08-16,2017-08-16 09:43:54
09:43:57,09:43:57,51.7,0.01,91,470470,买盘,2017-08-16,2017-08-16 09:43:57
09:44:00,09:44:00,51.63,-0.07,51,263313,卖盘,2017-08-16,2017-08-16 09:44:00
09:44:03,09:44:03,51.65,0.02,111,573315,中性盘,2017-08-16,2017-08-16 09:44:03
09:44:06,09:44:06,51.66,0.01,335,1730610,买盘,2017-08-16,2017-08-16 09:44:06
09:44:09,09:44:09,51.61,-0.05,176,908336,卖盘,2017-08-16,2017-08-16 09:44:09
09:44:12,09:44:12,51.61,--,38,196118,买盘,2017-08-16,2017-08-16 09:44:12
09:44:15,09:44:15,51.58,-0.03,509,2626144,卖盘,2017-08-16,2017-08-16 09:44:15
09:44:18,09:44:18,51.51,-0.07,246,1267146,卖盘,2017-08-16,2017-08-16 09:44:18
09:44:21,09:44:21,51.5,-0.01,45,231750,卖盘,2017-08-16,2017-08-16 09:44:21
09:44:24,09:44:24,51.52,0.02,136,700672,买盘,2017-08-16,2017-08-16 09:44:24
09:44:27,09:44:27,51.5,-0.02,251,1292650,卖盘,2017-08-16,2017-08-16 09:44:27
09:44:30,09:44:30,51.4,-0.1,91,467740,卖盘,2017-08-16,2017-08-16 09:44:30
09:44:33,09:44:33,51.4,--,64,328960,卖盘,2017-08-16,2017-08-16 09:44:33
09:44:36,09:44:36,51.4,--,39,200460,买盘,2017-08-16,2017-08-16 09:44:36
09:44:39,09:44:39,51.48,0.08,137,705276,买盘,2017-08-16,2017-08-16 09:44:39
09:44:42,09:44:42,51.36,-0.12,33,169488,卖盘,2017-08-16,2017-08-16 09:44:42
09:44:45,09:44:45,51.4,0.04,271,1392940,买盘,2017-08-16,2017-08-16 09:44:45
09:44:48,09:44:48,51.4,--,83,426620,卖盘,2017-08-16,2017-08-16 09:44:48
09:44:51,09:44:51,51.51,0.11,957,4930331,买盘,2017-08-16,2017-08-16 09:44:51
09:44:54,09:44:54,51.4,-0.11,230,1186517,卖盘,2017-08-16,2017-08-16 09:44:54
09:44:57,09:44:57,51.4,--,214,1099960,买盘,2017-08-16,2017-08-16 09:44:57
09:45:00,09:45:00,51.4,--,17,87380,买盘,2017-08-16,2017-08-16 09:45:00
09:45:03,09:45:03,51.33,-0.07,63,323379,卖盘,2017-08-16,2017-08-16 09:45:03
09:45:06,09:45:06,51.31,-0.02,106,543886,卖盘,2017-08-16,2017-08-16 09:45:06
09:45:09,09:45:09,51.41,0.1,38,195358,买盘,2017-08-16,2017-08-16 09:45:09
09:45:12,09:45:12,51.33,-0.08,232,1190856,买盘,2017-08-16,2017-08-16 09:45:12
09:45:15,09:45:15,51.3,-0.03,114,584820,卖盘,2017-08-16,2017-08-16 09:45:15
09:45:18,09:45:18,51.31,0.01,51,261681,中性盘,2017-08-16,2017-08-16 09:45:18
09:45:21,09:45:21,51.33,0.02,213,1093329,买盘,2017-08-16,2017-08-16 09:45:21
09:45:24,09:45:24,51.3,-0.03,78,400140,卖盘,2017-08-16,2017-08-16 09:45:24
09:45:27,09:45:27,51.33,0.03,55,282315,中性盘,2017-08-16,2017-08-16 09:45:27
09:45:30,09:45:30,51.3,-0.03,70,359100,卖盘,2017-08-16,2017-08-16 09:45:30
09:45:33,09:45:33,51.33,0.03,135,692955,中性盘,2017-08-16,2017-08-16 09:45:33
09:45:36,09:45:36,51.31,-0.02,80,410480,卖盘,2017-08-16,2017-08-16 09:45:36
09:45:39,09:45:39,51.3,-0.01,87,446310,买盘,2017-08-16,2017-08-16 09:45:39
09:45:42,09:45:42,51.31,0.01,79,405349,买盘,2017-08-16,2017-08-16 09:45:42
09:45:45,09:45:45,51.3,-0.01,91,466830,卖盘,2017-08-16,2017-08-16 09:45:45
09:45:48,09:45:48,51.3,--,108,554040,买盘,2017-08-16,2017-08-16 09:45:48
09:45:51,09:45:51,51.3,--,128,656640,卖盘,2017-08-16,2017-08-16 09:45:51
09:45:54,09:45:54,51.33,0.03,80,410640,买盘,2017-08-16,2017-08-16 09:45:54
09:45:57,09:45:57,51.2,-0.13,462,2369689,卖盘,2017-08-16,2017-08-16 09:45:57
09:46:00,09:46:00,51.2,--,276,1413120,买盘,2017-08-16,2017-08-16 09:46:00
09:46:03,09:46:03,51.12,-0.08,153,782136,卖盘,2017-08-16,2017-08-16 09:46:03
09:46:06,09:46:06,51.11,-0.01,137,700207,卖盘,2017-08-16,2017-08-16 09:46:06
09:46:09,09:46:09,51.2,0.09,191,977920,买盘,2017-08-16,2017-08-16 09:46:09
09:46:12,09:46:12,51.1,-0.1,263,1343930,卖盘,2017-08-16,2017-08-16 09:46:12
09:46:15,09:46:15,51.09,-0.01,733,3744897,卖盘,2017-08-16,2017-08-16 09:46:15
09:46:18,09:46:18,51.1,0.01,89,454790,中性盘,2017-08-16,2017-08-16 09:46:18
09:46:21,09:46:21,51.12,0.02,266,1359792,买盘,2017-08-16,2017-08-16 09:46:21
09:46:24,09:46:24,51.15,0.03,202,1033230,中性盘,2017-08-16,2017-08-16 09:46:24
09:46:27,09:46:27,51.12,-0.03,189,966168,卖盘,2017-08-16,2017-08-16 09:46:27
09:46:30,09:46:30,51.02,-0.1,294,1499988,卖盘,2017-08-16,2017-08-16 09:46:30
09:46:33,09:46:33,51.1,0.08,86,439460,买盘,2017-08-16,2017-08-16 09:46:33
09:46:36,09:46:36,51.08,-0.02,80,408640,卖盘,2017-08-16,2017-08-16 09:46:36
09:46:39,09:46:39,51.11,0.03,127,649097,买盘,2017-08-16,2017-08-16 09:46:39
09:46:42,09:46:42,51.08,-0.03,68,347344,卖盘,2017-08-16,2017-08-16 09:46:42
09:46:45,09:46:45,51.08,--,96,490368,卖盘,2017-08-16,2017-08-16 09:46:45
09:46:48,09:46:48,51.12,0.04,155,792360,买盘,2017-08-16,2017-08-16 09:46:48
09:46:51,09:46:51,51.1,-0.02,88,449680,中性盘,2017-08-16,2017-08-16 09:46:51
09:46:54,09:46:54,51.08,-0.02,49,250292,卖盘,2017-08-16,2017-08-16 09:46:54
09:46:57,09:46:57,51.03,-0.05,134,683802,卖盘,2017-08-16,2017-08-16 09:46:57
09:47:00,09:47:00,51.04,0.01,147,750288,买盘,2017-08-16,2017-08-16 09:47:00
09:47:03,09:47:03,51.09,0.05,197,1006473,买盘,2017-08-16,2017-08-16 09:47:03
09:47:06,09:47:06,51.04,-0.05,41,209264,卖盘,2017-08-16,2017-08-16 09:47:06
09:47:09,09:47:09,51.04,--,218,1115836,买盘,2017-08-16,2017-08-16 09:47:09
09:47:12,09:47:12,51.04,--,47,239888,卖盘,2017-08-16,2017-08-16 09:47:12
09:47:15,09:47:15,51.03,-0.01,434,2216641,卖盘,2017-08-16,2017-08-16 09:47:15
09:47:18,09:47:18,51.05,0.02,289,1475345,买盘,2017-08-16,2017-08-16 09:47:18
09:47:21,09:47:21,51.0,-0.05,373,1902300,卖盘,2017-08-16,2017-08-16 09:47:21
09:47:24,09:47:24,51.0,--,64,326400,买盘,2017-08-16,2017-08-16 09:47:24
09:47:27,09:47:27,50.95,-0.05,403,2053285,卖盘,2017-08-16,2017-08-16 09:47:27
09:47:30,09:47:30,50.95,--,94,478930,买盘,2017-08-16,2017-08-16 09:47:30
09:47:33,09:47:33,50.91,-0.04,28,142548,卖盘,2017-08-16,2017-08-16 09:47:33
09:47:36,09:47:36,50.9,-0.01,207,1053630,卖盘,2017-08-16,2017-08-16 09:47:36
09:47:39,09:47:39,50.88,-0.02,73,371424,卖盘,2017-08-16,2017-08-16 09:47:39
09:47:42,09:47:42,50.72,-0.16,115,583280,卖盘,2017-08-16,2017-08-16 09:47:42
09:47:45,09:47:45,50.82,0.1,35,177870,买盘,2017-08-16,2017-08-16 09:47:45
09:47:48,09:47:48,50.82,--,143,726726,买盘,2017-08-16,2017-08-16 09:47:48
09:47:51,09:47:51,50.7,-0.12,68,344760,卖盘,2017-08-16,2017-08-16 09:47:51
09:47:54,09:47:54,50.68,-0.02,149,755132,卖盘,2017-08-16,2017-08-16 09:47:54
09:47:57,09:47:57,50.72,0.04,390,1978080,买盘,2017-08-16,2017-08-16 09:47:57
09:48:00,09:48:00,50.57,-0.15,109,551213,卖盘,2017-08-16,2017-08-16 09:48:00
09:48:03,09:48:03,50.57,--,45,227565,买盘,2017-08-16,2017-08-16 09:48:03
09:48:06,09:48:06,50.58,0.01,699,3535542,买盘,2017-08-16,2017-08-16 09:48:06
09:48:09,09:48:09,50.52,-0.06,398,2010696,卖盘,2017-08-16,2017-08-16 09:48:09
09:48:12,09:48:12,50.52,--,117,591084,买盘,2017-08-16,2017-08-16 09:48:12
09:48:15,09:48:15,50.46,-0.06,148,746808,卖盘,2017-08-16,2017-08-16 09:48:15
09:48:18,09:48:18,50.46,--,103,519738,买盘,2017-08-16,2017-08-16 09:48:18
09:48:21,09:48:21,50.35,-0.11,320,1611200,卖盘,2017-08-16,2017-08-16 09:48:21
09:48:24,09:48:24,50.4,0.05,94,473760,中性盘,2017-08-16,2017-08-16 09:48:24
09:48:27,09:48:27,50.41,0.01,138,695658,中性盘,2017-08-16,2017-08-16 09:48:27
09:48:30,09:48:30,50.35,-0.06,316,1591060,卖盘,2017-08-16,2017-08-16 09:48:30
09:48:33,09:48:33,50.35,--,241,1214139,卖盘,2017-08-16,2017-08-16 09:48:33
09:48:36,09:48:36,50.31,-0.04,365,1836315,卖盘,2017-08-16,2017-08-16 09:48:36
09:48:39,09:48:39,50.35,0.04,239,1203365,买盘,2017-08-16,2017-08-16 09:48:39
09:48:42,09:48:42,50.41,0.06,257,1295537,买盘,2017-08-16,2017-08-16 09:48:42
09:48:45,09:48:45,50.35,-0.06,545,2744075,卖盘,2017-08-16,2017-08-16 09:48:45
09:48:48,09:48:48,50.32,-0.03,1134,5710615,卖盘,2017-08-16,2017-08-16 09:48:48
09:48:51,09:48:51,50.45,0.13,90,454756,买盘,2017-08-16,2017-08-16 09:48:51
09:48:54,09:48:54,50.44,-0.01,95,479180,卖盘,2017-08-16,2017-08-16 09:48:54
09:48:57,09:48:57,50.45,0.01,127,640715,中性盘,2017-08-16,2017-08-16 09:48:57
09:49:00,09:49:00,50.45,--,81,408645,卖盘,2017-08-16,2017-08-16 09:49:00
09:49:03,09:49:03,50.44,-0.01,35,176540,中性盘,2017-08-16,2017-08-16 09:49:03
09:49:06,09:49:06,50.45,0.01,162,817290,买盘,2017-08-16,2017-08-16 09:49:06
09:49:09,09:49:09,50.5,0.05,191,964550,中性盘,2017-08-16,2017-08-16 09:49:09
09:49:12,09:49:12,50.5,--,73,368650,卖盘,2017-08-16,2017-08-16 09:49:12
09:49:15,09:49:15,50.56,0.06,54,273024,买盘,2017-08-16,2017-08-16 09:49:15
09:49:18,09:49:18,50.55,-0.01,19,96045,卖盘,2017-08-16,2017-08-16 09:49:18
09:49:21,09:49:21,50.6,0.05,266,1345960,买盘,2017-08-16,2017-08-16 09:49:21
09:49:24,09:49:24,50.6,--,82,414920,卖盘,2017-08-16,2017-08-16 09:49:24
09:49:27,09:49:27,50.6,--,72,364320,卖盘,2017-08-16,2017-08-16 09:49:27
09:49:30,09:49:30,50.8,0.2,47,238760,中性盘,2017-08-16,2017-08-16 09:49:30
09:49:33,09:49:33,50.71,-0.09,69,349899,卖盘,2017-08-16,2017-08-16 09:49:33
09:49:36,09:49:36,50.78,0.07,51,258978,买盘,2017-08-16,2017-08-16 09:49:36
09:49:39,09:49:39,50.78,--,110,558580,买盘,2017-08-16,2017-08-16 09:49:39
09:49:42,09:49:42,50.9,0.12,8,40720,中性盘,2017-08-16,2017-08-16 09:49:42
09:49:45,09:49:45,50.78,-0.12,256,1299968,卖盘,2017-08-16,2017-08-16 09:49:45
09:49:48,09:49:48,50.9,0.12,4,20360,买盘,2017-08-16,2017-08-16 09:49:48
09:49:51,09:49:51,50.88,-0.02,38,193344,卖盘,2017-08-16,2017-08-16 09:49:51
09:49:54,09:49:54,50.91,0.03,160,814560,买盘,2017-08-16,2017-08-16 09:49:54
09:49:57,09:49:57,50.91,--,159,809469,买盘,2017-08-16,2017-08-16 09:49:57
09:50:00,09:50:00,50.88,-0.03,124,630912,中性盘,2017-08-16,2017-08-16 09:50:00
09:50:03,09:50:03,50.78,-0.1,185,939430,卖盘,2017-08-16,2017-08-16 09:50:03
09:50:06,09:50:06,50.88,0.1,125,636000,买盘,2017-08-16,2017-08-16 09:50:06
09:50:09,09:50:09,50.87,-0.01,72,366264,卖盘,2017-08-16,2017-08-16 09:50:09
09:50:12,09:50:12,50.87,--,201,1022487,买盘,2017-08-16,2017-08-16 09:50:12
09:50:15,09:50:15,50.77,-0.1,16,81232,中性盘,2017-08-16,2017-08-16 09:50:15
09:50:18,09:50:18,50.7,-0.07,26,131820,卖盘,2017-08-16,2017-08-16 09:50:18
09:50:21,09:50:21,50.69,-0.01,44,223036,中性盘,2017-08-16,2017-08-16 09:50:21
09:50:24,09:50:24,50.66,-0.03,28,141848,中性盘,2017-08-16,2017-08-16 09:50:24
09:50:27,09:50:27,50.61,-0.05,125,632625,卖盘,2017-08-16,2017-08-16 09:50:27
09:50:30,09:50:30,50.71,0.1,152,770792,买盘,2017-08-16,2017-08-16 09:50:30
09:50:33,09:50:33,50.6,-0.11,73,369380,卖盘,2017-08-16,2017-08-16 09:50:33
09:50:36,09:50:36,50.74,0.14,317,1608458,买盘,2017-08-16,2017-08-16 09:50:36
09:50:39,09:50:39,50.6,-0.14,91,460460,买盘,2017-08-16,2017-08-16 09:50:39
09:50:42,09:50:42,50.6,--,343,1735580,买盘,2017-08-16,2017-08-16 09:50:42
09:50:45,09:50:45,50.52,-0.08,52,262704,卖盘,2017-08-16,2017-08-16 09:50:45
09:50:48,09:50:48,50.52,--,270,1364040,卖盘,2017-08-16,2017-08-16 09:50:48
09:50:51,09:50:51,50.35,-0.17,355,1787425,卖盘,2017-08-16,2017-08-16 09:50:51
09:50:54,09:50:54,50.5,0.15,145,732250,买盘,2017-08-16,2017-08-16 09:50:54
09:50:57,09:50:57,50.32,-0.18,11,55352,中性盘,2017-08-16,2017-08-16 09:50:57
09:51:00,09:51:00,50.46,0.14,72,363312,买盘,2017-08-16,2017-08-16 09:51:00
09:51:03,09:51:03,50.43,-0.03,466,2350038,卖盘,2017-08-16,2017-08-16 09:51:03
09:51:06,09:51:06,50.3,-0.13,61,306830,中性盘,2017-08-16,2017-08-16 09:51:06
09:51:09,09:51:09,50.3,--,115,578450,买盘,2017-08-16,2017-08-16 09:51:09
09:51:12,09:51:12,50.11,-0.19,213,1067343,卖盘,2017-08-16,2017-08-16 09:51:12
09:51:15,09:51:15,50.39,0.28,59,297301,买盘,2017-08-16,2017-08-16 09:51:15
09:51:18,09:51:18,50.33,-0.06,53,266749,买盘,2017-08-16,2017-08-16 09:51:18
09:51:21,09:51:21,50.33,--,107,538531,卖盘,2017-08-16,2017-08-16 09:51:21
09:51:24,09:51:24,50.2,-0.13,69,346380,卖盘,2017-08-16,2017-08-16 09:51:24
09:51:27,09:51:27,50.18,-0.02,203,1018654,卖盘,2017-08-16,2017-08-16 09:51:27
09:51:30,09:51:30,50.18,--,89,446602,卖盘,2017-08-16,2017-08-16 09:51:30
09:51:33,09:51:33,50.12,-0.06,105,526260,卖盘,2017-08-16,2017-08-16 09:51:33
09:51:36,09:51:36,50.15,0.03,67,336005,卖盘,2017-08-16,2017-08-16 09:51:36
09:51:39,09:51:39,50.18,0.03,29,145522,买盘,2017-08-16,2017-08-16 09:51:39
09:51:42,09:51:42,50.15,-0.03,124,621860,中性盘,2017-08-16,2017-08-16 09:51:42
09:51:45,09:51:45,50.15,--,106,531590,买盘,2017-08-16,2017-08-16 09:51:45
09:51:48,09:51:48,50.15,--,456,2286840,买盘,2017-08-16,2017-08-16 09:51:48
09:51:51,09:51:51,50.06,-0.09,35,175210,卖盘,2017-08-16,2017-08-16 09:51:51
09:51:54,09:51:54,50.06,--,33,165198,买盘,2017-08-16,2017-08-16 09:51:54
09:51:59,09:51:59,50.06,--,439,2197634,买盘,2017-08-16,2017-08-16 09:51:59
09:52:02,09:52:02,50.06,--,152,760912,卖盘,2017-08-16,2017-08-16 09:52:02
09:52:05,09:52:05,50.06,--,248,1241488,卖盘,2017-08-16,2017-08-16 09:52:05
09:52:08,09:52:08,50.03,-0.03,208,1040624,卖盘,2017-08-16,2017-08-16 09:52:08
09:52:11,09:52:11,50.04,0.01,503,2517012,买盘,2017-08-16,2017-08-16 09:52:11
09:52:14,09:52:14,50.01,-0.03,232,1160232,中性盘,2017-08-16,2017-08-16 09:52:14
09:52:17,09:52:17,50.0,-0.01,226,1130000,卖盘,2017-08-16,2017-08-16 09:52:17
09:52:20,09:52:20,50.0,--,187,935000,卖盘,2017-08-16,2017-08-16 09:52:20
09:52:23,09:52:23,50.0,--,183,915000,买盘,2017-08-16,2017-08-16 09:52:23
09:52:26,09:52:26,49.96,-0.04,126,629496,卖盘,2017-08-16,2017-08-16 09:52:26
09:52:29,09:52:29,50.0,0.04,211,1055000,买盘,2017-08-16,2017-08-16 09:52:29
09:52:32,09:52:32,50.0,--,539,2695000,买盘,2017-08-16,2017-08-16 09:52:32
09:52:35,09:52:35,49.97,-0.03,87,434739,卖盘,2017-08-16,2017-08-16 09:52:35
09:52:38,09:52:38,49.9,-0.07,92,459080,卖盘,2017-08-16,2017-08-16 09:52:38
09:52:41,09:52:41,49.93,0.03,94,469342,买盘,2017-08-16,2017-08-16 09:52:41
09:52:44,09:52:44,49.95,0.02,77,384615,买盘,2017-08-16,2017-08-16 09:52:44
09:52:47,09:52:47,49.9,-0.05,87,434130,中性盘,2017-08-16,2017-08-16 09:52:47
09:52:50,09:52:50,49.75,-0.15,50,248750,中性盘,2017-08-16,2017-08-16 09:52:50
09:52:53,09:52:53,49.83,0.08,41,204303,中性盘,2017-08-16,2017-08-16 09:52:53
09:52:56,09:52:56,49.9,0.07,172,858280,买盘,2017-08-16,2017-08-16 09:52:56
09:52:59,09:52:59,49.81,-0.09,264,1314984,卖盘,2017-08-16,2017-08-16 09:52:59
09:53:02,09:53:02,49.8,-0.01,416,2071679,中性盘,2017-08-16,2017-08-16 09:53:02
09:53:05,09:53:05,49.81,0.01,175,871675,买盘,2017-08-16,2017-08-16 09:53:05
09:53:08,09:53:08,49.8,-0.01,202,1005960,中性盘,2017-08-16,2017-08-16 09:53:08
09:53:11,09:53:11,49.8,--,109,542820,卖盘,2017-08-16,2017-08-16 09:53:11
09:53:14,09:53:14,49.85,0.05,93,463605,中性盘,2017-08-16,2017-08-16 09:53:14
09:53:17,09:53:17,49.95,0.1,122,609390,买盘,2017-08-16,2017-08-16 09:53:17
09:53:20,09:53:20,49.91,-0.04,1054,5260514,卖盘,2017-08-16,2017-08-16 09:53:20
09:53:23,09:53:23,49.91,--,29,144739,卖盘,2017-08-16,2017-08-16 09:53:23
09:53:26,09:53:26,50.0,0.09,129,645700,买盘,2017-08-16,2017-08-16 09:53:26
09:53:29,09:53:29,50.1,0.1,331,1658310,买盘,2017-08-16,2017-08-16 09:53:29
09:53:32,09:53:32,50.11,0.01,26,130286,买盘,2017-08-16,2017-08-16 09:53:32
09:53:35,09:53:35,50.15,0.04,49,245735,买盘,2017-08-16,2017-08-16 09:53:35
09:53:38,09:53:38,50.2,0.05,82,411640,买盘,2017-08-16,2017-08-16 09:53:38
09:53:41,09:53:41,50.15,-0.05,23,115345,卖盘,2017-08-16,2017-08-16 09:53:41
09:53:44,09:53:44,50.2,0.05,57,286140,买盘,2017-08-16,2017-08-16 09:53:44
09:53:47,09:53:47,50.2,--,64,321280,买盘,2017-08-16,2017-08-16 09:53:47
09:53:50,09:53:50,50.19,-0.01,378,1897182,中性盘,2017-08-16,2017-08-16 09:53:50
09:53:53,09:53:53,50.2,0.01,146,737237,买盘,2017-08-16,2017-08-16 09:53:53
09:53:56,09:53:56,50.2,--,45,225900,卖盘,2017-08-16,2017-08-16 09:53:56
09:53:59,09:53:59,50.3,0.1,72,362160,买盘,2017-08-16,2017-08-16 09:53:59
09:54:02,09:54:02,50.3,--,30,150900,买盘,2017-08-16,2017-08-16 09:54:02
09:54:05,09:54:05,50.3,--,117,588510,买盘,2017-08-16,2017-08-16 09:54:05
09:54:08,09:54:08,50.39,0.09,42,211638,买盘,2017-08-16,2017-08-16 09:54:08
09:54:11,09:54:11,50.39,--,29,146131,卖盘,2017-08-16,2017-08-16 09:54:11
09:54:14,09:54:14,50.35,-0.04,30,151050,卖盘,2017-08-16,2017-08-16 09:54:14
09:54:17,09:54:17,50.4,0.05,10,50400,卖盘,2017-08-16,2017-08-16 09:54:17
09:54:20,09:54:20,50.48,0.08,34,171632,买盘,2017-08-16,2017-08-16 09:54:20
09:54:23,09:54:23,50.4,-0.08,76,383040,卖盘,2017-08-16,2017-08-16 09:54:23
09:54:26,09:54:26,50.35,-0.05,43,216505,卖盘,2017-08-16,2017-08-16 09:54:26
09:54:29,09:54:29,50.49,0.14,251,1267299,买盘,2017-08-16,2017-08-16 09:54:29
09:54:32,09:54:32,50.5,0.01,167,843350,买盘,2017-08-16,2017-08-16 09:54:32
09:54:35,09:54:35,50.48,-0.02,24,121151,中性盘,2017-08-16,2017-08-16 09:54:35
09:54:38,09:54:38,50.49,0.01,25,126225,买盘,2017-08-16,2017-08-16 09:54:38
09:54:41,09:54:41,50.45,-0.04,61,307745,卖盘,2017-08-16,2017-08-16 09:54:41
09:54:44,09:54:44,50.47,0.02,38,191786,买盘,2017-08-16,2017-08-16 09:54:44
09:54:47,09:54:47,50.48,0.01,55,277640,买盘,2017-08-16,2017-08-16 09:54:47
09:54:50,09:54:50,50.49,0.01,56,282744,买盘,2017-08-16,2017-08-16 09:54:50
09:54:53,09:54:53,50.48,-0.01,207,1044935,卖盘,2017-08-16,2017-08-16 09:54:53
09:54:56,09:54:56,50.47,-0.01,200,1009400,卖盘,2017-08-16,2017-08-16 09:54:56
09:54:59,09:54:59,50.4,-0.07,48,241920,中性盘,2017-08-16,2017-08-16 09:54:59
09:55:02,09:55:02,50.4,--,40,201600,买盘,2017-08-16,2017-08-16 09:55:02
09:55:05,09:55:05,50.4,--,46,231840,买盘,2017-08-16,2017-08-16 09:55:05
09:55:08,09:55:08,50.35,-0.05,22,110770,中性盘,2017-08-16,2017-08-16 09:55:08
09:55:11,09:55:11,50.4,0.05,53,267120,买盘,2017-08-16,2017-08-16 09:55:11
09:55:14,09:55:14,50.46,0.06,79,398634,买盘,2017-08-16,2017-08-16 09:55:14
09:55:17,09:55:17,50.31,-0.15,193,970983,卖盘,2017-08-16,2017-08-16 09:55:17
09:55:20,09:55:20,50.4,0.09,44,221760,买盘,2017-08-16,2017-08-16 09:55:20
09:55:23,09:55:23,50.4,--,44,221760,卖盘,2017-08-16,2017-08-16 09:55:23
09:55:26,09:55:26,50.46,0.06,54,272484,买盘,2017-08-16,2017-08-16 09:55:26
09:55:29,09:55:29,50.43,-0.03,60,302580,买盘,2017-08-16,2017-08-16 09:55:29
09:55:32,09:55:32,50.4,-0.03,16,80640,卖盘,2017-08-16,2017-08-16 09:55:32
09:55:35,09:55:35,50.37,-0.03,142,715254,卖盘,2017-08-16,2017-08-16 09:55:35
09:55:38,09:55:38,50.4,0.03,37,188395,买盘,2017-08-16,2017-08-16 09:55:38
09:55:41,09:55:41,50.37,-0.03,158,795846,卖盘,2017-08-16,2017-08-16 09:55:41
09:55:44,09:55:44,50.37,--,10,50370,买盘,2017-08-16,2017-08-16 09:55:44
09:55:47,09:55:47,50.4,0.03,46,231840,买盘,2017-08-16,2017-08-16 09:55:47
09:55:50,09:55:50,50.4,--,80,403200,买盘,2017-08-16,2017-08-16 09:55:50
09:55:53,09:55:53,50.37,-0.03,14,70518,中性盘,2017-08-16,2017-08-16 09:55:53
09:55:56,09:55:56,50.35,-0.02,15,75525,卖盘,2017-08-16,2017-08-16 09:55:56
09:55:59,09:55:59,50.38,0.03,57,287166,买盘,2017-08-16,2017-08-16 09:55:59
09:56:02,09:56:02,50.33,-0.05,38,191254,卖盘,2017-08-16,2017-08-16 09:56:02
09:56:05,09:56:05,50.4,0.07,88,443520,买盘,2017-08-16,2017-08-16 09:56:05
09:56:08,09:56:08,50.35,-0.05,27,135945,卖盘,2017-08-16,2017-08-16 09:56:08
09:56:11,09:56:11,50.4,0.05,49,246960,买盘,2017-08-16,2017-08-16 09:56:11
09:56:14,09:56:14,50.4,--,49,246960,卖盘,2017-08-16,2017-08-16 09:56:14
09:56:17,09:56:17,50.4,--,155,781200,卖盘,2017-08-16,2017-08-16 09:56:17
09:56:20,09:56:20,50.4,--,38,191520,卖盘,2017-08-16,2017-08-16 09:56:20
09:56:23,09:56:23,50.41,0.01,29,146189,卖盘,2017-08-16,2017-08-16 09:56:23
09:56:26,09:56:26,50.49,0.08,324,1635876,买盘,2017-08-16,2017-08-16 09:56:26
09:56:29,09:56:29,50.4,-0.09,29,146160,卖盘,2017-08-16,2017-08-16 09:56:29
09:56:32,09:56:32,50.43,0.03,21,105903,卖盘,2017-08-16,2017-08-16 09:56:32
09:56:35,09:56:35,50.4,-0.03,237,1194480,卖盘,2017-08-16,2017-08-16 09:56:35
09:56:39,09:56:39,50.49,0.09,259,1307691,买盘,2017-08-16,2017-08-16 09:56:39
09:56:42,09:56:42,50.5,0.01,286,1444300,买盘,2017-08-16,2017-08-16 09:56:42
09:56:44,09:56:44,50.53,0.03,314,1586642,买盘,2017-08-16,2017-08-16 09:56:44
09:56:48,09:56:48,50.54,0.01,1,5054,卖盘,2017-08-16,2017-08-16 09:56:48
09:56:51,09:56:51,50.54,--,24,121296,卖盘,2017-08-16,2017-08-16 09:56:51
09:56:53,09:56:53,50.54,--,9,45486,卖盘,2017-08-16,2017-08-16 09:56:53
09:56:57,09:56:57,50.58,0.04,13,65754,买盘,2017-08-16,2017-08-16 09:56:57
09:57:00,09:57:00,50.61,0.03,69,349209,买盘,2017-08-16,2017-08-16 09:57:00
09:57:03,09:57:03,50.59,-0.02,4,20236,中性盘,2017-08-16,2017-08-16 09:57:03
09:57:06,09:57:06,50.6,0.01,29,146740,卖盘,2017-08-16,2017-08-16 09:57:06
09:57:09,09:57:09,50.63,0.03,2,10126,中性盘,2017-08-16,2017-08-16 09:57:09
09:57:12,09:57:12,50.63,--,94,475922,中性盘,2017-08-16,2017-08-16 09:57:12
09:57:15,09:57:15,50.65,0.02,26,131690,买盘,2017-08-16,2017-08-16 09:57:15
09:57:18,09:57:18,50.65,--,60,303900,买盘,2017-08-16,2017-08-16 09:57:18
09:57:21,09:57:21,50.65,--,130,658450,买盘,2017-08-16,2017-08-16 09:57:21
09:57:24,09:57:24,50.63,-0.02,235,1189805,卖盘,2017-08-16,2017-08-16 09:57:24
09:57:27,09:57:27,50.64,0.01,183,926712,买盘,2017-08-16,2017-08-16 09:57:27
09:57:30,09:57:30,50.61,-0.03,28,141708,卖盘,2017-08-16,2017-08-16 09:57:30
09:57:33,09:57:33,50.65,0.04,125,633125,买盘,2017-08-16,2017-08-16 09:57:33
09:57:36,09:57:36,50.68,0.03,39,197652,卖盘,2017-08-16,2017-08-16 09:57:36
09:57:39,09:57:39,50.6,-0.08,152,769120,卖盘,2017-08-16,2017-08-16 09:57:39
09:57:42,09:57:42,50.6,--,28,141680,卖盘,2017-08-16,2017-08-16 09:57:42
09:57:45,09:57:45,50.6,--,18,91080,买盘,2017-08-16,2017-08-16 09:57:45
09:57:48,09:57:48,50.56,-0.04,47,237632,买盘,2017-08-16,2017-08-16 09:57:48
09:57:51,09:57:51,50.5,-0.06,8,40400,卖盘,2017-08-16,2017-08-16 09:57:51
09:57:54,09:57:54,50.5,--,31,156550,卖盘,2017-08-16,2017-08-16 09:57:54
09:57:57,09:57:57,50.59,0.09,6,30354,买盘,2017-08-16,2017-08-16 09:57:57
09:58:00,09:58:00,50.4,-0.19,10,50400,卖盘,2017-08-16,2017-08-16 09:58:00
09:58:03,09:58:03,50.39,-0.01,33,166287,卖盘,2017-08-16,2017-08-16 09:58:03
09:58:06,09:58:06,50.58,0.19,58,293364,买盘,2017-08-16,2017-08-16 09:58:06
09:58:09,09:58:09,50.4,-0.18,28,146109,卖盘,2017-08-16,2017-08-16 09:58:09
09:58:12,09:58:12,50.5,0.1,5,25250,中性盘,2017-08-16,2017-08-16 09:58:12
09:58:15,09:58:15,50.5,--,33,166650,买盘,2017-08-16,2017-08-16 09:58:15
09:58:17,09:58:17,50.5,--,258,1302900,卖盘,2017-08-16,2017-08-16 09:58:17
09:58:21,09:58:21,50.5,--,34,171700,卖盘,2017-08-16,2017-08-16 09:58:21
09:58:24,09:58:24,50.5,--,5,25250,买盘,2017-08-16,2017-08-16 09:58:24
09:58:27,09:58:27,50.58,0.08,59,298422,买盘,2017-08-16,2017-08-16 09:58:27
09:58:30,09:58:30,50.54,-0.04,15,75810,中性盘,2017-08-16,2017-08-16 09:58:30
09:58:33,09:58:33,50.5,-0.04,36,181800,卖盘,2017-08-16,2017-08-16 09:58:33
09:58:36,09:58:36,50.57,0.07,16,80912,中性盘,2017-08-16,2017-08-16 09:58:36
09:58:39,09:58:39,50.49,-0.08,16,80784,卖盘,2017-08-16,2017-08-16 09:58:39
09:58:42,09:58:42,50.49,--,3,15147,买盘,2017-08-16,2017-08-16 09:58:42
09:58:45,09:58:45,50.5,0.01,70,353500,买盘,2017-08-16,2017-08-16 09:58:45
09:58:48,09:58:48,50.5,--,8,40400,买盘,2017-08-16,2017-08-16 09:58:48
09:58:51,09:58:51,50.49,-0.01,85,429165,卖盘,2017-08-16,2017-08-16 09:58:51
09:58:54,09:58:54,50.49,--,26,131274,卖盘,2017-08-16,2017-08-16 09:58:54
09:58:57,09:58:57,50.45,-0.04,56,282520,卖盘,2017-08-16,2017-08-16 09:58:57
09:59:00,09:59:00,50.49,0.04,156,787644,中性盘,2017-08-16,2017-08-16 09:59:00
09:59:03,09:59:03,50.6,0.11,105,531300,买盘,2017-08-16,2017-08-16 09:59:03
09:59:06,09:59:06,50.56,-0.04,30,151680,卖盘,2017-08-16,2017-08-16 09:59:06
09:59:09,09:59:09,50.5,-0.06,81,409050,卖盘,2017-08-16,2017-08-16 09:59:09
09:59:15,09:59:15,50.5,--,122,616100,卖盘,2017-08-16,2017-08-16 09:59:15
09:59:18,09:59:18,50.5,--,18,90900,买盘,2017-08-16,2017-08-16 09:59:18
09:59:21,09:59:21,50.58,0.08,38,192608,买盘,2017-08-16,2017-08-16 09:59:21
09:59:24,09:59:24,50.54,-0.04,238,1202852,中性盘,2017-08-16,2017-08-16 09:59:24
09:59:27,09:59:27,50.47,-0.07,17,85799,中性盘,2017-08-16,2017-08-16 09:59:27
09:59:30,09:59:30,50.5,0.03,12,60600,买盘,2017-08-16,2017-08-16 09:59:30
09:59:33,09:59:33,50.58,0.08,32,161856,买盘,2017-08-16,2017-08-16 09:59:33
09:59:36,09:59:36,50.54,-0.04,10,50540,卖盘,2017-08-16,2017-08-16 09:59:36
09:59:39,09:59:39,50.5,-0.04,82,414100,卖盘,2017-08-16,2017-08-16 09:59:39
09:59:42,09:59:42,50.5,--,19,95950,买盘,2017-08-16,2017-08-16 09:59:42
09:59:45,09:59:45,50.5,--,21,106050,买盘,2017-08-16,2017-08-16 09:59:45
09:59:48,09:59:48,50.5,--,102,515100,买盘,2017-08-16,2017-08-16 09:59:48
09:59:51,09:59:51,50.5,--,11,55550,卖盘,2017-08-16,2017-08-16 09:59:51
09:59:54,09:59:54,50.5,--,13,65650,卖盘,2017-08-16,2017-08-16 09:59:54
09:59:57,09:59:57,50.61,0.11,129,652869,买盘,2017-08-16,2017-08-16 09:59:57
10:00:00,10:00:00,50.61,--,12,60732,卖盘,2017-08-16,2017-08-16 10:00:00
10:00:03,10:00:03,50.61,--,18,91098,卖盘,2017-08-16,2017-08-16 10:00:03
10:00:06,10:00:06,50.61,--,41,207501,买盘,2017-08-16,2017-08-16 10:00:06
10:00:09,10:00:09,50.61,--,3,15183,买盘,2017-08-16,2017-08-16 10:00:09
10:00:12,10:00:12,50.61,--,39,197379,买盘,2017-08-16,2017-08-16 10:00:12
10:00:15,10:00:15,50.61,--,21,106281,买盘,2017-08-16,2017-08-16 10:00:15
10:00:18,10:00:18,50.67,0.06,47,238149,买盘,2017-08-16,2017-08-16 10:00:18
10:00:21,10:00:21,50.66,-0.01,48,243167,卖盘,2017-08-16,2017-08-16 10:00:21
10:00:24,10:00:24,50.65,-0.01,574,2907310,卖盘,2017-08-16,2017-08-16 10:00:24
10:00:27,10:00:27,50.7,0.05,82,415740,买盘,2017-08-16,2017-08-16 10:00:27
10:00:30,10:00:30,50.7,--,22,111540,卖盘,2017-08-16,2017-08-16 10:00:30
10:00:33,10:00:33,50.7,--,55,278850,卖盘,2017-08-16,2017-08-16 10:00:33
10:00:36,10:00:36,50.78,0.08,14,71092,买盘,2017-08-16,2017-08-16 10:00:36
10:00:39,10:00:39,50.84,0.06,8,40672,买盘,2017-08-16,2017-08-16 10:00:39
10:00:42,10:00:42,50.85,0.01,5,25425,买盘,2017-08-16,2017-08-16 10:00:42
10:00:45,10:00:45,50.88,0.03,8,40704,买盘,2017-08-16,2017-08-16 10:00:45
10:00:48,10:00:48,50.86,-0.02,5,25430,中性盘,2017-08-16,2017-08-16 10:00:48
10:00:51,10:00:51,50.88,0.02,89,452832,买盘,2017-08-16,2017-08-16 10:00:51
10:00:54,10:00:54,50.9,0.02,55,279950,买盘,2017-08-16,2017-08-16 10:00:54
10:00:57,10:00:57,50.91,0.01,7,35637,买盘,2017-08-16,2017-08-16 10:00:57
10:01:00,10:01:00,50.88,-0.03,204,1037952,卖盘,2017-08-16,2017-08-16 10:01:00
10:01:03,10:01:03,50.9,0.02,392,1995280,买盘,2017-08-16,2017-08-16 10:01:03
10:01:06,10:01:06,50.9,--,176,895840,卖盘,2017-08-16,2017-08-16 10:01:06
10:01:09,10:01:09,50.86,-0.04,169,859534,卖盘,2017-08-16,2017-08-16 10:01:09
10:01:12,10:01:12,50.93,0.07,61,310673,买盘,2017-08-16,2017-08-16 10:01:12
10:01:15,10:01:15,50.93,--,232,1181576,买盘,2017-08-16,2017-08-16 10:01:15
10:01:18,10:01:18,50.84,-0.09,48,244032,卖盘,2017-08-16,2017-08-16 10:01:18
10:01:21,10:01:21,50.93,0.09,83,422719,买盘,2017-08-16,2017-08-16 10:01:21
10:01:24,10:01:24,50.9,-0.03,17,86530,卖盘,2017-08-16,2017-08-16 10:01:24
10:01:27,10:01:27,50.89,-0.01,39,198471,卖盘,2017-08-16,2017-08-16 10:01:27
10:01:30,10:01:30,50.91,0.02,26,132366,买盘,2017-08-16,2017-08-16 10:01:30
10:01:33,10:01:33,50.9,-0.01,2,10180,中性盘,2017-08-16,2017-08-16 10:01:33
10:01:36,10:01:36,50.91,0.01,9,45819,买盘,2017-08-16,2017-08-16 10:01:36
10:01:39,10:01:39,50.93,0.02,274,1395482,买盘,2017-08-16,2017-08-16 10:01:39
10:01:42,10:01:42,50.91,-0.02,79,402189,卖盘,2017-08-16,2017-08-16 10:01:42
10:01:45,10:01:45,50.9,-0.01,26,132340,卖盘,2017-08-16,2017-08-16 10:01:45
10:01:48,10:01:48,50.8,-0.1,121,614680,卖盘,2017-08-16,2017-08-16 10:01:48
10:01:51,10:01:51,50.8,--,103,523239,买盘,2017-08-16,2017-08-16 10:01:51
10:01:54,10:01:54,50.8,--,9,45720,买盘,2017-08-16,2017-08-16 10:01:54
10:01:57,10:01:57,50.8,--,6,30480,买盘,2017-08-16,2017-08-16 10:01:57
10:02:00,10:02:00,50.8,--,109,553720,买盘,2017-08-16,2017-08-16 10:02:00
10:02:03,10:02:03,50.79,-0.01,4,20316,卖盘,2017-08-16,2017-08-16 10:02:03
10:02:06,10:02:06,50.79,--,93,472347,卖盘,2017-08-16,2017-08-16 10:02:06
10:02:09,10:02:09,50.79,--,48,245722,买盘,2017-08-16,2017-08-16 10:02:09
10:02:12,10:02:12,50.8,0.01,63,320040,买盘,2017-08-16,2017-08-16 10:02:12
10:02:15,10:02:15,50.62,-0.18,223,1131964,卖盘,2017-08-16,2017-08-16 10:02:15
10:02:18,10:02:18,50.63,0.01,20,101260,中性盘,2017-08-16,2017-08-16 10:02:18
10:02:21,10:02:21,50.64,0.01,104,526656,中性盘,2017-08-16,2017-08-16 10:02:21
10:02:24,10:02:24,50.65,0.01,58,293770,中性盘,2017-08-16,2017-08-16 10:02:24
10:02:27,10:02:27,50.66,0.01,5,25330,中性盘,2017-08-16,2017-08-16 10:02:27
10:02:30,10:02:30,50.6,-0.06,9,45540,卖盘,2017-08-16,2017-08-16 10:02:30
10:02:33,10:02:33,50.79,0.19,25,126975,买盘,2017-08-16,2017-08-16 10:02:33
10:02:36,10:02:36,50.51,-0.28,223,1126373,卖盘,2017-08-16,2017-08-16 10:02:36
10:02:39,10:02:39,50.61,0.1,6,30366,买盘,2017-08-16,2017-08-16 10:02:39
10:02:42,10:02:42,50.51,-0.1,12,60612,卖盘,2017-08-16,2017-08-16 10:02:42
10:02:45,10:02:45,50.51,--,26,131326,卖盘,2017-08-16,2017-08-16 10:02:45
10:02:48,10:02:48,50.5,-0.01,227,1146350,卖盘,2017-08-16,2017-08-16 10:02:48
10:02:51,10:02:51,50.5,--,136,686800,买盘,2017-08-16,2017-08-16 10:02:51
10:02:54,10:02:54,50.5,--,203,1025150,买盘,2017-08-16,2017-08-16 10:02:54
10:02:57,10:02:57,50.5,--,46,232300,卖盘,2017-08-16,2017-08-16 10:02:57
10:03:00,10:03:00,50.51,0.01,55,277805,中性盘,2017-08-16,2017-08-16 10:03:00
10:03:03,10:03:03,50.52,0.01,22,111144,买盘,2017-08-16,2017-08-16 10:03:03
10:03:06,10:03:06,50.5,-0.02,134,676700,卖盘,2017-08-16,2017-08-16 10:03:06
10:03:09,10:03:09,50.42,-0.08,48,242016,中性盘,2017-08-16,2017-08-16 10:03:09
10:03:12,10:03:12,50.42,--,6,30252,买盘,2017-08-16,2017-08-16 10:03:12
10:03:15,10:03:15,50.42,--,32,161344,买盘,2017-08-16,2017-08-16 10:03:15
10:03:18,10:03:18,50.43,0.01,12,60516,中性盘,2017-08-16,2017-08-16 10:03:18
10:03:21,10:03:21,50.5,0.07,27,136350,买盘,2017-08-16,2017-08-16 10:03:21
10:03:24,10:03:24,50.56,0.06,35,176960,买盘,2017-08-16,2017-08-16 10:03:24
10:03:27,10:03:27,50.4,-0.16,315,1592236,卖盘,2017-08-16,2017-08-16 10:03:27
10:03:30,10:03:30,50.4,--,108,547747,买盘,2017-08-16,2017-08-16 10:03:30
10:03:33,10:03:33,50.5,0.1,39,196950,买盘,2017-08-16,2017-08-16 10:03:33
10:03:36,10:03:36,50.45,-0.05,80,403600,卖盘,2017-08-16,2017-08-16 10:03:36
10:03:39,10:03:39,50.45,--,0,0,中性盘,2017-08-16,2017-08-16 10:03:39
10:03:42,10:03:42,50.6,0.15,59,300260,买盘,2017-08-16,2017-08-16 10:03:42
10:03:45,10:03:45,50.6,--,47,237820,卖盘,2017-08-16,2017-08-16 10:03:45
10:03:48,10:03:48,50.65,0.05,41,207665,买盘,2017-08-16,2017-08-16 10:03:48
10:03:51,10:03:51,50.65,--,12,60780,卖盘,2017-08-16,2017-08-16 10:03:51
10:03:54,10:03:54,50.68,0.03,37,187516,买盘,2017-08-16,2017-08-16 10:03:54
10:03:57,10:03:57,50.68,--,94,476392,买盘,2017-08-16,2017-08-16 10:03:57
10:04:00,10:04:00,50.68,--,15,76020,买盘,2017-08-16,2017-08-16 10:04:00
10:04:03,10:04:03,50.68,--,21,106428,卖盘,2017-08-16,2017-08-16 10:04:03
10:04:06,10:04:06,50.69,0.01,8,40552,卖盘,2017-08-16,2017-08-16 10:04:06
10:04:09,10:04:09,50.7,0.01,17,86190,中性盘,2017-08-16,2017-08-16 10:04:09
10:04:12,10:04:12,50.71,0.01,32,162272,中性盘,2017-08-16,2017-08-16 10:04:12
10:04:15,10:04:15,50.7,-0.01,46,233220,卖盘,2017-08-16,2017-08-16 10:04:15
10:04:18,10:04:18,50.75,0.05,61,309575,卖盘,2017-08-16,2017-08-16 10:04:18
10:04:21,10:04:21,50.79,0.04,2,10158,卖盘,2017-08-16,2017-08-16 10:04:21
10:04:24,10:04:24,50.79,--,19,96501,卖盘,2017-08-16,2017-08-16 10:04:24
10:04:27,10:04:27,50.88,0.09,69,353005,买盘,2017-08-16,2017-08-16 10:04:27
10:04:30,10:04:30,50.8,-0.08,3,15240,卖盘,2017-08-16,2017-08-16 10:04:30
10:04:33,10:04:33,50.8,--,58,294640,卖盘,2017-08-16,2017-08-16 10:04:33
10:04:36,10:04:36,50.8,--,109,553720,卖盘,2017-08-16,2017-08-16 10:04:36
10:04:39,10:04:39,50.85,0.05,54,274590,中性盘,2017-08-16,2017-08-16 10:04:39
10:04:42,10:04:42,50.82,-0.03,45,228690,中性盘,2017-08-16,2017-08-16 10:04:42
10:04:45,10:04:45,50.7,-0.12,47,238290,卖盘,2017-08-16,2017-08-16 10:04:45
10:04:48,10:04:48,50.8,0.1,23,116840,中性盘,2017-08-16,2017-08-16 10:04:48
10:04:51,10:04:51,50.86,0.06,20,101720,买盘,2017-08-16,2017-08-16 10:04:51
10:04:54,10:04:54,50.8,-0.06,14,71120,中性盘,2017-08-16,2017-08-16 10:04:54
10:04:57,10:04:57,50.81,0.01,25,127025,买盘,2017-08-16,2017-08-16 10:04:57
10:05:03,10:05:03,50.8,-0.01,63,320040,卖盘,2017-08-16,2017-08-16 10:05:03
10:05:06,10:05:06,50.82,0.02,8,40656,中性盘,2017-08-16,2017-08-16 10:05:06
10:05:09,10:05:09,50.82,--,0,0,卖盘,2017-08-16,2017-08-16 10:05:09
10:05:12,10:05:12,50.85,0.03,17,86445,中性盘,2017-08-16,2017-08-16 10:05:12
10:05:15,10:05:15,50.82,-0.03,96,487872,卖盘,2017-08-16,2017-08-16 10:05:15
10:05:18,10:05:18,50.82,--,26,132132,买盘,2017-08-16,2017-08-16 10:05:18
10:05:21,10:05:21,50.83,0.01,45,228735,买盘,2017-08-16,2017-08-16 10:05:21
10:05:24,10:05:24,50.83,--,34,172822,买盘,2017-08-16,2017-08-16 10:05:24
10:05:27,10:05:27,50.83,--,74,376142,买盘,2017-08-16,2017-08-16 10:05:27
10:05:30,10:05:30,50.83,--,26,132158,买盘,2017-08-16,2017-08-16 10:05:30
10:05:33,10:05:33,50.84,0.01,123,625332,买盘,2017-08-16,2017-08-16 10:05:33
10:05:36,10:05:36,50.83,-0.01,54,274482,卖盘,2017-08-16,2017-08-16 10:05:36
10:05:39,10:05:39,50.8,-0.03,124,629920,买盘,2017-08-16,2017-08-16 10:05:39
10:05:42,10:05:42,50.8,--,0,0,买盘,2017-08-16,2017-08-16 10:05:42
10:05:45,10:05:45,50.75,-0.05,83,421225,中性盘,2017-08-16,2017-08-16 10:05:45
10:05:48,10:05:48,50.7,-0.05,25,126750,中性盘,2017-08-16,2017-08-16 10:05:48
10:05:51,10:05:51,50.71,0.01,66,334686,中性盘,2017-08-16,2017-08-16 10:05:51
10:05:54,10:05:54,50.68,-0.03,19,98065,卖盘,2017-08-16,2017-08-16 10:05:54
10:05:57,10:05:57,50.68,--,2,10136,买盘,2017-08-16,2017-08-16 10:05:57
10:06:00,10:06:00,50.6,-0.08,72,365888,卖盘,2017-08-16,2017-08-16 10:06:00
10:06:03,10:06:03,50.68,0.08,7,35476,买盘,2017-08-16,2017-08-16 10:06:03
10:06:06,10:06:06,50.68,--,31,160604,买盘,2017-08-16,2017-08-16 10:06:06
10:06:09,10:06:09,50.6,-0.08,76,384560,卖盘,2017-08-16,2017-08-16 10:06:09
10:06:12,10:06:12,50.51,-0.09,38,191938,卖盘,2017-08-16,2017-08-16 10:06:12
10:06:15,10:06:15,50.68,0.17,40,202720,买盘,2017-08-16,2017-08-16 10:06:15
10:06:18,10:06:18,50.6,-0.08,6,30360,中性盘,2017-08-16,2017-08-16 10:06:18
10:06:21,10:06:21,50.68,0.08,30,152040,买盘,2017-08-16,2017-08-16 10:06:21
10:06:24,10:06:24,50.6,-0.08,130,657800,中性盘,2017-08-16,2017-08-16 10:06:24
10:06:27,10:06:27,50.6,--,18,91080,买盘,2017-08-16,2017-08-16 10:06:27
10:06:30,10:06:30,50.58,-0.02,11,55638,中性盘,2017-08-16,2017-08-16 10:06:30
10:06:33,10:06:33,50.58,--,3,16135,买盘,2017-08-16,2017-08-16 10:06:33
10:06:36,10:06:36,50.58,--,44,222552,买盘,2017-08-16,2017-08-16 10:06:36
10:06:39,10:06:39,50.55,-0.03,13,65715,中性盘,2017-08-16,2017-08-16 10:06:39
10:06:42,10:06:42,50.58,0.03,212,1072296,买盘,2017-08-16,2017-08-16 10:06:42
10:06:45,10:06:45,50.7,0.12,91,461370,买盘,2017-08-16,2017-08-16 10:06:45
10:06:48,10:06:48,50.71,0.01,19,96349,中性盘,2017-08-16,2017-08-16 10:06:48
10:06:51,10:06:51,50.61,-0.1,30,151830,卖盘,2017-08-16,2017-08-16 10:06:51
10:06:54,10:06:54,50.51,-0.1,40,202040,卖盘,2017-08-16,2017-08-16 10:06:54
10:06:57,10:06:57,50.6,0.09,1,5060,买盘,2017-08-16,2017-08-16 10:06:57
10:07:00,10:07:00,50.58,-0.02,18,91044,中性盘,2017-08-16,2017-08-16 10:07:00
10:07:03,10:07:03,50.58,--,0,0,买盘,2017-08-16,2017-08-16 10:07:03
10:07:06,10:07:06,50.52,-0.06,8,40416,中性盘,2017-08-16,2017-08-16 10:07:06
10:07:09,10:07:09,50.61,0.09,23,116403,买盘,2017-08-16,2017-08-16 10:07:09
10:07:15,10:07:15,50.73,0.12,48,243503,买盘,2017-08-16,2017-08-16 10:07:15
10:07:18,10:07:18,50.73,--,26,131898,卖盘,2017-08-16,2017-08-16 10:07:18
10:07:21,10:07:21,50.73,--,41,207993,卖盘,2017-08-16,2017-08-16 10:07:21
10:07:24,10:07:24,50.73,--,67,339891,卖盘,2017-08-16,2017-08-16 10:07:24
10:07:27,10:07:27,50.74,0.01,34,172516,买盘,2017-08-16,2017-08-16 10:07:27
10:07:30,10:07:30,50.76,0.02,4,20304,买盘,2017-08-16,2017-08-16 10:07:30
10:07:33,10:07:33,50.79,0.03,78,396162,买盘,2017-08-16,2017-08-16 10:07:33
10:07:36,10:07:36,50.79,--,216,1097064,卖盘,2017-08-16,2017-08-16 10:07:36
10:07:39,10:07:39,50.8,0.01,1,5080,中性盘,2017-08-16,2017-08-16 10:07:39
10:07:42,10:07:42,50.84,0.04,92,467728,买盘,2017-08-16,2017-08-16 10:07:42
10:07:45,10:07:45,50.79,-0.05,93,472347,卖盘,2017-08-16,2017-08-16 10:07:45
10:07:48,10:07:48,50.83,0.04,32,162656,卖盘,2017-08-16,2017-08-16 10:07:48
10:07:51,10:07:51,51.0,0.17,859,4380900,买盘,2017-08-16,2017-08-16 10:07:51
10:07:54,10:07:54,51.0,--,12,61200,卖盘,2017-08-16,2017-08-16 10:07:54
10:08:00,10:08:00,51.08,0.08,510,2605080,买盘,2017-08-16,2017-08-16 10:08:00
10:08:03,10:08:03,51.06,-0.02,22,112332,中性盘,2017-08-16,2017-08-16 10:08:03
10:08:06,10:08:06,51.08,0.02,29,148132,买盘,2017-08-16,2017-08-16 10:08:06
10:08:09,10:08:09,51.08,--,162,827496,买盘,2017-08-16,2017-08-16 10:08:09
10:08:12,10:08:12,51.1,0.02,57,291270,买盘,2017-08-16,2017-08-16 10:08:12
10:08:15,10:08:15,51.15,0.05,32,166851,买盘,2017-08-16,2017-08-16 10:08:15
10:08:18,10:08:18,51.2,0.05,14,71680,买盘,2017-08-16,2017-08-16 10:08:18
10:08:21,10:08:21,51.2,--,12,61440,买盘,2017-08-16,2017-08-16 10:08:21
10:08:24,10:08:24,51.25,0.05,109,559496,买盘,2017-08-16,2017-08-16 10:08:24
10:08:27,10:08:27,51.26,0.01,81,415206,中性盘,2017-08-16,2017-08-16 10:08:27
10:08:30,10:08:30,51.32,0.06,89,456748,买盘,2017-08-16,2017-08-16 10:08:30
10:08:33,10:08:33,51.32,--,4,20528,卖盘,2017-08-16,2017-08-16 10:08:33
10:08:36,10:08:36,51.33,0.01,51,261783,买盘,2017-08-16,2017-08-16 10:08:36
10:08:39,10:08:39,51.32,-0.01,227,1164964,卖盘,2017-08-16,2017-08-16 10:08:39
10:08:42,10:08:42,51.3,-0.02,146,748980,卖盘,2017-08-16,2017-08-16 10:08:42
10:08:45,10:08:45,51.26,-0.04,45,230670,卖盘,2017-08-16,2017-08-16 10:08:45
10:08:48,10:08:48,51.35,0.09,117,600795,买盘,2017-08-16,2017-08-16 10:08:48
10:08:51,10:08:51,51.34,-0.01,74,379916,中性盘,2017-08-16,2017-08-16 10:08:51
10:08:54,10:08:54,51.33,-0.01,92,472236,卖盘,2017-08-16,2017-08-16 10:08:54
10:08:57,10:08:57,51.4,0.07,21,107940,中性盘,2017-08-16,2017-08-16 10:08:57
10:09:00,10:09:00,51.4,--,20,102800,买盘,2017-08-16,2017-08-16 10:09:00
10:09:03,10:09:03,51.26,-0.14,144,738144,卖盘,2017-08-16,2017-08-16 10:09:03
10:09:06,10:09:06,51.4,0.14,125,642500,买盘,2017-08-16,2017-08-16 10:09:06
10:09:09,10:09:09,51.4,--,14,71960,买盘,2017-08-16,2017-08-16 10:09:09
10:09:12,10:09:12,51.43,0.03,31,159433,买盘,2017-08-16,2017-08-16 10:09:12
10:09:15,10:09:15,51.4,-0.03,29,149060,卖盘,2017-08-16,2017-08-16 10:09:15
10:09:18,10:09:18,51.4,--,49,251860,卖盘,2017-08-16,2017-08-16 10:09:18
10:09:21,10:09:21,51.44,0.04,72,372322,买盘,2017-08-16,2017-08-16 10:09:21
10:09:24,10:09:24,51.44,--,82,421808,卖盘,2017-08-16,2017-08-16 10:09:24
10:09:27,10:09:27,51.45,0.01,86,444425,中性盘,2017-08-16,2017-08-16 10:09:27
10:09:30,10:09:30,51.44,-0.01,102,524688,卖盘,2017-08-16,2017-08-16 10:09:30
10:09:33,10:09:33,51.46,0.02,125,643250,买盘,2017-08-16,2017-08-16 10:09:33
10:09:36,10:09:36,51.44,-0.02,151,777978,中性盘,2017-08-16,2017-08-16 10:09:36
10:09:39,10:09:39,51.4,-0.04,10,51400,中性盘,2017-08-16,2017-08-16 10:09:39
10:09:42,10:09:42,51.43,0.03,23,118289,买盘,2017-08-16,2017-08-16 10:09:42
10:09:45,10:09:45,51.32,-0.11,60,307920,卖盘,2017-08-16,2017-08-16 10:09:45
10:09:48,10:09:48,51.4,0.08,44,226160,买盘,2017-08-16,2017-08-16 10:09:48
10:09:51,10:09:51,51.27,-0.13,78,399906,卖盘,2017-08-16,2017-08-16 10:09:51
10:09:54,10:09:54,51.41,0.14,21,107961,中性盘,2017-08-16,2017-08-16 10:09:54
10:09:57,10:09:57,51.39,-0.02,67,344313,卖盘,2017-08-16,2017-08-16 10:09:57
10:10:00,10:10:00,51.26,-0.13,76,389576,卖盘,2017-08-16,2017-08-16 10:10:00
10:10:03,10:10:03,51.39,0.13,12,61668,买盘,2017-08-16,2017-08-16 10:10:03
10:10:06,10:10:06,51.39,--,90,462510,买盘,2017-08-16,2017-08-16 10:10:06
10:10:09,10:10:09,51.27,-0.12,31,158937,卖盘,2017-08-16,2017-08-16 10:10:09
10:10:12,10:10:12,51.26,-0.01,153,784278,卖盘,2017-08-16,2017-08-16 10:10:12
10:10:15,10:10:15,51.37,0.11,6,30822,买盘,2017-08-16,2017-08-16 10:10:15
10:10:18,10:10:18,51.35,-0.02,2,10270,买盘,2017-08-16,2017-08-16 10:10:18
10:10:21,10:10:21,51.29,-0.06,6,30774,中性盘,2017-08-16,2017-08-16 10:10:21
10:10:24,10:10:24,51.3,0.01,4,20520,买盘,2017-08-16,2017-08-16 10:10:24
10:10:27,10:10:27,51.29,-0.01,29,148741,卖盘,2017-08-16,2017-08-16 10:10:27
10:10:30,10:10:30,51.3,0.01,22,112860,买盘,2017-08-16,2017-08-16 10:10:30
10:10:33,10:10:33,51.3,--,148,759240,买盘,2017-08-16,2017-08-16 10:10:33
10:10:36,10:10:36,51.27,-0.03,29,148683,中性盘,2017-08-16,2017-08-16 10:10:36
10:10:39,10:10:39,51.2,-0.07,12,61440,卖盘,2017-08-16,2017-08-16 10:10:39
10:10:42,10:10:42,51.2,--,21,107520,卖盘,2017-08-16,2017-08-16 10:10:42
10:10:45,10:10:45,51.27,0.07,16,82032,买盘,2017-08-16,2017-08-16 10:10:45
10:10:48,10:10:48,51.27,--,24,127303,买盘,2017-08-16,2017-08-16 10:10:48
10:10:51,10:10:51,51.2,-0.07,47,240640,中性盘,2017-08-16,2017-08-16 10:10:51
10:10:54,10:10:54,51.0,-0.2,67,341700,卖盘,2017-08-16,2017-08-16 10:10:54
10:10:57,10:10:57,51.0,--,6,30600,买盘,2017-08-16,2017-08-16 10:10:57
10:11:00,10:11:00,50.85,-0.15,45,228825,卖盘,2017-08-16,2017-08-16 10:11:00
10:11:03,10:11:03,51.0,0.15,14,71400,买盘,2017-08-16,2017-08-16 10:11:03
10:11:06,10:11:06,50.95,-0.05,72,366840,中性盘,2017-08-16,2017-08-16 10:11:06
10:11:09,10:11:09,51.0,0.05,50,255000,买盘,2017-08-16,2017-08-16 10:11:09
10:11:12,10:11:12,50.85,-0.15,34,172890,卖盘,2017-08-16,2017-08-16 10:11:12
10:11:15,10:11:15,50.86,0.01,63,320418,中性盘,2017-08-16,2017-08-16 10:11:15
10:11:18,10:11:18,51.0,0.14,10,51000,买盘,2017-08-16,2017-08-16 10:11:18
10:11:21,10:11:21,50.88,-0.12,6,30528,中性盘,2017-08-16,2017-08-16 10:11:21
10:11:24,10:11:24,51.0,0.12,42,214200,买盘,2017-08-16,2017-08-16 10:11:24
10:11:27,10:11:27,51.0,--,32,163200,买盘,2017-08-16,2017-08-16 10:11:27
10:11:30,10:11:30,51.01,0.01,39,198939,中性盘,2017-08-16,2017-08-16 10:11:30
10:11:33,10:11:33,51.0,-0.01,39,198900,卖盘,2017-08-16,2017-08-16 10:11:33
10:11:36,10:11:36,50.87,-0.13,83,422221,卖盘,2017-08-16,2017-08-16 10:11:36
10:11:39,10:11:39,50.87,--,35,178045,买盘,2017-08-16,2017-08-16 10:11:39
10:11:42,10:11:42,50.87,--,20,101740,买盘,2017-08-16,2017-08-16 10:11:42
10:11:45,10:11:45,50.86,-0.01,6,30516,卖盘,2017-08-16,2017-08-16 10:11:45
10:11:48,10:11:48,50.91,0.05,94,478553,买盘,2017-08-16,2017-08-16 10:11:48
10:11:51,10:11:51,51.1,0.19,119,608090,买盘,2017-08-16,2017-08-16 10:11:51
10:11:54,10:11:54,51.11,0.01,12,61332,中性盘,2017-08-16,2017-08-16 10:11:54
10:11:59,10:11:59,51.11,--,24,126548,卖盘,2017-08-16,2017-08-16 10:11:59
10:12:02,10:12:02,51.11,--,17,86887,卖盘,2017-08-16,2017-08-16 10:12:02
10:12:05,10:12:05,51.1,-0.01,144,737066,卖盘,2017-08-16,2017-08-16 10:12:05
10:12:08,10:12:08,51.0,-0.1,3,15300,买盘,2017-08-16,2017-08-16 10:12:08
10:12:11,10:12:11,51.08,0.08,25,127700,买盘,2017-08-16,2017-08-16 10:12:11
10:12:14,10:12:14,51.08,--,7,35756,买盘,2017-08-16,2017-08-16 10:12:14
10:12:17,10:12:17,51.0,-0.08,4,20400,中性盘,2017-08-16,2017-08-16 10:12:17
10:12:20,10:12:20,51.0,--,0,0,中性盘,2017-08-16,2017-08-16 10:12:20
10:12:23,10:12:23,51.08,0.08,77,393316,买盘,2017-08-16,2017-08-16 10:12:23
10:12:26,10:12:26,51.0,-0.08,85,433500,卖盘,2017-08-16,2017-08-16 10:12:26
10:12:29,10:12:29,50.97,-0.03,10,50970,中性盘,2017-08-16,2017-08-16 10:12:29
10:12:32,10:12:32,51.0,0.03,113,576300,买盘,2017-08-16,2017-08-16 10:12:32
10:12:35,10:12:35,50.95,-0.05,1,7540,卖盘,2017-08-16,2017-08-16 10:12:35
10:12:38,10:12:38,50.95,--,2,12839,卖盘,2017-08-16,2017-08-16 10:12:38
10:12:41,10:12:41,50.95,--,4,20380,买盘,2017-08-16,2017-08-16 10:12:41
10:12:44,10:12:44,50.96,0.01,25,129846,买盘,2017-08-16,2017-08-16 10:12:44
10:12:47,10:12:47,50.96,--,14,71344,卖盘,2017-08-16,2017-08-16 10:12:47
10:12:50,10:12:50,50.97,0.01,53,270141,买盘,2017-08-16,2017-08-16 10:12:50
10:12:53,10:12:53,50.96,-0.01,4,20384,卖盘,2017-08-16,2017-08-16 10:12:53
10:12:56,10:12:56,50.9,-0.06,44,226606,卖盘,2017-08-16,2017-08-16 10:12:56
10:12:59,10:12:59,50.9,--,10,50900,买盘,2017-08-16,2017-08-16 10:12:59
10:13:02,10:13:02,50.94,0.04,88,450717,买盘,2017-08-16,2017-08-16 10:13:02
10:13:05,10:13:05,50.89,-0.05,75,381675,卖盘,2017-08-16,2017-08-16 10:13:05
10:13:08,10:13:08,50.91,0.02,43,218912,买盘,2017-08-16,2017-08-16 10:13:08
10:13:11,10:13:11,50.94,0.03,62,315828,买盘,2017-08-16,2017-08-16 10:13:11
10:13:14,10:13:14,50.9,-0.04,23,117070,中性盘,2017-08-16,2017-08-16 10:13:14
10:13:17,10:13:17,50.9,--,111,564990,卖盘,2017-08-16,2017-08-16 10:13:17
10:13:20,10:13:20,50.9,--,18,91620,卖盘,2017-08-16,2017-08-16 10:13:20
10:13:23,10:13:23,51.0,0.1,66,336600,买盘,2017-08-16,2017-08-16 10:13:23
10:13:26,10:13:26,50.9,-0.1,58,295220,卖盘,2017-08-16,2017-08-16 10:13:26
10:13:29,10:13:29,50.9,--,26,134783,卖盘,2017-08-16,2017-08-16 10:13:29
10:13:32,10:13:32,50.91,0.01,30,152730,中性盘,2017-08-16,2017-08-16 10:13:32
10:13:35,10:13:35,50.96,0.05,14,71344,买盘,2017-08-16,2017-08-16 10:13:35
10:13:38,10:13:38,50.96,--,9,45864,卖盘,2017-08-16,2017-08-16 10:13:38
10:13:41,10:13:41,50.97,0.01,78,397566,中性盘,2017-08-16,2017-08-16 10:13:41
10:13:44,10:13:44,50.98,0.01,59,300782,中性盘,2017-08-16,2017-08-16 10:13:44
10:13:50,10:13:50,51.0,0.02,14,71400,买盘,2017-08-16,2017-08-16 10:13:50
10:13:53,10:13:53,50.97,-0.03,3,15291,卖盘,2017-08-16,2017-08-16 10:13:53
10:13:56,10:13:56,51.0,0.03,9,45900,买盘,2017-08-16,2017-08-16 10:13:56
10:13:59,10:13:59,51.0,--,9,45900,买盘,2017-08-16,2017-08-16 10:13:59
10:14:02,10:14:02,51.0,--,29,147900,买盘,2017-08-16,2017-08-16 10:14:02
10:14:05,10:14:05,51.08,0.08,22,112376,买盘,2017-08-16,2017-08-16 10:14:05
10:14:08,10:14:08,51.02,-0.06,19,96938,中性盘,2017-08-16,2017-08-16 10:14:08
10:14:11,10:14:11,51.02,--,21,107142,卖盘,2017-08-16,2017-08-16 10:14:11
10:14:14,10:14:14,51.08,0.06,4,20432,买盘,2017-08-16,2017-08-16 10:14:14
10:14:17,10:14:17,51.07,-0.01,5,25535,中性盘,2017-08-16,2017-08-16 10:14:17
10:14:20,10:14:20,51.08,0.01,47,240076,买盘,2017-08-16,2017-08-16 10:14:20
10:14:23,10:14:23,51.08,--,25,127700,买盘,2017-08-16,2017-08-16 10:14:23
10:14:26,10:14:26,51.1,0.02,17,90753,买盘,2017-08-16,2017-08-16 10:14:26
10:14:29,10:14:29,51.08,-0.02,7,35756,卖盘,2017-08-16,2017-08-16 10:14:29
10:14:32,10:14:32,51.1,0.02,13,66430,买盘,2017-08-16,2017-08-16 10:14:32
10:14:35,10:14:35,51.09,-0.01,8,40872,卖盘,2017-08-16,2017-08-16 10:14:35
10:14:38,10:14:38,51.02,-0.07,120,612240,卖盘,2017-08-16,2017-08-16 10:14:38
10:14:41,10:14:41,51.12,0.1,38,194256,买盘,2017-08-16,2017-08-16 10:14:41
10:14:44,10:14:44,51.12,--,1,5112,卖盘,2017-08-16,2017-08-16 10:14:44
10:14:47,10:14:47,51.13,0.01,6,30678,卖盘,2017-08-16,2017-08-16 10:14:47
10:14:50,10:14:50,51.25,0.12,42,215250,买盘,2017-08-16,2017-08-16 10:14:50
10:14:53,10:14:53,51.28,0.03,16,82048,买盘,2017-08-16,2017-08-16 10:14:53
10:14:56,10:14:56,51.25,-0.03,153,784125,卖盘,2017-08-16,2017-08-16 10:14:56
10:15:02,10:15:02,51.3,0.05,40,205200,买盘,2017-08-16,2017-08-16 10:15:02
10:15:05,10:15:05,51.29,-0.01,110,564190,中性盘,2017-08-16,2017-08-16 10:15:05
10:15:08,10:15:08,51.11,-0.18,138,705318,卖盘,2017-08-16,2017-08-16 10:15:08
10:15:11,10:15:11,51.3,0.19,42,215460,买盘,2017-08-16,2017-08-16 10:15:11
10:15:14,10:15:14,51.34,0.04,18,92412,买盘,2017-08-16,2017-08-16 10:15:14
10:15:17,10:15:17,51.36,0.02,113,580368,买盘,2017-08-16,2017-08-16 10:15:17
10:15:20,10:15:20,51.3,-0.06,151,774630,卖盘,2017-08-16,2017-08-16 10:15:20
10:15:23,10:15:23,51.35,0.05,11,56485,卖盘,2017-08-16,2017-08-16 10:15:23
10:15:26,10:15:26,51.4,0.05,2,10280,买盘,2017-08-16,2017-08-16 10:15:26
10:15:29,10:15:29,51.37,-0.03,24,123288,中性盘,2017-08-16,2017-08-16 10:15:29
10:15:32,10:15:32,51.43,0.06,124,637732,买盘,2017-08-16,2017-08-16 10:15:32
10:15:35,10:15:35,51.46,0.03,60,308760,买盘,2017-08-16,2017-08-16 10:15:35
10:15:38,10:15:38,51.42,-0.04,54,277668,卖盘,2017-08-16,2017-08-16 10:15:38
10:15:44,10:15:44,51.48,0.06,9,46332,买盘,2017-08-16,2017-08-16 10:15:44
10:15:47,10:15:47,51.48,--,17,87516,买盘,2017-08-16,2017-08-16 10:15:47
10:15:50,10:15:50,51.49,0.01,60,308940,买盘,2017-08-16,2017-08-16 10:15:50
10:15:53,10:15:53,51.48,-0.01,144,741312,卖盘,2017-08-16,2017-08-16 10:15:53
10:15:56,10:15:56,51.49,0.01,128,659072,买盘,2017-08-16,2017-08-16 10:15:56
10:15:59,10:15:59,51.49,--,105,540645,买盘,2017-08-16,2017-08-16 10:15:59
10:16:02,10:16:02,51.5,0.01,71,368431,买盘,2017-08-16,2017-08-16 10:16:02
10:16:05,10:16:05,51.49,-0.01,21,108129,卖盘,2017-08-16,2017-08-16 10:16:05
10:16:08,10:16:08,51.51,0.02,160,824160,买盘,2017-08-16,2017-08-16 10:16:08
10:16:11,10:16:11,51.51,--,24,123624,买盘,2017-08-16,2017-08-16 10:16:11
10:16:14,10:16:14,51.7,0.19,313,1618210,买盘,2017-08-16,2017-08-16 10:16:14
10:16:17,10:16:17,51.7,--,181,935770,卖盘,2017-08-16,2017-08-16 10:16:17
10:16:20,10:16:20,51.73,0.03,16,82768,买盘,2017-08-16,2017-08-16 10:16:20
10:16:23,10:16:23,51.71,-0.02,16,82736,卖盘,2017-08-16,2017-08-16 10:16:23
10:16:26,10:16:26,51.78,0.07,29,150162,买盘,2017-08-16,2017-08-16 10:16:26
10:16:29,10:16:29,51.78,--,14,72492,买盘,2017-08-16,2017-08-16 10:16:29
10:16:32,10:16:32,51.85,0.07,192,995520,买盘,2017-08-16,2017-08-16 10:16:32
10:16:35,10:16:35,51.8,-0.05,13,67340,卖盘,2017-08-16,2017-08-16 10:16:35
10:16:38,10:16:38,51.81,0.01,42,217602,中性盘,2017-08-16,2017-08-16 10:16:38
10:16:41,10:16:41,51.82,0.01,7,36274,卖盘,2017-08-16,2017-08-16 10:16:41
10:16:44,10:16:44,51.88,0.06,25,129700,买盘,2017-08-16,2017-08-16 10:16:44
10:16:48,10:16:48,51.88,--,222,1151736,买盘,2017-08-16,2017-08-16 10:16:48
10:16:51,10:16:51,51.85,-0.03,153,793305,卖盘,2017-08-16,2017-08-16 10:16:51
10:16:54,10:16:54,51.92,0.07,39,202488,买盘,2017-08-16,2017-08-16 10:16:54
10:16:57,10:16:57,51.92,--,29,150568,中性盘,2017-08-16,2017-08-16 10:16:57
10:17:00,10:17:00,51.98,0.06,141,732918,买盘,2017-08-16,2017-08-16 10:17:00
10:17:02,10:17:02,51.98,--,170,883660,买盘,2017-08-16,2017-08-16 10:17:02
10:17:06,10:17:06,51.96,-0.02,116,602736,卖盘,2017-08-16,2017-08-16 10:17:06
10:17:09,10:17:09,51.98,0.02,128,668566,买盘,2017-08-16,2017-08-16 10:17:09
10:17:12,10:17:12,51.9,-0.08,50,261472,卖盘,2017-08-16,2017-08-16 10:17:12
10:17:14,10:17:14,51.9,--,59,306210,买盘,2017-08-16,2017-08-16 10:17:14
10:17:18,10:17:18,51.9,--,261,1354590,买盘,2017-08-16,2017-08-16 10:17:18
10:17:21,10:17:21,51.85,-0.05,53,274805,卖盘,2017-08-16,2017-08-16 10:17:21
10:17:24,10:17:24,51.86,0.01,57,295602,中性盘,2017-08-16,2017-08-16 10:17:24
10:17:27,10:17:27,51.82,-0.04,22,114004,卖盘,2017-08-16,2017-08-16 10:17:27
10:17:30,10:17:30,51.8,-0.02,29,150220,卖盘,2017-08-16,2017-08-16 10:17:30
10:17:33,10:17:33,51.8,--,9,46620,买盘,2017-08-16,2017-08-16 10:17:33
10:17:36,10:17:36,51.9,0.1,464,2408160,买盘,2017-08-16,2017-08-16 10:17:36
10:17:39,10:17:39,51.7,-0.2,63,325710,卖盘,2017-08-16,2017-08-16 10:17:39
10:17:42,10:17:42,51.7,--,48,248160,买盘,2017-08-16,2017-08-16 10:17:42
10:17:45,10:17:45,51.82,0.12,158,818756,买盘,2017-08-16,2017-08-16 10:17:45
10:17:48,10:17:48,51.82,--,0,0,买盘,2017-08-16,2017-08-16 10:17:48
10:17:51,10:17:51,51.72,-0.1,42,217224,买盘,2017-08-16,2017-08-16 10:17:51
10:17:54,10:17:54,51.8,0.08,13,67340,买盘,2017-08-16,2017-08-16 10:17:54
10:17:57,10:17:57,51.7,-0.1,56,289520,卖盘,2017-08-16,2017-08-16 10:17:57
10:18:00,10:18:00,51.79,0.09,6,31074,买盘,2017-08-16,2017-08-16 10:18:00
10:18:03,10:18:03,51.79,--,14,72506,买盘,2017-08-16,2017-08-16 10:18:03
10:18:06,10:18:06,51.79,--,16,82864,卖盘,2017-08-16,2017-08-16 10:18:06
10:18:09,10:18:09,51.79,--,12,62148,卖盘,2017-08-16,2017-08-16 10:18:09
10:18:12,10:18:12,51.8,0.01,31,160580,买盘,2017-08-16,2017-08-16 10:18:12
10:18:15,10:18:15,51.8,--,8,41440,买盘,2017-08-16,2017-08-16 10:18:15
10:18:18,10:18:18,51.81,0.01,21,108801,买盘,2017-08-16,2017-08-16 10:18:18
10:18:21,10:18:21,51.79,-0.02,67,346993,卖盘,2017-08-16,2017-08-16 10:18:21
10:18:24,10:18:24,51.79,--,2,10358,买盘,2017-08-16,2017-08-16 10:18:24
10:18:27,10:18:27,51.79,--,12,62148,买盘,2017-08-16,2017-08-16 10:18:27
10:18:30,10:18:30,51.79,--,1,5179,买盘,2017-08-16,2017-08-16 10:18:30
10:18:33,10:18:33,51.78,-0.01,46,238188,卖盘,2017-08-16,2017-08-16 10:18:33
10:18:36,10:18:36,51.8,0.02,90,466200,买盘,2017-08-16,2017-08-16 10:18:36
10:18:39,10:18:39,51.8,--,17,88060,买盘,2017-08-16,2017-08-16 10:18:39
10:18:42,10:18:42,51.78,-0.02,11,56958,卖盘,2017-08-16,2017-08-16 10:18:42
10:18:45,10:18:45,51.77,-0.01,6,31062,中性盘,2017-08-16,2017-08-16 10:18:45
10:18:48,10:18:48,51.77,--,0,0,买盘,2017-08-16,2017-08-16 10:18:48
10:18:51,10:18:51,51.78,0.01,30,155340,买盘,2017-08-16,2017-08-16 10:18:51
10:18:54,10:18:54,51.79,0.01,26,134654,买盘,2017-08-16,2017-08-16 10:18:54
10:18:57,10:18:57,51.7,-0.09,61,315370,卖盘,2017-08-16,2017-08-16 10:18:57
10:19:00,10:19:00,51.6,-0.1,92,474720,卖盘,2017-08-16,2017-08-16 10:19:00
10:19:03,10:19:03,51.7,0.1,20,103400,买盘,2017-08-16,2017-08-16 10:19:03
10:19:06,10:19:06,51.7,--,12,62040,买盘,2017-08-16,2017-08-16 10:19:06
10:19:09,10:19:09,51.77,0.07,14,72478,买盘,2017-08-16,2017-08-16 10:19:09
10:19:12,10:19:12,51.7,-0.07,55,284350,中性盘,2017-08-16,2017-08-16 10:19:12
10:19:15,10:19:15,51.61,-0.09,2,10322,卖盘,2017-08-16,2017-08-16 10:19:15
10:19:18,10:19:18,51.7,0.09,24,124080,买盘,2017-08-16,2017-08-16 10:19:18
10:19:21,10:19:21,51.68,-0.02,57,294576,中性盘,2017-08-16,2017-08-16 10:19:21
10:19:24,10:19:24,51.64,-0.04,34,175576,中性盘,2017-08-16,2017-08-16 10:19:24
10:19:27,10:19:27,51.64,--,4,20656,卖盘,2017-08-16,2017-08-16 10:19:27
10:19:30,10:19:30,51.64,--,0,0,卖盘,2017-08-16,2017-08-16 10:19:30
10:19:33,10:19:33,51.69,0.05,22,113718,卖盘,2017-08-16,2017-08-16 10:19:33
10:19:36,10:19:36,51.7,0.01,5,25850,买盘,2017-08-16,2017-08-16 10:19:36
10:19:39,10:19:39,51.75,0.05,24,124200,中性盘,2017-08-16,2017-08-16 10:19:39
10:19:42,10:19:42,51.75,--,0,0,买盘,2017-08-16,2017-08-16 10:19:42
10:19:45,10:19:45,51.75,--,6,31050,买盘,2017-08-16,2017-08-16 10:19:45
10:19:48,10:19:48,51.72,-0.03,9,46548,卖盘,2017-08-16,2017-08-16 10:19:48
10:19:51,10:19:51,51.76,0.04,27,139752,买盘,2017-08-16,2017-08-16 10:19:51
10:19:54,10:19:54,51.77,0.01,24,124248,买盘,2017-08-16,2017-08-16 10:19:54
10:19:57,10:19:57,51.75,-0.02,22,113850,卖盘,2017-08-16,2017-08-16 10:19:57
10:20:00,10:20:00,51.76,0.01,9,46584,中性盘,2017-08-16,2017-08-16 10:20:00
10:20:06,10:20:06,51.79,0.03,24,124296,买盘,2017-08-16,2017-08-16 10:20:06
10:20:09,10:20:09,51.8,0.01,64,331520,买盘,2017-08-16,2017-08-16 10:20:09
10:20:12,10:20:12,51.81,0.01,22,113982,买盘,2017-08-16,2017-08-16 10:20:12
10:20:15,10:20:15,51.8,-0.01,45,233100,中性盘,2017-08-16,2017-08-16 10:20:15
10:20:18,10:20:18,51.84,0.04,72,373248,买盘,2017-08-16,2017-08-16 10:20:18
10:20:21,10:20:21,51.85,0.01,103,537269,买盘,2017-08-16,2017-08-16 10:20:21
10:20:24,10:20:24,51.88,0.03,3,15564,买盘,2017-08-16,2017-08-16 10:20:24
10:20:27,10:20:27,51.88,--,34,176392,买盘,2017-08-16,2017-08-16 10:20:27
10:20:30,10:20:30,51.88,--,8,41504,卖盘,2017-08-16,2017-08-16 10:20:30
10:20:33,10:20:33,51.88,--,26,134888,卖盘,2017-08-16,2017-08-16 10:20:33
10:20:36,10:20:36,51.9,0.02,99,513810,买盘,2017-08-16,2017-08-16 10:20:36
10:20:39,10:20:39,51.9,--,66,342540,买盘,2017-08-16,2017-08-16 10:20:39
10:20:42,10:20:42,51.9,--,40,207600,卖盘,2017-08-16,2017-08-16 10:20:42
10:20:45,10:20:45,51.99,0.09,70,363930,买盘,2017-08-16,2017-08-16 10:20:45
10:20:48,10:20:48,51.95,-0.04,19,98705,卖盘,2017-08-16,2017-08-16 10:20:48
10:20:51,10:20:51,52.0,0.05,537,2792400,买盘,2017-08-16,2017-08-16 10:20:51
10:20:54,10:20:54,52.0,--,260,1352000,买盘,2017-08-16,2017-08-16 10:20:54
10:20:57,10:20:57,52.08,0.08,39,203112,买盘,2017-08-16,2017-08-16 10:20:57
10:21:00,10:21:00,52.07,-0.01,11,57277,中性盘,2017-08-16,2017-08-16 10:21:00
10:21:03,10:21:03,52.1,0.03,27,140670,买盘,2017-08-16,2017-08-16 10:21:03
10:21:06,10:21:06,52.1,--,23,119830,买盘,2017-08-16,2017-08-16 10:21:06
10:21:09,10:21:09,52.19,0.09,83,433177,买盘,2017-08-16,2017-08-16 10:21:09
10:21:12,10:21:12,52.19,--,2,10438,买盘,2017-08-16,2017-08-16 10:21:12
10:21:15,10:21:15,52.2,0.01,111,579420,买盘,2017-08-16,2017-08-16 10:21:15
10:21:18,10:21:18,52.26,0.06,337,1761162,买盘,2017-08-16,2017-08-16 10:21:18
10:21:21,10:21:21,52.26,--,40,209040,卖盘,2017-08-16,2017-08-16 10:21:21
10:21:24,10:21:24,52.26,--,45,235170,卖盘,2017-08-16,2017-08-16 10:21:24
10:21:27,10:21:27,52.26,--,66,344916,卖盘,2017-08-16,2017-08-16 10:21:27
10:21:30,10:21:30,52.3,0.04,76,397480,买盘,2017-08-16,2017-08-16 10:21:30
10:21:33,10:21:33,52.29,-0.01,358,1871982,卖盘,2017-08-16,2017-08-16 10:21:33
10:21:36,10:21:36,52.31,0.02,145,758495,买盘,2017-08-16,2017-08-16 10:21:36
10:21:39,10:21:39,52.3,-0.01,49,256270,卖盘,2017-08-16,2017-08-16 10:21:39
10:21:42,10:21:42,52.33,0.03,19,99427,买盘,2017-08-16,2017-08-16 10:21:42
10:21:45,10:21:45,52.3,-0.03,393,2055390,卖盘,2017-08-16,2017-08-16 10:21:45
10:21:48,10:21:48,52.33,0.03,155,811115,买盘,2017-08-16,2017-08-16 10:21:48
10:21:51,10:21:51,52.35,0.02,119,622965,买盘,2017-08-16,2017-08-16 10:21:51
10:21:54,10:21:54,52.0,-0.35,221,1149200,卖盘,2017-08-16,2017-08-16 10:21:54
10:21:57,10:21:57,52.27,0.27,88,459976,中性盘,2017-08-16,2017-08-16 10:21:57
10:22:00,10:22:00,52.29,0.02,43,224847,买盘,2017-08-16,2017-08-16 10:22:00
10:22:03,10:22:03,52.05,-0.24,38,197790,卖盘,2017-08-16,2017-08-16 10:22:03
10:22:06,10:22:06,52.3,0.25,41,214430,买盘,2017-08-16,2017-08-16 10:22:06
10:22:09,10:22:09,52.2,-0.1,66,344520,中性盘,2017-08-16,2017-08-16 10:22:09
10:22:12,10:22:12,52.0,-0.2,3,15600,卖盘,2017-08-16,2017-08-16 10:22:12
10:22:15,10:22:15,52.2,0.2,81,422820,买盘,2017-08-16,2017-08-16 10:22:15
10:22:18,10:22:18,52.06,-0.14,7,36442,中性盘,2017-08-16,2017-08-16 10:22:18
10:22:21,10:22:21,52.2,0.14,6,31320,买盘,2017-08-16,2017-08-16 10:22:21
10:22:24,10:22:24,52.06,-0.14,26,135356,卖盘,2017-08-16,2017-08-16 10:22:24
10:22:27,10:22:27,52.1,0.04,3,15630,中性盘,2017-08-16,2017-08-16 10:22:27
10:22:30,10:22:30,52.2,0.1,34,177480,买盘,2017-08-16,2017-08-16 10:22:30
10:22:33,10:22:33,52.11,-0.09,3,15633,中性盘,2017-08-16,2017-08-16 10:22:33
10:22:36,10:22:36,52.2,0.09,31,161820,买盘,2017-08-16,2017-08-16 10:22:36
10:22:39,10:22:39,52.2,--,27,140940,买盘,2017-08-16,2017-08-16 10:22:39
10:22:42,10:22:42,52.21,0.01,169,882349,买盘,2017-08-16,2017-08-16 10:22:42
10:22:45,10:22:45,52.22,0.01,130,678860,买盘,2017-08-16,2017-08-16 10:22:45
10:22:48,10:22:48,52.0,-0.22,459,2386800,卖盘,2017-08-16,2017-08-16 10:22:48
10:22:51,10:22:51,52.0,--,12,62400,买盘,2017-08-16,2017-08-16 10:22:51
10:22:54,10:22:54,52.0,--,26,135200,买盘,2017-08-16,2017-08-16 10:22:54
10:22:57,10:22:57,52.0,--,24,124800,买盘,2017-08-16,2017-08-16 10:22:57
10:23:00,10:23:00,51.99,-0.01,236,1226964,卖盘,2017-08-16,2017-08-16 10:23:00
10:23:03,10:23:03,51.97,-0.02,42,218274,卖盘,2017-08-16,2017-08-16 10:23:03
10:23:06,10:23:06,51.99,0.02,31,161169,买盘,2017-08-16,2017-08-16 10:23:06
10:23:09,10:23:09,51.99,--,78,405522,买盘,2017-08-16,2017-08-16 10:23:09
10:23:12,10:23:12,51.97,-0.02,13,67561,卖盘,2017-08-16,2017-08-16 10:23:12
10:23:15,10:23:15,51.99,0.02,17,88383,买盘,2017-08-16,2017-08-16 10:23:15
10:23:18,10:23:18,51.97,-0.02,18,93546,卖盘,2017-08-16,2017-08-16 10:23:18
10:23:21,10:23:21,51.98,0.01,13,67574,买盘,2017-08-16,2017-08-16 10:23:21
10:23:24,10:23:24,51.99,0.01,7,36393,买盘,2017-08-16,2017-08-16 10:23:24
10:23:27,10:23:27,51.99,--,36,187164,买盘,2017-08-16,2017-08-16 10:23:27
10:23:30,10:23:30,51.98,-0.01,7,36386,卖盘,2017-08-16,2017-08-16 10:23:30
10:23:33,10:23:33,51.99,0.01,18,93582,买盘,2017-08-16,2017-08-16 10:23:33
10:23:36,10:23:36,51.97,-0.02,185,961445,卖盘,2017-08-16,2017-08-16 10:23:36
10:23:39,10:23:39,51.99,0.02,20,103980,买盘,2017-08-16,2017-08-16 10:23:39
10:23:42,10:23:42,51.98,-0.01,20,103960,卖盘,2017-08-16,2017-08-16 10:23:42
10:23:45,10:23:45,51.97,-0.01,39,202683,卖盘,2017-08-16,2017-08-16 10:23:45
10:23:48,10:23:48,51.98,0.01,1,5198,中性盘,2017-08-16,2017-08-16 10:23:48
10:23:51,10:23:51,51.97,-0.01,31,161107,卖盘,2017-08-16,2017-08-16 10:23:51
10:23:54,10:23:54,52.0,0.03,25,130000,买盘,2017-08-16,2017-08-16 10:23:54
10:23:57,10:23:57,52.0,--,5,26000,买盘,2017-08-16,2017-08-16 10:23:57
10:24:00,10:24:00,52.0,--,41,213200,卖盘,2017-08-16,2017-08-16 10:24:00
10:24:03,10:24:03,51.91,-0.09,42,218022,卖盘,2017-08-16,2017-08-16 10:24:03
10:24:06,10:24:06,52.0,0.09,5,26000,买盘,2017-08-16,2017-08-16 10:24:06
10:24:09,10:24:09,52.0,--,9,46800,买盘,2017-08-16,2017-08-16 10:24:09
10:24:12,10:24:12,52.0,--,0,0,买盘,2017-08-16,2017-08-16 10:24:12
10:24:15,10:24:15,52.0,--,3,15600,买盘,2017-08-16,2017-08-16 10:24:15
10:24:18,10:24:18,51.99,-0.01,67,348333,卖盘,2017-08-16,2017-08-16 10:24:18
10:24:21,10:24:21,52.0,0.01,22,114400,卖盘,2017-08-16,2017-08-16 10:24:21
10:24:24,10:24:24,52.0,--,23,119600,卖盘,2017-08-16,2017-08-16 10:24:24
10:24:27,10:24:27,51.99,-0.01,22,114378,卖盘,2017-08-16,2017-08-16 10:24:27
10:24:30,10:24:30,51.9,-0.09,40,207600,卖盘,2017-08-16,2017-08-16 10:24:30
10:24:33,10:24:33,51.99,0.09,20,103980,中性盘,2017-08-16,2017-08-16 10:24:33
10:24:36,10:24:36,52.0,0.01,60,312000,买盘,2017-08-16,2017-08-16 10:24:36
10:24:39,10:24:39,51.99,-0.01,8,41592,中性盘,2017-08-16,2017-08-16 10:24:39
10:24:42,10:24:42,51.97,-0.02,49,254653,卖盘,2017-08-16,2017-08-16 10:24:42
10:24:45,10:24:45,51.9,-0.07,52,269880,卖盘,2017-08-16,2017-08-16 10:24:45
10:24:48,10:24:48,51.91,0.01,17,88247,卖盘,2017-08-16,2017-08-16 10:24:48
10:24:51,10:24:51,52.0,0.09,77,400400,买盘,2017-08-16,2017-08-16 10:24:51
10:24:54,10:24:54,51.91,-0.09,13,67483,中性盘,2017-08-16,2017-08-16 10:24:54
10:24:57,10:24:57,51.96,0.05,15,77940,买盘,2017-08-16,2017-08-16 10:24:57
10:25:00,10:25:00,51.96,--,0,0,买盘,2017-08-16,2017-08-16 10:25:00
10:25:03,10:25:03,52.0,0.04,101,525200,买盘,2017-08-16,2017-08-16 10:25:03
10:25:06,10:25:06,52.0,--,38,197600,卖盘,2017-08-16,2017-08-16 10:25:06
10:25:09,10:25:09,52.01,0.01,15,78015,中性盘,2017-08-16,2017-08-16 10:25:09
10:25:12,10:25:12,52.1,0.09,9,46890,买盘,2017-08-16,2017-08-16 10:25:12
10:25:15,10:25:15,52.1,--,8,41680,卖盘,2017-08-16,2017-08-16 10:25:15
10:25:18,10:25:18,52.0,-0.1,76,395200,卖盘,2017-08-16,2017-08-16 10:25:18
10:25:21,10:25:21,52.0,--,11,57200,卖盘,2017-08-16,2017-08-16 10:25:21
10:25:24,10:25:24,52.0,--,16,83200,卖盘,2017-08-16,2017-08-16 10:25:24
10:25:27,10:25:27,52.1,0.1,2,10420,买盘,2017-08-16,2017-08-16 10:25:27
10:25:30,10:25:30,52.1,--,17,88570,买盘,2017-08-16,2017-08-16 10:25:30
10:25:33,10:25:33,52.09,-0.01,1,5209,卖盘,2017-08-16,2017-08-16 10:25:33
10:25:36,10:25:36,52.01,-0.08,38,197638,卖盘,2017-08-16,2017-08-16 10:25:36
10:25:39,10:25:39,52.09,0.08,133,692797,中性盘,2017-08-16,2017-08-16 10:25:39
10:25:42,10:25:42,52.09,--,6,31254,买盘,2017-08-16,2017-08-16 10:25:42
10:25:45,10:25:45,52.01,-0.08,85,442085,卖盘,2017-08-16,2017-08-16 10:25:45
10:25:48,10:25:48,52.02,0.01,38,197676,买盘,2017-08-16,2017-08-16 10:25:48
10:25:51,10:25:51,52.0,-0.02,44,228800,卖盘,2017-08-16,2017-08-16 10:25:51
10:25:54,10:25:54,52.0,--,28,145600,买盘,2017-08-16,2017-08-16 10:25:54
10:25:57,10:25:57,51.91,-0.09,29,150539,卖盘,2017-08-16,2017-08-16 10:25:57
10:26:00,10:26:00,52.0,0.09,26,135200,买盘,2017-08-16,2017-08-16 10:26:00
10:26:03,10:26:03,51.97,-0.03,12,62364,卖盘,2017-08-16,2017-08-16 10:26:03
10:26:06,10:26:06,51.97,--,40,207880,买盘,2017-08-16,2017-08-16 10:26:06
10:26:09,10:26:09,51.91,-0.06,30,155730,卖盘,2017-08-16,2017-08-16 10:26:09
10:26:12,10:26:12,51.81,-0.1,15,77715,卖盘,2017-08-16,2017-08-16 10:26:12
10:26:15,10:26:15,51.9,0.09,3,15570,买盘,2017-08-16,2017-08-16 10:26:15
10:26:18,10:26:18,51.8,-0.1,39,202020,卖盘,2017-08-16,2017-08-16 10:26:18
10:26:21,10:26:21,51.8,--,19,98420,买盘,2017-08-16,2017-08-16 10:26:21
10:26:24,10:26:24,51.8,--,8,41440,买盘,2017-08-16,2017-08-16 10:26:24
10:26:27,10:26:27,51.7,-0.1,55,284350,卖盘,2017-08-16,2017-08-16 10:26:27
10:26:30,10:26:30,51.77,0.07,12,62124,买盘,2017-08-16,2017-08-16 10:26:30
10:26:33,10:26:33,51.75,-0.02,12,62100,中性盘,2017-08-16,2017-08-16 10:26:33
10:26:36,10:26:36,51.68,-0.07,2,10336,中性盘,2017-08-16,2017-08-16 10:26:36
10:26:39,10:26:39,51.7,0.02,2,10340,中性盘,2017-08-16,2017-08-16 10:26:39
10:26:42,10:26:42,51.65,-0.05,33,170445,卖盘,2017-08-16,2017-08-16 10:26:42
10:26:45,10:26:45,51.64,-0.01,12,61968,卖盘,2017-08-16,2017-08-16 10:26:45
10:26:48,10:26:48,51.7,0.06,22,113740,买盘,2017-08-16,2017-08-16 10:26:48
10:26:51,10:26:51,51.65,-0.05,6,30990,卖盘,2017-08-16,2017-08-16 10:26:51
10:26:54,10:26:54,51.62,-0.03,7,36134,卖盘,2017-08-16,2017-08-16 10:26:54
10:26:57,10:26:57,51.64,0.02,16,82624,买盘,2017-08-16,2017-08-16 10:26:57
10:27:00,10:27:00,51.64,--,24,123936,买盘,2017-08-16,2017-08-16 10:27:00
10:27:03,10:27:03,51.64,--,13,67132,买盘,2017-08-16,2017-08-16 10:27:03
10:27:06,10:27:06,51.62,-0.02,6,30972,卖盘,2017-08-16,2017-08-16 10:27:06
10:27:09,10:27:09,51.64,0.02,18,92952,买盘,2017-08-16,2017-08-16 10:27:09
10:27:12,10:27:12,51.59,-0.05,5,25795,中性盘,2017-08-16,2017-08-16 10:27:12
10:27:15,10:27:15,51.6,0.01,3,15480,买盘,2017-08-16,2017-08-16 10:27:15
10:27:18,10:27:18,51.59,-0.01,17,87703,卖盘,2017-08-16,2017-08-16 10:27:18
10:27:21,10:27:21,51.64,0.05,30,154920,买盘,2017-08-16,2017-08-16 10:27:21
10:27:24,10:27:24,51.65,0.01,21,108465,买盘,2017-08-16,2017-08-16 10:27:24
10:27:27,10:27:27,51.64,-0.01,9,46476,中性盘,2017-08-16,2017-08-16 10:27:27
10:27:30,10:27:30,51.65,0.01,45,232425,买盘,2017-08-16,2017-08-16 10:27:30
10:27:33,10:27:33,51.65,--,27,139455,买盘,2017-08-16,2017-08-16 10:27:33
10:27:36,10:27:36,51.65,--,28,144620,卖盘,2017-08-16,2017-08-16 10:27:36
10:27:39,10:27:39,51.66,0.01,21,108486,中性盘,2017-08-16,2017-08-16 10:27:39
10:27:42,10:27:42,51.57,-0.09,209,1077813,卖盘,2017-08-16,2017-08-16 10:27:42
10:27:45,10:27:45,51.67,0.1,4,20668,卖盘,2017-08-16,2017-08-16 10:27:45
10:27:48,10:27:48,51.67,--,0,0,卖盘,2017-08-16,2017-08-16 10:27:48
10:27:51,10:27:51,51.72,0.05,4,20688,中性盘,2017-08-16,2017-08-16 10:27:51
10:27:54,10:27:54,51.74,0.02,10,51740,中性盘,2017-08-16,2017-08-16 10:27:54
10:27:57,10:27:57,51.76,0.02,5,25880,中性盘,2017-08-16,2017-08-16 10:27:57
10:28:00,10:28:00,51.76,--,1,5176,卖盘,2017-08-16,2017-08-16 10:28:00
10:28:03,10:28:03,51.77,0.01,1,5177,卖盘,2017-08-16,2017-08-16 10:28:03
10:28:06,10:28:06,51.78,0.01,6,31068,中性盘,2017-08-16,2017-08-16 10:28:06
10:28:09,10:28:09,51.89,0.11,14,72646,中性盘,2017-08-16,2017-08-16 10:28:09
10:28:12,10:28:12,51.89,--,0,0,中性盘,2017-08-16,2017-08-16 10:28:12
10:28:15,10:28:15,51.89,--,3,15567,卖盘,2017-08-16,2017-08-16 10:28:15
10:28:18,10:28:18,51.9,0.01,15,77850,买盘,2017-08-16,2017-08-16 10:28:18
10:28:21,10:28:21,51.9,--,5,25950,卖盘,2017-08-16,2017-08-16 10:28:21
10:28:24,10:28:24,51.9,--,0,0,卖盘,2017-08-16,2017-08-16 10:28:24
10:28:27,10:28:27,51.97,0.07,91,472927,买盘,2017-08-16,2017-08-16 10:28:27
10:28:30,10:28:30,51.95,-0.02,6,31170,卖盘,2017-08-16,2017-08-16 10:28:30
10:28:33,10:28:33,51.98,0.03,3,15593,中性盘,2017-08-16,2017-08-16 10:28:33
10:28:36,10:28:36,51.9,-0.08,152,788880,卖盘,2017-08-16,2017-08-16 10:28:36
10:28:39,10:28:39,51.9,--,21,108990,买盘,2017-08-16,2017-08-16 10:28:39
10:28:42,10:28:42,51.9,--,32,166080,买盘,2017-08-16,2017-08-16 10:28:42
10:28:45,10:28:45,51.98,0.08,16,83168,买盘,2017-08-16,2017-08-16 10:28:45
10:28:48,10:28:48,51.89,-0.09,4,20756,卖盘,2017-08-16,2017-08-16 10:28:48
10:28:51,10:28:51,51.9,0.01,20,103800,卖盘,2017-08-16,2017-08-16 10:28:51
10:28:54,10:28:54,51.98,0.08,2,10396,买盘,2017-08-16,2017-08-16 10:28:54
10:28:57,10:28:57,51.92,-0.06,4,20768,中性盘,2017-08-16,2017-08-16 10:28:57
10:29:00,10:29:00,51.92,--,4,20768,卖盘,2017-08-16,2017-08-16 10:29:00
10:29:03,10:29:03,51.95,0.03,176,914320,买盘,2017-08-16,2017-08-16 10:29:03
10:29:06,10:29:06,51.9,-0.05,16,83040,卖盘,2017-08-16,2017-08-16 10:29:06
10:29:09,10:29:09,51.98,0.08,26,135148,买盘,2017-08-16,2017-08-16 10:29:09
10:29:12,10:29:12,51.98,--,1,5198,买盘,2017-08-16,2017-08-16 10:29:12
10:29:15,10:29:15,51.96,-0.02,12,62352,卖盘,2017-08-16,2017-08-16 10:29:15
10:29:18,10:29:18,51.98,0.02,235,1221530,买盘,2017-08-16,2017-08-16 10:29:18
10:29:21,10:29:21,51.95,-0.03,6,31170,卖盘,2017-08-16,2017-08-16 10:29:21
10:29:24,10:29:24,51.98,0.03,28,145544,买盘,2017-08-16,2017-08-16 10:29:24
10:29:27,10:29:27,52.0,0.02,61,317200,买盘,2017-08-16,2017-08-16 10:29:27
10:29:30,10:29:30,52.0,--,4,20800,卖盘,2017-08-16,2017-08-16 10:29:30
10:29:33,10:29:33,52.0,--,5,26000,卖盘,2017-08-16,2017-08-16 10:29:33
10:29:36,10:29:36,52.03,0.03,10,52030,买盘,2017-08-16,2017-08-16 10:29:36
10:29:39,10:29:39,52.03,--,2,10406,卖盘,2017-08-16,2017-08-16 10:29:39
10:29:42,10:29:42,52.04,0.01,16,83264,中性盘,2017-08-16,2017-08-16 10:29:42
10:29:45,10:29:45,52.05,0.01,12,62460,中性盘,2017-08-16,2017-08-16 10:29:45
10:29:48,10:29:48,52.08,0.03,5,26040,买盘,2017-08-16,2017-08-16 10:29:48
10:29:51,10:29:51,52.06,-0.02,3,15618,中性盘,2017-08-16,2017-08-16 10:29:51
10:29:54,10:29:54,52.06,--,26,135356,卖盘,2017-08-16,2017-08-16 10:29:54
10:29:57,10:29:57,52.09,0.03,12,62508,买盘,2017-08-16,2017-08-16 10:29:57
10:30:00,10:30:00,52.0,-0.09,212,1102400,卖盘,2017-08-16,2017-08-16 10:30:00
10:30:03,10:30:03,52.06,0.06,26,135356,买盘,2017-08-16,2017-08-16 10:30:03
10:30:06,10:30:06,52.09,0.03,53,276077,买盘,2017-08-16,2017-08-16 10:30:06
10:30:09,10:30:09,52.0,-0.09,19,98800,卖盘,2017-08-16,2017-08-16 10:30:09
10:30:12,10:30:12,52.0,--,48,249600,买盘,2017-08-16,2017-08-16 10:30:12
10:30:15,10:30:15,52.0,--,4,20800,买盘,2017-08-16,2017-08-16 10:30:15
10:30:18,10:30:18,51.99,-0.01,4,20796,卖盘,2017-08-16,2017-08-16 10:30:18
10:30:21,10:30:21,52.0,0.01,28,145600,买盘,2017-08-16,2017-08-16 10:30:21
10:30:24,10:30:24,51.99,-0.01,35,181965,卖盘,2017-08-16,2017-08-16 10:30:24
10:30:27,10:30:27,51.98,-0.01,27,140346,卖盘,2017-08-16,2017-08-16 10:30:27
10:30:30,10:30:30,51.98,--,6,31187,卖盘,2017-08-16,2017-08-16 10:30:30
10:30:33,10:30:33,51.98,--,29,150742,卖盘,2017-08-16,2017-08-16 10:30:33
10:30:36,10:30:36,51.68,-0.3,229,1183472,卖盘,2017-08-16,2017-08-16 10:30:36
10:30:39,10:30:39,51.98,0.3,1,5198,买盘,2017-08-16,2017-08-16 10:30:39
10:30:42,10:30:42,51.98,--,1,5198,买盘,2017-08-16,2017-08-16 10:30:42
10:30:45,10:30:45,51.96,-0.02,38,197448,卖盘,2017-08-16,2017-08-16 10:30:45
10:30:51,10:30:51,51.6,-0.36,81,417960,卖盘,2017-08-16,2017-08-16 10:30:51
10:30:54,10:30:54,51.6,--,14,72240,买盘,2017-08-16,2017-08-16 10:30:54
10:31:00,10:31:00,51.6,--,18,92880,买盘,2017-08-16,2017-08-16 10:31:00
10:31:03,10:31:03,51.9,0.3,7,36330,买盘,2017-08-16,2017-08-16 10:31:03
10:31:06,10:31:06,51.9,--,0,0,买盘,2017-08-16,2017-08-16 10:31:06
10:31:09,10:31:09,51.62,-0.28,12,61944,卖盘,2017-08-16,2017-08-16 10:31:09
10:31:12,10:31:12,51.62,--,0,0,卖盘,2017-08-16,2017-08-16 10:31:12
10:31:15,10:31:15,51.65,0.03,5,25825,卖盘,2017-08-16,2017-08-16 10:31:15
10:31:21,10:31:21,51.9,0.25,10,51900,买盘,2017-08-16,2017-08-16 10:31:21
10:31:24,10:31:24,51.9,--,0,0,买盘,2017-08-16,2017-08-16 10:31:24
10:31:27,10:31:27,51.72,-0.18,10,51720,中性盘,2017-08-16,2017-08-16 10:31:27
10:31:30,10:31:30,51.88,0.16,5,25940,买盘,2017-08-16,2017-08-16 10:31:30
10:31:33,10:31:33,51.85,-0.03,32,165920,买盘,2017-08-16,2017-08-16 10:31:33
10:31:36,10:31:36,51.68,-0.17,1,5168,中性盘,2017-08-16,2017-08-16 10:31:36
10:31:39,10:31:39,51.73,0.05,5,25865,卖盘,2017-08-16,2017-08-16 10:31:39
10:31:42,10:31:42,51.88,0.15,16,83008,买盘,2017-08-16,2017-08-16 10:31:42
10:31:45,10:31:45,51.7,-0.18,33,170610,卖盘,2017-08-16,2017-08-16 10:31:45
10:31:48,10:31:48,51.7,--,6,31020,买盘,2017-08-16,2017-08-16 10:31:48
10:31:51,10:31:51,51.7,--,5,25850,买盘,2017-08-16,2017-08-16 10:31:51
10:31:54,10:31:54,51.69,-0.01,6,31014,卖盘,2017-08-16,2017-08-16 10:31:54
10:31:57,10:31:57,51.7,0.01,47,242990,买盘,2017-08-16,2017-08-16 10:31:57
10:32:00,10:32:00,51.7,--,25,129250,买盘,2017-08-16,2017-08-16 10:32:00
10:32:03,10:32:03,51.69,-0.01,23,118887,卖盘,2017-08-16,2017-08-16 10:32:03
10:32:06,10:32:06,51.7,0.01,11,56870,买盘,2017-08-16,2017-08-16 10:32:06
10:32:09,10:32:09,51.7,--,147,759990,买盘,2017-08-16,2017-08-16 10:32:09
10:32:12,10:32:12,51.7,--,3,15510,卖盘,2017-08-16,2017-08-16 10:32:12
10:32:15,10:32:15,51.69,-0.01,24,124056,卖盘,2017-08-16,2017-08-16 10:32:15
10:32:20,10:32:20,51.72,0.03,4,20688,中性盘,2017-08-16,2017-08-16 10:32:20
10:32:23,10:32:23,51.72,--,3,15516,卖盘,2017-08-16,2017-08-16 10:32:23
10:32:26,10:32:26,51.72,--,159,822348,卖盘,2017-08-16,2017-08-16 10:32:26
10:32:29,10:32:29,51.62,-0.1,20,103240,卖盘,2017-08-16,2017-08-16 10:32:29
10:32:31,10:32:31,51.7,0.08,8,41360,中性盘,2017-08-16,2017-08-16 10:32:31
10:32:35,10:32:35,51.69,-0.01,18,93042,卖盘,2017-08-16,2017-08-16 10:32:35
10:32:38,10:32:38,51.69,--,2,10338,买盘,2017-08-16,2017-08-16 10:32:38
10:32:39,10:32:39,51.72,0.03,1,5172,买盘,2017-08-16,2017-08-16 10:32:39
10:32:44,10:32:44,51.71,-0.01,2,10342,卖盘,2017-08-16,2017-08-16 10:32:44
10:32:47,10:32:47,51.71,--,0,0,卖盘,2017-08-16,2017-08-16 10:32:47
10:32:50,10:32:50,51.71,--,23,118933,卖盘,2017-08-16,2017-08-16 10:32:50
10:32:52,10:32:52,51.73,0.02,17,87941,买盘,2017-08-16,2017-08-16 10:32:52
10:32:56,10:32:56,51.62,-0.11,75,387150,卖盘,2017-08-16,2017-08-16 10:32:56
10:32:57,10:32:57,51.71,0.09,5,25855,买盘,2017-08-16,2017-08-16 10:32:57
10:33:02,10:33:02,51.71,--,0,0,买盘,2017-08-16,2017-08-16 10:33:02
10:33:05,10:33:05,51.69,-0.02,1,5169,中性盘,2017-08-16,2017-08-16 10:33:05
10:33:08,10:33:08,51.69,--,5,25845,买盘,2017-08-16,2017-08-16 10:33:08
10:33:11,10:33:11,51.71,0.02,7,36197,买盘,2017-08-16,2017-08-16 10:33:11
10:33:14,10:33:14,51.7,-0.01,7,36190,卖盘,2017-08-16,2017-08-16 10:33:14
10:33:17,10:33:17,51.7,--,7,36190,买盘,2017-08-16,2017-08-16 10:33:17
10:33:20,10:33:20,51.7,--,21,108570,卖盘,2017-08-16,2017-08-16 10:33:20
10:33:23,10:33:23,51.7,--,19,98230,买盘,2017-08-16,2017-08-16 10:33:23
10:33:26,10:33:26,51.7,--,20,103400,买盘,2017-08-16,2017-08-16 10:33:26
10:33:29,10:33:29,51.64,-0.06,29,149756,卖盘,2017-08-16,2017-08-16 10:33:29
10:33:32,10:33:32,51.69,0.05,13,67197,买盘,2017-08-16,2017-08-16 10:33:32
10:33:35,10:33:35,51.69,--,1,5169,买盘,2017-08-16,2017-08-16 10:33:35
10:33:38,10:33:38,51.66,-0.03,16,82656,中性盘,2017-08-16,2017-08-16 10:33:38
10:33:44,10:33:44,51.66,--,8,41328,卖盘,2017-08-16,2017-08-16 10:33:44
10:33:47,10:33:47,51.66,--,7,36162,买盘,2017-08-16,2017-08-16 10:33:47
10:33:50,10:33:50,51.63,-0.03,62,320106,卖盘,2017-08-16,2017-08-16 10:33:50
10:33:53,10:33:53,51.66,0.03,7,36162,买盘,2017-08-16,2017-08-16 10:33:53
10:33:56,10:33:56,51.69,0.03,51,263619,买盘,2017-08-16,2017-08-16 10:33:56
10:33:59,10:33:59,51.64,-0.05,25,129100,卖盘,2017-08-16,2017-08-16 10:33:59
10:34:02,10:34:02,51.64,--,16,82624,卖盘,2017-08-16,2017-08-16 10:34:02
10:34:05,10:34:05,51.64,--,30,154920,买盘,2017-08-16,2017-08-16 10:34:05
10:34:08,10:34:08,51.62,-0.02,4,20648,卖盘,2017-08-16,2017-08-16 10:34:08
10:34:11,10:34:11,51.62,--,47,242614,卖盘,2017-08-16,2017-08-16 10:34:11
10:34:14,10:34:14,51.61,-0.01,28,144508,卖盘,2017-08-16,2017-08-16 10:34:14
10:34:17,10:34:17,51.62,0.01,9,46458,中性盘,2017-08-16,2017-08-16 10:34:17
10:34:20,10:34:20,51.62,--,16,82592,卖盘,2017-08-16,2017-08-16 10:34:20
10:34:23,10:34:23,51.6,-0.02,3,15480,卖盘,2017-08-16,2017-08-16 10:34:23
10:34:26,10:34:26,51.6,--,50,258000,卖盘,2017-08-16,2017-08-16 10:34:26
10:34:29,10:34:29,51.6,--,30,154800,中性盘,2017-08-16,2017-08-16 10:34:29
10:34:32,10:34:32,51.56,-0.04,13,67028,卖盘,2017-08-16,2017-08-16 10:34:32
10:34:35,10:34:35,51.6,0.04,36,185760,买盘,2017-08-16,2017-08-16 10:34:35
10:34:38,10:34:38,51.55,-0.05,20,103100,卖盘,2017-08-16,2017-08-16 10:34:38
10:34:44,10:34:44,51.55,--,4,20620,买盘,2017-08-16,2017-08-16 10:34:44
10:34:47,10:34:47,51.53,-0.02,113,582289,中性盘,2017-08-16,2017-08-16 10:34:47
10:34:50,10:34:50,51.54,0.01,143,737022,买盘,2017-08-16,2017-08-16 10:34:50
10:34:53,10:34:53,51.49,-0.05,3,15447,中性盘,2017-08-16,2017-08-16 10:34:53
10:35:02,10:35:02,51.37,-0.12,3,15411,中性盘,2017-08-16,2017-08-16 10:35:02
10:35:05,10:35:05,51.37,--,28,143836,卖盘,2017-08-16,2017-08-16 10:35:05
10:35:08,10:35:08,51.36,-0.01,28,143808,买盘,2017-08-16,2017-08-16 10:35:08
10:35:11,10:35:11,51.36,--,7,35952,买盘,2017-08-16,2017-08-16 10:35:11
10:35:14,10:35:14,51.3,-0.06,153,784890,卖盘,2017-08-16,2017-08-16 10:35:14
10:35:17,10:35:17,51.36,0.06,59,303024,买盘,2017-08-16,2017-08-16 10:35:17
10:35:20,10:35:20,51.36,--,22,112992,卖盘,2017-08-16,2017-08-16 10:35:20
10:35:23,10:35:23,51.37,0.01,38,195206,卖盘,2017-08-16,2017-08-16 10:35:23
10:35:26,10:35:26,51.47,0.1,1,5147,卖盘,2017-08-16,2017-08-16 10:35:26
10:35:29,10:35:29,51.47,--,1,5147,卖盘,2017-08-16,2017-08-16 10:35:29
10:35:32,10:35:32,51.37,-0.1,78,400686,卖盘,2017-08-16,2017-08-16 10:35:32
10:35:35,10:35:35,51.36,-0.01,410,2105760,卖盘,2017-08-16,2017-08-16 10:35:35
10:35:38,10:35:38,51.36,--,1,5136,买盘,2017-08-16,2017-08-16 10:35:38
10:35:41,10:35:41,51.36,--,9,46224,买盘,2017-08-16,2017-08-16 10:35:41
10:35:44,10:35:44,51.3,-0.06,26,133380,卖盘,2017-08-16,2017-08-16 10:35:44
10:35:47,10:35:47,51.32,0.02,11,56452,中性盘,2017-08-16,2017-08-16 10:35:47
10:35:50,10:35:50,51.32,--,12,61584,中性盘,2017-08-16,2017-08-16 10:35:50
10:35:53,10:35:53,51.3,-0.02,41,210330,卖盘,2017-08-16,2017-08-16 10:35:53
10:35:56,10:35:56,51.31,0.01,13,66703,中性盘,2017-08-16,2017-08-16 10:35:56
10:35:59,10:35:59,51.3,-0.01,18,92340,卖盘,2017-08-16,2017-08-16 10:35:59
10:36:02,10:36:02,51.3,--,22,112860,中性盘,2017-08-16,2017-08-16 10:36:02
10:36:05,10:36:05,51.32,0.02,34,174488,买盘,2017-08-16,2017-08-16 10:36:05
10:36:08,10:36:08,51.31,-0.01,13,66703,中性盘,2017-08-16,2017-08-16 10:36:08
10:36:11,10:36:11,51.3,-0.01,29,148770,卖盘,2017-08-16,2017-08-16 10:36:11
10:36:14,10:36:14,51.3,--,19,97470,买盘,2017-08-16,2017-08-16 10:36:14
10:36:20,10:36:20,51.3,--,50,256500,买盘,2017-08-16,2017-08-16 10:36:20
10:36:23,10:36:23,51.3,--,23,117990,买盘,2017-08-16,2017-08-16 10:36:23
10:36:26,10:36:26,51.29,-0.01,59,302611,买盘,2017-08-16,2017-08-16 10:36:26
10:36:29,10:36:29,51.27,-0.02,1,5127,买盘,2017-08-16,2017-08-16 10:36:29
10:36:32,10:36:32,51.25,-0.02,38,194750,卖盘,2017-08-16,2017-08-16 10:36:32
10:36:38,10:36:38,51.2,-0.05,12,61440,卖盘,2017-08-16,2017-08-16 10:36:38
10:36:41,10:36:41,51.2,--,5,25600,买盘,2017-08-16,2017-08-16 10:36:41
10:36:44,10:36:44,51.2,--,25,128000,买盘,2017-08-16,2017-08-16 10:36:44
10:36:47,10:36:47,51.14,-0.06,38,194332,卖盘,2017-08-16,2017-08-16 10:36:47
10:36:50,10:36:50,51.19,0.05,66,337854,买盘,2017-08-16,2017-08-16 10:36:50
10:36:53,10:36:53,51.1,-0.09,1,5110,中性盘,2017-08-16,2017-08-16 10:36:53
10:36:56,10:36:56,51.0,-0.1,87,443700,卖盘,2017-08-16,2017-08-16 10:36:56
10:36:59,10:36:59,51.13,0.13,5,25565,买盘,2017-08-16,2017-08-16 10:36:59
10:37:02,10:37:02,51.1,-0.03,23,117530,卖盘,2017-08-16,2017-08-16 10:37:02
10:37:05,10:37:05,51.06,-0.04,50,255300,卖盘,2017-08-16,2017-08-16 10:37:05
10:37:11,10:37:11,51.01,-0.05,10,51010,卖盘,2017-08-16,2017-08-16 10:37:11
10:37:14,10:37:14,51.06,0.05,20,102120,买盘,2017-08-16,2017-08-16 10:37:14
10:37:17,10:37:17,51.02,-0.04,5,25510,卖盘,2017-08-16,2017-08-16 10:37:17
10:37:20,10:37:20,51.02,--,17,86734,卖盘,2017-08-16,2017-08-16 10:37:20
10:37:23,10:37:23,51.0,-0.02,39,198900,卖盘,2017-08-16,2017-08-16 10:37:23
10:37:26,10:37:26,51.01,0.01,19,96919,买盘,2017-08-16,2017-08-16 10:37:26
10:37:30,10:37:30,51.0,-0.01,22,112200,卖盘,2017-08-16,2017-08-16 10:37:30
10:37:32,10:37:32,51.0,--,15,76500,买盘,2017-08-16,2017-08-16 10:37:32
10:37:35,10:37:35,51.0,--,3,15300,买盘,2017-08-16,2017-08-16 10:37:35
10:37:38,10:37:38,51.0,--,9,45900,买盘,2017-08-16,2017-08-16 10:37:38
10:37:42,10:37:42,50.95,-0.05,24,122280,卖盘,2017-08-16,2017-08-16 10:37:42
10:37:45,10:37:45,50.95,--,9,45855,买盘,2017-08-16,2017-08-16 10:37:45
10:37:48,10:37:48,50.95,--,4,20380,买盘,2017-08-16,2017-08-16 10:37:48
10:37:51,10:37:51,50.95,--,1,5095,买盘,2017-08-16,2017-08-16 10:37:51
10:37:54,10:37:54,50.93,-0.02,29,147697,卖盘,2017-08-16,2017-08-16 10:37:54
10:37:56,10:37:56,50.93,--,10,50930,买盘,2017-08-16,2017-08-16 10:37:56
10:38:00,10:38:00,50.95,0.02,97,494215,买盘,2017-08-16,2017-08-16 10:38:00
10:38:03,10:38:03,50.92,-0.03,16,81472,买盘,2017-08-16,2017-08-16 10:38:03
10:38:06,10:38:06,50.9,-0.02,66,337874,卖盘,2017-08-16,2017-08-16 10:38:06
10:38:09,10:38:09,50.98,0.08,14,71372,买盘,2017-08-16,2017-08-16 10:38:09
10:38:12,10:38:12,50.92,-0.06,19,96748,中性盘,2017-08-16,2017-08-16 10:38:12
10:38:15,10:38:15,50.91,-0.01,243,1240269,卖盘,2017-08-16,2017-08-16 10:38:15
10:38:18,10:38:18,50.91,--,100,509099,买盘,2017-08-16,2017-08-16 10:38:18
10:38:21,10:38:21,50.86,-0.05,30,152580,卖盘,2017-08-16,2017-08-16 10:38:21
10:38:24,10:38:24,50.86,--,20,101720,买盘,2017-08-16,2017-08-16 10:38:24
10:38:27,10:38:27,50.86,--,6,30516,买盘,2017-08-16,2017-08-16 10:38:27
10:38:30,10:38:30,50.88,0.02,26,132288,买盘,2017-08-16,2017-08-16 10:38:30
10:38:33,10:38:33,50.88,--,34,172992,买盘,2017-08-16,2017-08-16 10:38:33
10:38:36,10:38:36,50.8,-0.08,84,426720,卖盘,2017-08-16,2017-08-16 10:38:36
10:38:39,10:38:39,50.8,--,15,76200,买盘,2017-08-16,2017-08-16 10:38:39
10:38:42,10:38:42,50.85,0.05,6,30510,买盘,2017-08-16,2017-08-16 10:38:42
10:38:45,10:38:45,50.85,--,29,147465,买盘,2017-08-16,2017-08-16 10:38:45
10:38:48,10:38:48,50.81,-0.04,2,10162,中性盘,2017-08-16,2017-08-16 10:38:48
10:38:51,10:38:51,50.79,-0.02,29,147291,卖盘,2017-08-16,2017-08-16 10:38:51
10:38:54,10:38:54,50.77,-0.02,20,101540,卖盘,2017-08-16,2017-08-16 10:38:54
10:38:57,10:38:57,50.75,-0.02,9,45675,卖盘,2017-08-16,2017-08-16 10:38:57
10:39:00,10:39:00,50.77,0.02,22,111694,买盘,2017-08-16,2017-08-16 10:39:00
10:39:03,10:39:03,50.77,--,4,20308,买盘,2017-08-16,2017-08-16 10:39:03
10:39:06,10:39:06,50.75,-0.02,27,137025,卖盘,2017-08-16,2017-08-16 10:39:06
10:39:09,10:39:09,50.77,0.02,11,55847,买盘,2017-08-16,2017-08-16 10:39:09
10:39:12,10:39:12,50.77,--,26,132002,买盘,2017-08-16,2017-08-16 10:39:12
10:39:15,10:39:15,50.76,-0.01,18,91368,卖盘,2017-08-16,2017-08-16 10:39:15
10:39:18,10:39:18,50.79,0.03,16,81264,买盘,2017-08-16,2017-08-16 10:39:18
10:39:21,10:39:21,50.79,--,78,396162,买盘,2017-08-16,2017-08-16 10:39:21
10:39:27,10:39:27,50.8,0.01,43,218440,买盘,2017-08-16,2017-08-16 10:39:27
10:39:30,10:39:30,50.8,--,20,101600,买盘,2017-08-16,2017-08-16 10:39:30
10:39:33,10:39:33,50.8,--,19,96520,卖盘,2017-08-16,2017-08-16 10:39:33
10:39:36,10:39:36,50.85,0.05,16,81360,买盘,2017-08-16,2017-08-16 10:39:36
10:39:39,10:39:39,50.88,0.03,111,564768,买盘,2017-08-16,2017-08-16 10:39:39
10:39:42,10:39:42,50.83,-0.05,12,60996,卖盘,2017-08-16,2017-08-16 10:39:42
10:39:45,10:39:45,50.92,0.09,23,117116,买盘,2017-08-16,2017-08-16 10:39:45
