idx_time,time,price,change,volume,amount,type,date,date_time
09:25:03,09:25:03,24.35,24.35,7820,19041700,买盘,2017-06-22,2017-06-22 09:25:03
09:29:00,09:29:00,24.35,--,0,0,买盘,2017-06-22,2017-06-22 09:29:00
09:30:00,09:30:00,24.3,-0.05,457,1110510,卖盘,2017-06-22,2017-06-22 09:30:00
09:30:03,09:30:03,24.35,0.05,3979,9689595,买盘,2017-06-22,2017-06-22 09:30:03
09:30:06,09:30:06,24.26,-0.09,1590,3858674,卖盘,2017-06-22,2017-06-22 09:30:06
09:30:09,09:30:09,24.26,--,182,443594,卖盘,2017-06-22,2017-06-22 09:30:09
09:30:12,09:30:12,24.35,0.09,135,328725,买盘,2017-06-22,2017-06-22 09:30:12
09:30:15,09:30:15,24.5,0.15,207,509232,买盘,2017-06-22,2017-06-22 09:30:15
09:30:18,09:30:18,24.26,-0.24,280,679280,卖盘,2017-06-22,2017-06-22 09:30:18
09:30:21,09:30:21,24.55,0.29,347,851885,买盘,2017-06-22,2017-06-22 09:30:21
09:30:24,09:30:24,24.45,-0.1,79,195233,卖盘,2017-06-22,2017-06-22 09:30:24
09:30:27,09:30:27,24.45,--,203,496335,买盘,2017-06-22,2017-06-22 09:30:27
09:30:30,09:30:30,24.45,--,63,154035,买盘,2017-06-22,2017-06-22 09:30:30
09:30:33,09:30:33,24.42,-0.03,203,495726,中性盘,2017-06-22,2017-06-22 09:30:33
09:30:36,09:30:36,24.4,-0.02,197,480680,中性盘,2017-06-22,2017-06-22 09:30:36
09:30:39,09:30:39,24.3,-0.1,305,741514,卖盘,2017-06-22,2017-06-22 09:30:39
09:30:42,09:30:42,24.3,--,162,393660,买盘,2017-06-22,2017-06-22 09:30:42
09:30:45,09:30:45,24.28,-0.02,278,674984,卖盘,2017-06-22,2017-06-22 09:30:45
09:30:48,09:30:48,24.28,--,187,456099,买盘,2017-06-22,2017-06-22 09:30:48
09:30:51,09:30:51,24.28,--,260,631280,买盘,2017-06-22,2017-06-22 09:30:51
09:30:54,09:30:54,24.28,--,369,895932,买盘,2017-06-22,2017-06-22 09:30:54
09:30:57,09:30:57,24.25,-0.03,296,717800,卖盘,2017-06-22,2017-06-22 09:30:57
09:31:00,09:31:00,24.28,0.03,285,691980,买盘,2017-06-22,2017-06-22 09:31:00
09:31:03,09:31:03,24.33,0.05,371,902740,买盘,2017-06-22,2017-06-22 09:31:03
09:31:06,09:31:06,24.22,-0.11,87,210714,卖盘,2017-06-22,2017-06-22 09:31:06
09:31:09,09:31:09,24.25,0.03,116,281300,买盘,2017-06-22,2017-06-22 09:31:09
09:31:12,09:31:12,24.22,-0.03,162,392364,卖盘,2017-06-22,2017-06-22 09:31:12
09:31:15,09:31:15,24.2,-0.02,290,701800,卖盘,2017-06-22,2017-06-22 09:31:15
09:31:18,09:31:18,24.21,0.01,317,767457,买盘,2017-06-22,2017-06-22 09:31:18
09:31:21,09:31:21,24.2,-0.01,296,718014,中性盘,2017-06-22,2017-06-22 09:31:21
09:31:24,09:31:24,24.19,-0.01,220,532180,卖盘,2017-06-22,2017-06-22 09:31:24
09:31:27,09:31:27,24.16,-0.03,360,870484,卖盘,2017-06-22,2017-06-22 09:31:27
09:31:30,09:31:30,24.16,--,122,294752,卖盘,2017-06-22,2017-06-22 09:31:30
09:31:33,09:31:33,24.15,-0.01,419,1011884,卖盘,2017-06-22,2017-06-22 09:31:33
09:31:36,09:31:36,24.13,-0.02,228,551298,卖盘,2017-06-22,2017-06-22 09:31:36
09:31:39,09:31:39,24.15,0.02,120,289800,买盘,2017-06-22,2017-06-22 09:31:39
09:31:42,09:31:42,24.11,-0.04,277,669896,卖盘,2017-06-22,2017-06-22 09:31:42
09:31:45,09:31:45,24.02,-0.09,918,2206669,卖盘,2017-06-22,2017-06-22 09:31:45
09:31:48,09:31:48,24.05,0.03,195,468975,中性盘,2017-06-22,2017-06-22 09:31:48
09:31:51,09:31:51,24.02,-0.03,134,321868,卖盘,2017-06-22,2017-06-22 09:31:51
09:31:54,09:31:54,24.0,-0.02,571,1371504,卖盘,2017-06-22,2017-06-22 09:31:54
09:31:57,09:31:57,23.99,-0.01,478,1148017,卖盘,2017-06-22,2017-06-22 09:31:57
09:32:00,09:32:00,23.95,-0.04,597,1429815,卖盘,2017-06-22,2017-06-22 09:32:00
09:32:03,09:32:03,23.97,0.02,239,572883,中性盘,2017-06-22,2017-06-22 09:32:03
09:32:06,09:32:06,23.93,-0.04,96,229728,中性盘,2017-06-22,2017-06-22 09:32:06
09:32:09,09:32:09,23.89,-0.04,313,747757,中性盘,2017-06-22,2017-06-22 09:32:09
09:32:12,09:32:12,23.88,-0.01,189,451332,买盘,2017-06-22,2017-06-22 09:32:12
09:32:15,09:32:15,23.86,-0.02,147,350742,卖盘,2017-06-22,2017-06-22 09:32:15
09:32:18,09:32:18,23.81,-0.05,456,1087307,卖盘,2017-06-22,2017-06-22 09:32:18
09:32:21,09:32:21,23.8,-0.01,282,671160,卖盘,2017-06-22,2017-06-22 09:32:21
09:32:24,09:32:24,23.75,-0.05,258,613557,卖盘,2017-06-22,2017-06-22 09:32:24
09:32:27,09:32:27,23.72,-0.03,202,479144,卖盘,2017-06-22,2017-06-22 09:32:27
09:32:30,09:32:30,23.72,--,220,521840,卖盘,2017-06-22,2017-06-22 09:32:30
09:32:33,09:32:33,23.72,--,512,1214464,中性盘,2017-06-22,2017-06-22 09:32:33
09:32:36,09:32:36,23.7,-0.02,253,599610,卖盘,2017-06-22,2017-06-22 09:32:36
09:32:39,09:32:39,23.72,0.02,411,974892,买盘,2017-06-22,2017-06-22 09:32:39
09:32:42,09:32:42,23.7,-0.02,650,1542372,中性盘,2017-06-22,2017-06-22 09:32:42
09:32:45,09:32:45,23.7,--,434,1028722,卖盘,2017-06-22,2017-06-22 09:32:45
09:32:48,09:32:48,23.68,-0.02,410,972750,中性盘,2017-06-22,2017-06-22 09:32:48
09:32:51,09:32:51,23.7,0.02,578,1369860,买盘,2017-06-22,2017-06-22 09:32:51
09:32:54,09:32:54,23.7,--,367,870098,卖盘,2017-06-22,2017-06-22 09:32:54
09:32:57,09:32:57,23.72,0.02,503,1193116,买盘,2017-06-22,2017-06-22 09:32:57
09:33:00,09:33:00,23.7,-0.02,694,1647007,买盘,2017-06-22,2017-06-22 09:33:00
09:33:03,09:33:03,23.7,--,427,1012890,卖盘,2017-06-22,2017-06-22 09:33:03
09:33:06,09:33:06,23.7,--,193,457410,卖盘,2017-06-22,2017-06-22 09:33:06
09:33:09,09:33:09,23.72,0.02,326,774386,买盘,2017-06-22,2017-06-22 09:33:09
09:33:12,09:33:12,23.81,0.09,555,1321716,买盘,2017-06-22,2017-06-22 09:33:12
09:33:15,09:33:15,23.73,-0.08,317,752241,卖盘,2017-06-22,2017-06-22 09:33:15
09:33:18,09:33:18,23.79,0.06,146,349356,买盘,2017-06-22,2017-06-22 09:33:18
09:33:22,09:33:22,23.81,0.02,127,302387,买盘,2017-06-22,2017-06-22 09:33:22
09:33:24,09:33:24,23.8,-0.01,212,504560,卖盘,2017-06-22,2017-06-22 09:33:24
09:33:27,09:33:27,23.82,0.02,212,504984,买盘,2017-06-22,2017-06-22 09:33:27
09:33:30,09:33:30,23.85,0.03,110,263470,中性盘,2017-06-22,2017-06-22 09:33:30
09:33:33,09:33:33,23.86,0.01,132,316073,中性盘,2017-06-22,2017-06-22 09:33:33
09:33:36,09:33:36,23.87,0.01,252,601524,中性盘,2017-06-22,2017-06-22 09:33:36
09:33:39,09:33:39,23.88,0.01,64,152832,卖盘,2017-06-22,2017-06-22 09:33:39
09:33:42,09:33:42,23.94,0.06,192,459648,买盘,2017-06-22,2017-06-22 09:33:42
09:33:45,09:33:45,23.96,0.02,70,167720,买盘,2017-06-22,2017-06-22 09:33:45
09:33:49,09:33:49,23.96,--,82,196472,买盘,2017-06-22,2017-06-22 09:33:49
09:33:51,09:33:51,23.98,0.02,159,381282,买盘,2017-06-22,2017-06-22 09:33:51
09:33:54,09:33:54,23.99,0.01,88,211112,买盘,2017-06-22,2017-06-22 09:33:54
09:33:57,09:33:57,23.99,--,123,295077,卖盘,2017-06-22,2017-06-22 09:33:57
09:34:00,09:34:00,24.01,0.02,109,261709,买盘,2017-06-22,2017-06-22 09:34:00
09:34:04,09:34:04,24.01,--,74,179138,买盘,2017-06-22,2017-06-22 09:34:04
09:34:06,09:34:06,24.02,0.01,108,259416,买盘,2017-06-22,2017-06-22 09:34:06
09:34:09,09:34:09,24.02,--,154,369908,买盘,2017-06-22,2017-06-22 09:34:09
09:34:12,09:34:12,24.09,0.07,122,293898,中性盘,2017-06-22,2017-06-22 09:34:12
09:34:16,09:34:16,24.04,-0.05,100,240400,卖盘,2017-06-22,2017-06-22 09:34:16
09:34:19,09:34:19,24.04,--,123,295692,卖盘,2017-06-22,2017-06-22 09:34:19
09:34:22,09:34:22,24.02,-0.02,422,1013644,卖盘,2017-06-22,2017-06-22 09:34:22
09:34:25,09:34:25,24.08,0.06,381,917447,买盘,2017-06-22,2017-06-22 09:34:25
09:34:28,09:34:28,24.06,-0.02,257,618342,中性盘,2017-06-22,2017-06-22 09:34:28
09:34:31,09:34:31,24.0,-0.06,608,1460136,卖盘,2017-06-22,2017-06-22 09:34:31
09:34:33,09:34:33,24.0,--,87,208800,买盘,2017-06-22,2017-06-22 09:34:33
09:34:36,09:34:36,23.99,-0.01,146,350254,卖盘,2017-06-22,2017-06-22 09:34:36
09:34:39,09:34:39,23.99,--,230,551770,买盘,2017-06-22,2017-06-22 09:34:39
09:34:43,09:34:43,23.97,-0.02,137,328389,卖盘,2017-06-22,2017-06-22 09:34:43
09:34:46,09:34:46,23.9,-0.07,471,1125690,卖盘,2017-06-22,2017-06-22 09:34:46
09:34:48,09:34:48,23.97,0.07,165,395505,买盘,2017-06-22,2017-06-22 09:34:48
09:34:52,09:34:52,23.88,-0.09,199,475212,卖盘,2017-06-22,2017-06-22 09:34:52
09:34:55,09:34:55,23.85,-0.03,112,267120,卖盘,2017-06-22,2017-06-22 09:34:55
09:34:58,09:34:58,23.86,0.01,40,95440,中性盘,2017-06-22,2017-06-22 09:34:58
09:35:01,09:35:01,23.85,-0.01,78,186030,卖盘,2017-06-22,2017-06-22 09:35:01
09:35:04,09:35:04,23.85,--,55,131175,买盘,2017-06-22,2017-06-22 09:35:04
09:35:07,09:35:07,23.82,-0.03,126,300132,卖盘,2017-06-22,2017-06-22 09:35:07
09:35:10,09:35:10,23.83,0.01,361,860262,买盘,2017-06-22,2017-06-22 09:35:10
09:35:13,09:35:13,23.81,-0.02,337,803516,卖盘,2017-06-22,2017-06-22 09:35:13
09:35:16,09:35:16,23.82,0.01,216,514512,中性盘,2017-06-22,2017-06-22 09:35:16
09:35:19,09:35:19,23.81,-0.01,135,321435,买盘,2017-06-22,2017-06-22 09:35:19
09:35:22,09:35:22,23.81,--,56,133336,买盘,2017-06-22,2017-06-22 09:35:22
09:35:25,09:35:25,23.8,-0.01,85,203918,中性盘,2017-06-22,2017-06-22 09:35:25
09:35:28,09:35:28,23.78,-0.02,73,173594,卖盘,2017-06-22,2017-06-22 09:35:28
09:35:31,09:35:31,23.77,-0.01,240,570480,卖盘,2017-06-22,2017-06-22 09:35:31
09:35:34,09:35:34,23.78,0.01,154,366212,中性盘,2017-06-22,2017-06-22 09:35:34
09:35:37,09:35:37,23.76,-0.02,173,411048,卖盘,2017-06-22,2017-06-22 09:35:37
09:35:40,09:35:40,23.77,0.01,365,869696,买盘,2017-06-22,2017-06-22 09:35:40
09:35:43,09:35:43,23.71,-0.06,257,609347,卖盘,2017-06-22,2017-06-22 09:35:43
09:35:46,09:35:46,23.7,-0.01,255,604350,卖盘,2017-06-22,2017-06-22 09:35:46
09:35:49,09:35:49,23.77,0.07,274,651298,买盘,2017-06-22,2017-06-22 09:35:49
09:35:52,09:35:52,23.7,-0.07,107,253590,卖盘,2017-06-22,2017-06-22 09:35:52
09:35:55,09:35:55,23.76,0.06,374,888624,买盘,2017-06-22,2017-06-22 09:35:55
09:35:58,09:35:58,23.72,-0.04,554,1316151,卖盘,2017-06-22,2017-06-22 09:35:58
09:36:01,09:36:01,23.75,0.03,85,202896,中性盘,2017-06-22,2017-06-22 09:36:01
09:36:04,09:36:04,23.77,0.02,311,739247,买盘,2017-06-22,2017-06-22 09:36:04
09:36:07,09:36:07,23.83,0.06,161,383663,买盘,2017-06-22,2017-06-22 09:36:07
09:36:10,09:36:10,23.81,-0.02,86,204766,中性盘,2017-06-22,2017-06-22 09:36:10
09:36:13,09:36:13,23.85,0.04,242,578696,买盘,2017-06-22,2017-06-22 09:36:13
09:36:16,09:36:16,23.87,0.02,101,241087,买盘,2017-06-22,2017-06-22 09:36:16
09:36:19,09:36:19,23.88,0.01,36,85968,买盘,2017-06-22,2017-06-22 09:36:19
09:36:22,09:36:22,23.85,-0.03,239,571135,卖盘,2017-06-22,2017-06-22 09:36:22
09:36:25,09:36:25,23.9,0.05,37,88430,中性盘,2017-06-22,2017-06-22 09:36:25
09:36:28,09:36:28,23.93,0.03,54,130346,买盘,2017-06-22,2017-06-22 09:36:28
09:36:31,09:36:31,23.94,0.01,79,189126,买盘,2017-06-22,2017-06-22 09:36:31
09:36:34,09:36:34,23.95,0.01,60,143700,买盘,2017-06-22,2017-06-22 09:36:34
09:36:37,09:36:37,23.95,--,51,124396,买盘,2017-06-22,2017-06-22 09:36:37
09:36:40,09:36:40,23.97,0.02,27,64719,买盘,2017-06-22,2017-06-22 09:36:40
09:36:43,09:36:43,23.95,-0.02,66,158070,卖盘,2017-06-22,2017-06-22 09:36:43
09:36:46,09:36:46,23.96,0.01,223,534308,中性盘,2017-06-22,2017-06-22 09:36:46
09:36:49,09:36:49,23.97,0.01,73,174981,中性盘,2017-06-22,2017-06-22 09:36:49
09:36:52,09:36:52,23.96,-0.01,99,237204,卖盘,2017-06-22,2017-06-22 09:36:52
09:36:55,09:36:55,24.02,0.06,448,1077224,买盘,2017-06-22,2017-06-22 09:36:55
09:36:58,09:36:58,24.02,--,30,72060,卖盘,2017-06-22,2017-06-22 09:36:58
09:37:01,09:37:01,24.02,--,31,74462,卖盘,2017-06-22,2017-06-22 09:37:01
09:37:04,09:37:04,24.02,--,105,252210,卖盘,2017-06-22,2017-06-22 09:37:04
09:37:07,09:37:07,24.05,0.03,49,117845,中性盘,2017-06-22,2017-06-22 09:37:07
09:37:10,09:37:10,24.04,-0.01,169,406276,卖盘,2017-06-22,2017-06-22 09:37:10
09:37:13,09:37:13,24.07,0.03,37,89059,买盘,2017-06-22,2017-06-22 09:37:13
09:37:16,09:37:16,24.06,-0.01,175,421050,卖盘,2017-06-22,2017-06-22 09:37:16
09:37:19,09:37:19,24.06,--,456,1098603,卖盘,2017-06-22,2017-06-22 09:37:19
09:37:22,09:37:22,24.08,0.02,55,132440,中性盘,2017-06-22,2017-06-22 09:37:22
09:37:25,09:37:25,24.1,0.02,61,147010,买盘,2017-06-22,2017-06-22 09:37:25
09:37:28,09:37:28,24.08,-0.02,46,110767,卖盘,2017-06-22,2017-06-22 09:37:28
09:37:31,09:37:31,24.08,--,38,91504,卖盘,2017-06-22,2017-06-22 09:37:31
09:37:34,09:37:34,24.1,0.02,91,219310,买盘,2017-06-22,2017-06-22 09:37:34
09:37:37,09:37:37,24.1,--,55,133682,卖盘,2017-06-22,2017-06-22 09:37:37
09:37:40,09:37:40,24.1,--,82,197620,卖盘,2017-06-22,2017-06-22 09:37:40
09:37:43,09:37:43,24.1,--,58,139780,卖盘,2017-06-22,2017-06-22 09:37:43
09:37:46,09:37:46,24.1,--,143,345256,卖盘,2017-06-22,2017-06-22 09:37:46
09:37:49,09:37:49,24.1,--,127,306070,卖盘,2017-06-22,2017-06-22 09:37:49
09:37:52,09:37:52,24.1,--,62,149420,卖盘,2017-06-22,2017-06-22 09:37:52
09:37:55,09:37:55,24.11,0.01,142,342362,买盘,2017-06-22,2017-06-22 09:37:55
09:37:58,09:37:58,24.11,--,37,89207,买盘,2017-06-22,2017-06-22 09:37:58
09:38:01,09:38:01,24.09,-0.02,139,334851,卖盘,2017-06-22,2017-06-22 09:38:01
09:38:04,09:38:04,24.09,--,72,174580,卖盘,2017-06-22,2017-06-22 09:38:04
09:38:07,09:38:07,24.09,--,107,257763,卖盘,2017-06-22,2017-06-22 09:38:07
09:38:10,09:38:10,24.09,--,343,826287,卖盘,2017-06-22,2017-06-22 09:38:10
09:38:13,09:38:13,24.1,0.01,65,156650,卖盘,2017-06-22,2017-06-22 09:38:13
09:38:16,09:38:16,24.08,-0.02,228,550155,卖盘,2017-06-22,2017-06-22 09:38:16
09:38:19,09:38:19,24.1,0.02,96,231360,中性盘,2017-06-22,2017-06-22 09:38:19
09:38:22,09:38:22,24.1,--,352,848320,买盘,2017-06-22,2017-06-22 09:38:22
09:38:25,09:38:25,24.0,-0.1,424,1018872,卖盘,2017-06-22,2017-06-22 09:38:25
09:38:28,09:38:28,24.0,--,22,52800,买盘,2017-06-22,2017-06-22 09:38:28
09:38:31,09:38:31,24.0,--,64,153600,买盘,2017-06-22,2017-06-22 09:38:31
09:38:34,09:38:34,23.93,-0.07,131,313626,卖盘,2017-06-22,2017-06-22 09:38:34
09:38:37,09:38:37,23.99,0.06,70,167930,买盘,2017-06-22,2017-06-22 09:38:37
09:38:40,09:38:40,23.91,-0.08,21,50211,卖盘,2017-06-22,2017-06-22 09:38:40
09:38:43,09:38:43,23.98,0.07,31,74338,买盘,2017-06-22,2017-06-22 09:38:43
09:38:46,09:38:46,23.9,-0.08,59,141010,卖盘,2017-06-22,2017-06-22 09:38:46
09:38:49,09:38:49,23.9,--,180,430200,卖盘,2017-06-22,2017-06-22 09:38:49
09:38:52,09:38:52,23.95,0.05,127,306200,买盘,2017-06-22,2017-06-22 09:38:52
09:38:55,09:38:55,23.9,-0.05,69,165268,卖盘,2017-06-22,2017-06-22 09:38:55
09:38:58,09:38:58,23.88,-0.02,58,138504,卖盘,2017-06-22,2017-06-22 09:38:58
09:39:01,09:39:01,23.86,-0.02,82,195652,卖盘,2017-06-22,2017-06-22 09:39:01
09:39:04,09:39:04,23.9,0.04,25,59750,买盘,2017-06-22,2017-06-22 09:39:04
09:39:07,09:39:07,23.88,-0.02,92,221725,卖盘,2017-06-22,2017-06-22 09:39:07
09:39:10,09:39:10,23.77,-0.11,294,700050,卖盘,2017-06-22,2017-06-22 09:39:10
09:39:13,09:39:13,23.86,0.09,83,198038,买盘,2017-06-22,2017-06-22 09:39:13
09:39:16,09:39:16,23.86,--,62,149960,买盘,2017-06-22,2017-06-22 09:39:16
09:39:19,09:39:19,23.86,--,45,107370,买盘,2017-06-22,2017-06-22 09:39:19
09:39:22,09:39:22,23.77,-0.09,193,459925,卖盘,2017-06-22,2017-06-22 09:39:22
09:39:25,09:39:25,23.86,0.09,33,78738,中性盘,2017-06-22,2017-06-22 09:39:25
09:39:28,09:39:28,23.85,-0.01,272,648720,卖盘,2017-06-22,2017-06-22 09:39:28
09:39:31,09:39:31,23.87,0.02,52,124124,买盘,2017-06-22,2017-06-22 09:39:31
09:39:34,09:39:34,23.81,-0.06,65,154765,卖盘,2017-06-22,2017-06-22 09:39:34
09:39:37,09:39:37,23.87,0.06,72,171864,买盘,2017-06-22,2017-06-22 09:39:37
09:39:40,09:39:40,23.81,-0.06,273,650013,卖盘,2017-06-22,2017-06-22 09:39:40
09:39:43,09:39:43,23.81,--,163,388103,买盘,2017-06-22,2017-06-22 09:39:43
09:39:46,09:39:46,23.87,0.06,235,560945,买盘,2017-06-22,2017-06-22 09:39:46
09:39:49,09:39:49,23.81,-0.06,103,245243,卖盘,2017-06-22,2017-06-22 09:39:49
09:39:52,09:39:52,23.81,--,126,301672,卖盘,2017-06-22,2017-06-22 09:39:52
09:39:55,09:39:55,23.81,--,31,73811,卖盘,2017-06-22,2017-06-22 09:39:55
09:39:58,09:39:58,23.82,0.01,112,266784,买盘,2017-06-22,2017-06-22 09:39:58
09:40:01,09:40:01,23.87,0.05,78,187307,买盘,2017-06-22,2017-06-22 09:40:01
09:40:04,09:40:04,23.82,-0.05,167,399461,卖盘,2017-06-22,2017-06-22 09:40:04
09:40:07,09:40:07,23.91,0.09,51,124188,买盘,2017-06-22,2017-06-22 09:40:07
09:40:10,09:40:10,23.95,0.04,20,47900,买盘,2017-06-22,2017-06-22 09:40:10
09:40:13,09:40:13,23.87,-0.08,31,76025,卖盘,2017-06-22,2017-06-22 09:40:13
09:40:16,09:40:16,23.92,0.05,62,148304,中性盘,2017-06-22,2017-06-22 09:40:16
09:40:19,09:40:19,23.91,-0.01,32,76512,买盘,2017-06-22,2017-06-22 09:40:19
09:40:22,09:40:22,23.95,0.04,74,177230,买盘,2017-06-22,2017-06-22 09:40:22
09:40:25,09:40:25,23.98,0.03,83,199034,买盘,2017-06-22,2017-06-22 09:40:25
09:40:28,09:40:28,23.98,--,82,196636,买盘,2017-06-22,2017-06-22 09:40:28
09:40:31,09:40:31,23.98,--,41,100356,买盘,2017-06-22,2017-06-22 09:40:31
09:40:34,09:40:34,23.99,0.01,70,167930,买盘,2017-06-22,2017-06-22 09:40:34
09:40:37,09:40:37,24.0,0.01,62,149928,买盘,2017-06-22,2017-06-22 09:40:37
09:40:40,09:40:40,23.98,-0.02,112,268576,卖盘,2017-06-22,2017-06-22 09:40:40
09:40:43,09:40:43,24.0,0.02,126,302400,买盘,2017-06-22,2017-06-22 09:40:43
09:40:46,09:40:46,24.0,--,78,188328,买盘,2017-06-22,2017-06-22 09:40:46
09:40:49,09:40:49,23.99,-0.01,263,630937,卖盘,2017-06-22,2017-06-22 09:40:49
09:40:52,09:40:52,24.01,0.02,49,117649,买盘,2017-06-22,2017-06-22 09:40:52
09:40:55,09:40:55,24.03,0.02,54,131804,买盘,2017-06-22,2017-06-22 09:40:55
09:40:58,09:40:58,24.03,--,55,132165,买盘,2017-06-22,2017-06-22 09:40:58
09:41:01,09:41:01,24.03,--,71,170613,买盘,2017-06-22,2017-06-22 09:41:01
09:41:04,09:41:04,24.04,0.01,19,45676,买盘,2017-06-22,2017-06-22 09:41:04
09:41:07,09:41:07,24.04,--,22,52888,卖盘,2017-06-22,2017-06-22 09:41:07
09:41:10,09:41:10,24.05,0.01,7,16835,买盘,2017-06-22,2017-06-22 09:41:10
09:41:13,09:41:13,24.1,0.05,136,327760,买盘,2017-06-22,2017-06-22 09:41:13
09:41:16,09:41:16,24.07,-0.03,29,69803,中性盘,2017-06-22,2017-06-22 09:41:16
09:41:19,09:41:19,24.1,0.03,58,139780,买盘,2017-06-22,2017-06-22 09:41:19
09:41:22,09:41:22,24.1,--,171,413242,买盘,2017-06-22,2017-06-22 09:41:22
09:41:25,09:41:25,24.1,--,31,74710,卖盘,2017-06-22,2017-06-22 09:41:25
09:41:28,09:41:28,24.1,--,61,148287,卖盘,2017-06-22,2017-06-22 09:41:28
09:41:31,09:41:31,24.1,--,97,233770,买盘,2017-06-22,2017-06-22 09:41:31
09:41:34,09:41:34,24.13,0.03,37,89281,买盘,2017-06-22,2017-06-22 09:41:34
09:41:37,09:41:37,24.1,-0.03,93,225262,卖盘,2017-06-22,2017-06-22 09:41:37
09:41:40,09:41:40,24.15,0.05,97,235534,买盘,2017-06-22,2017-06-22 09:41:40
09:41:43,09:41:43,24.1,-0.05,51,122910,中性盘,2017-06-22,2017-06-22 09:41:43
09:41:46,09:41:46,24.12,0.02,58,139896,中性盘,2017-06-22,2017-06-22 09:41:46
09:41:49,09:41:49,24.14,0.02,64,154496,中性盘,2017-06-22,2017-06-22 09:41:49
09:41:52,09:41:52,24.14,--,32,79517,中性盘,2017-06-22,2017-06-22 09:41:52
09:41:55,09:41:55,24.07,-0.07,96,231072,卖盘,2017-06-22,2017-06-22 09:41:55
09:41:58,09:41:58,24.14,0.07,76,183464,卖盘,2017-06-22,2017-06-22 09:41:58
09:42:01,09:42:01,24.15,0.01,56,135240,买盘,2017-06-22,2017-06-22 09:42:01
09:42:04,09:42:04,24.15,--,163,393645,买盘,2017-06-22,2017-06-22 09:42:04
09:42:07,09:42:07,24.1,-0.05,150,361500,卖盘,2017-06-22,2017-06-22 09:42:07
09:42:10,09:42:10,24.14,0.04,25,60350,买盘,2017-06-22,2017-06-22 09:42:10
09:42:13,09:42:13,24.1,-0.04,72,173520,中性盘,2017-06-22,2017-06-22 09:42:13
09:42:16,09:42:16,24.09,-0.01,108,260172,卖盘,2017-06-22,2017-06-22 09:42:16
09:42:19,09:42:19,24.14,0.05,87,211152,买盘,2017-06-22,2017-06-22 09:42:19
09:42:22,09:42:22,24.08,-0.06,112,269696,卖盘,2017-06-22,2017-06-22 09:42:22
09:42:25,09:42:25,24.09,0.01,109,262581,中性盘,2017-06-22,2017-06-22 09:42:25
09:42:28,09:42:28,24.08,-0.01,28,67424,中性盘,2017-06-22,2017-06-22 09:42:28
09:42:31,09:42:31,24.1,0.02,225,542250,买盘,2017-06-22,2017-06-22 09:42:31
09:42:34,09:42:34,24.1,--,156,375960,卖盘,2017-06-22,2017-06-22 09:42:34
09:42:37,09:42:37,24.03,-0.07,61,146583,卖盘,2017-06-22,2017-06-22 09:42:37
09:42:40,09:42:40,24.04,0.01,17,42286,买盘,2017-06-22,2017-06-22 09:42:40
09:42:43,09:42:43,24.05,0.01,25,60125,买盘,2017-06-22,2017-06-22 09:42:43
09:42:46,09:42:46,24.05,--,19,45695,买盘,2017-06-22,2017-06-22 09:42:46
09:42:49,09:42:49,24.03,-0.02,17,40851,卖盘,2017-06-22,2017-06-22 09:42:49
09:42:52,09:42:52,24.09,0.06,46,110814,买盘,2017-06-22,2017-06-22 09:42:52
09:42:55,09:42:55,24.0,-0.09,191,458760,卖盘,2017-06-22,2017-06-22 09:42:55
09:42:58,09:42:58,24.0,--,12,28800,买盘,2017-06-22,2017-06-22 09:42:58
09:43:01,09:43:01,24.0,--,25,60000,买盘,2017-06-22,2017-06-22 09:43:01
09:43:04,09:43:04,24.0,--,97,232800,买盘,2017-06-22,2017-06-22 09:43:04
09:43:07,09:43:07,23.98,-0.02,81,196276,卖盘,2017-06-22,2017-06-22 09:43:07
09:43:10,09:43:10,23.99,0.01,22,52778,买盘,2017-06-22,2017-06-22 09:43:10
09:43:13,09:43:13,23.97,-0.02,4,9588,中性盘,2017-06-22,2017-06-22 09:43:13
09:43:16,09:43:16,23.97,--,21,50337,买盘,2017-06-22,2017-06-22 09:43:16
09:43:19,09:43:19,23.88,-0.09,55,131698,卖盘,2017-06-22,2017-06-22 09:43:19
09:43:25,09:43:25,23.88,--,22,52536,卖盘,2017-06-22,2017-06-22 09:43:25
09:43:28,09:43:28,23.9,0.02,78,186420,买盘,2017-06-22,2017-06-22 09:43:28
09:43:31,09:43:31,23.88,-0.02,131,312828,卖盘,2017-06-22,2017-06-22 09:43:31
09:43:34,09:43:34,23.88,--,42,101418,买盘,2017-06-22,2017-06-22 09:43:34
09:43:37,09:43:37,23.87,-0.01,228,545334,卖盘,2017-06-22,2017-06-22 09:43:37
09:43:40,09:43:40,23.83,-0.04,59,140597,卖盘,2017-06-22,2017-06-22 09:43:40
09:43:43,09:43:43,23.82,-0.01,72,171504,卖盘,2017-06-22,2017-06-22 09:43:43
09:43:46,09:43:46,23.88,0.06,27,64476,买盘,2017-06-22,2017-06-22 09:43:46
09:43:49,09:43:49,23.83,-0.05,5,11915,中性盘,2017-06-22,2017-06-22 09:43:49
09:43:52,09:43:52,23.83,--,43,102468,买盘,2017-06-22,2017-06-22 09:43:52
09:43:55,09:43:55,23.83,--,79,188257,卖盘,2017-06-22,2017-06-22 09:43:55
09:43:58,09:43:58,23.83,--,236,562388,卖盘,2017-06-22,2017-06-22 09:43:58
09:44:01,09:44:01,23.85,0.02,59,140715,买盘,2017-06-22,2017-06-22 09:44:01
09:44:04,09:44:04,23.85,--,105,252452,中性盘,2017-06-22,2017-06-22 09:44:04
09:44:07,09:44:07,23.83,-0.02,146,347918,卖盘,2017-06-22,2017-06-22 09:44:07
09:44:10,09:44:10,23.83,--,99,236036,卖盘,2017-06-22,2017-06-22 09:44:10
09:44:13,09:44:13,23.84,0.01,61,145424,买盘,2017-06-22,2017-06-22 09:44:13
09:44:16,09:44:16,23.86,0.02,100,238743,买盘,2017-06-22,2017-06-22 09:44:16
09:44:19,09:44:19,23.86,--,90,214740,卖盘,2017-06-22,2017-06-22 09:44:19
09:44:22,09:44:22,23.87,0.01,74,176638,买盘,2017-06-22,2017-06-22 09:44:22
09:44:25,09:44:25,23.88,0.01,201,479988,买盘,2017-06-22,2017-06-22 09:44:25
09:44:28,09:44:28,23.88,--,69,164772,买盘,2017-06-22,2017-06-22 09:44:28
09:44:31,09:44:31,23.9,0.02,161,384790,买盘,2017-06-22,2017-06-22 09:44:31
09:44:34,09:44:34,23.88,-0.02,22,52536,中性盘,2017-06-22,2017-06-22 09:44:34
09:44:37,09:44:37,23.9,0.02,105,252981,买盘,2017-06-22,2017-06-22 09:44:37
09:44:40,09:44:40,23.99,0.09,245,588882,买盘,2017-06-22,2017-06-22 09:44:40
09:44:43,09:44:43,23.99,--,38,91162,卖盘,2017-06-22,2017-06-22 09:44:43
09:44:46,09:44:46,24.0,0.01,11,26400,买盘,2017-06-22,2017-06-22 09:44:46
09:44:49,09:44:49,24.0,--,46,110400,买盘,2017-06-22,2017-06-22 09:44:49
09:44:52,09:44:52,24.0,--,67,160800,买盘,2017-06-22,2017-06-22 09:44:52
09:44:57,09:44:57,24.0,--,118,283200,卖盘,2017-06-22,2017-06-22 09:44:57
09:44:59,09:44:59,24.03,0.03,45,108135,买盘,2017-06-22,2017-06-22 09:44:59
09:45:01,09:45:01,24.05,0.02,100,240500,买盘,2017-06-22,2017-06-22 09:45:01
09:45:06,09:45:06,24.08,0.03,37,89096,买盘,2017-06-22,2017-06-22 09:45:06
09:45:08,09:45:08,24.05,-0.03,49,117845,卖盘,2017-06-22,2017-06-22 09:45:08
09:45:12,09:45:12,24.07,0.02,30,72210,中性盘,2017-06-22,2017-06-22 09:45:12
09:45:14,09:45:14,24.09,0.02,11,26499,买盘,2017-06-22,2017-06-22 09:45:14
09:45:17,09:45:17,24.1,0.01,123,296430,买盘,2017-06-22,2017-06-22 09:45:17
09:45:21,09:45:21,24.09,-0.01,284,684156,卖盘,2017-06-22,2017-06-22 09:45:21
09:45:24,09:45:24,24.1,0.01,59,142190,买盘,2017-06-22,2017-06-22 09:45:24
09:45:27,09:45:27,24.1,--,101,244542,卖盘,2017-06-22,2017-06-22 09:45:27
09:45:30,09:45:30,24.12,0.02,73,176486,买盘,2017-06-22,2017-06-22 09:45:30
09:45:33,09:45:33,24.14,0.02,65,156910,买盘,2017-06-22,2017-06-22 09:45:33
09:45:36,09:45:36,24.14,--,150,364151,买盘,2017-06-22,2017-06-22 09:45:36
09:45:39,09:45:39,24.14,--,151,364514,买盘,2017-06-22,2017-06-22 09:45:39
09:45:42,09:45:42,24.15,0.01,99,241137,买盘,2017-06-22,2017-06-22 09:45:42
09:45:45,09:45:45,24.14,-0.01,275,665032,卖盘,2017-06-22,2017-06-22 09:45:45
09:45:48,09:45:48,24.15,0.01,114,277362,卖盘,2017-06-22,2017-06-22 09:45:48
09:45:51,09:45:51,24.3,0.15,656,1594614,买盘,2017-06-22,2017-06-22 09:45:51
09:45:54,09:45:54,24.17,-0.13,45,108765,卖盘,2017-06-22,2017-06-22 09:45:54
09:45:57,09:45:57,24.18,0.01,46,111228,中性盘,2017-06-22,2017-06-22 09:45:57
09:46:00,09:46:00,24.19,0.01,61,147559,买盘,2017-06-22,2017-06-22 09:46:00
09:46:03,09:46:03,24.35,0.16,67,163145,买盘,2017-06-22,2017-06-22 09:46:03
09:46:06,09:46:06,24.31,-0.04,29,70499,卖盘,2017-06-22,2017-06-22 09:46:06
09:46:09,09:46:09,24.35,0.04,141,345404,买盘,2017-06-22,2017-06-22 09:46:09
09:46:12,09:46:12,24.37,0.02,92,224204,买盘,2017-06-22,2017-06-22 09:46:12
09:46:15,09:46:15,24.5,0.13,523,1281350,买盘,2017-06-22,2017-06-22 09:46:15
09:46:18,09:46:18,24.5,--,50,122500,卖盘,2017-06-22,2017-06-22 09:46:18
09:46:21,09:46:21,24.55,0.05,47,115385,买盘,2017-06-22,2017-06-22 09:46:21
09:46:24,09:46:24,24.53,-0.02,159,390027,卖盘,2017-06-22,2017-06-22 09:46:24
09:46:27,09:46:27,24.58,0.05,63,154854,买盘,2017-06-22,2017-06-22 09:46:27
09:46:30,09:46:30,24.7,0.12,235,582895,买盘,2017-06-22,2017-06-22 09:46:30
09:46:33,09:46:33,24.7,--,37,91390,卖盘,2017-06-22,2017-06-22 09:46:33
09:46:36,09:46:36,24.88,0.18,275,684200,买盘,2017-06-22,2017-06-22 09:46:36
09:46:39,09:46:39,24.8,-0.08,77,190960,中性盘,2017-06-22,2017-06-22 09:46:39
09:46:42,09:46:42,24.83,0.03,103,255748,买盘,2017-06-22,2017-06-22 09:46:42
09:46:45,09:46:45,24.89,0.06,168,419321,买盘,2017-06-22,2017-06-22 09:46:45
09:46:48,09:46:48,24.9,0.01,82,204180,中性盘,2017-06-22,2017-06-22 09:46:48
09:46:51,09:46:51,24.84,-0.06,430,1068120,卖盘,2017-06-22,2017-06-22 09:46:51
09:46:54,09:46:54,24.94,0.1,292,728248,买盘,2017-06-22,2017-06-22 09:46:54
09:46:57,09:46:57,24.92,-0.02,233,582754,卖盘,2017-06-22,2017-06-22 09:46:57
09:47:00,09:47:00,24.86,-0.06,317,788062,卖盘,2017-06-22,2017-06-22 09:47:00
09:47:03,09:47:03,24.9,0.04,362,903073,买盘,2017-06-22,2017-06-22 09:47:03
09:47:06,09:47:06,24.88,-0.02,273,679224,中性盘,2017-06-22,2017-06-22 09:47:06
09:47:09,09:47:09,24.79,-0.09,231,572649,卖盘,2017-06-22,2017-06-22 09:47:09
09:47:12,09:47:12,24.79,--,298,739758,卖盘,2017-06-22,2017-06-22 09:47:12
09:47:15,09:47:15,24.72,-0.07,44,108768,中性盘,2017-06-22,2017-06-22 09:47:15
09:47:18,09:47:18,24.75,0.03,70,173250,买盘,2017-06-22,2017-06-22 09:47:18
09:47:21,09:47:21,24.59,-0.16,166,408194,卖盘,2017-06-22,2017-06-22 09:47:21
09:47:24,09:47:24,24.6,0.01,51,125460,买盘,2017-06-22,2017-06-22 09:47:24
09:47:27,09:47:27,24.58,-0.02,123,302334,卖盘,2017-06-22,2017-06-22 09:47:27
09:47:30,09:47:30,24.73,0.15,55,136015,买盘,2017-06-22,2017-06-22 09:47:30
09:47:33,09:47:33,24.6,-0.13,163,400980,中性盘,2017-06-22,2017-06-22 09:47:33
09:47:36,09:47:36,24.58,-0.02,265,651370,卖盘,2017-06-22,2017-06-22 09:47:36
09:47:39,09:47:39,24.73,0.15,147,363531,买盘,2017-06-22,2017-06-22 09:47:39
09:47:42,09:47:42,24.7,-0.03,106,263919,卖盘,2017-06-22,2017-06-22 09:47:42
09:47:45,09:47:45,24.77,0.07,260,644020,买盘,2017-06-22,2017-06-22 09:47:45
09:47:48,09:47:48,24.73,-0.04,223,551479,卖盘,2017-06-22,2017-06-22 09:47:48
09:47:51,09:47:51,24.74,0.01,97,239977,卖盘,2017-06-22,2017-06-22 09:47:51
09:47:54,09:47:54,24.75,0.01,102,252450,买盘,2017-06-22,2017-06-22 09:47:54
09:47:57,09:47:57,24.8,0.05,269,667120,买盘,2017-06-22,2017-06-22 09:47:57
09:48:00,09:48:00,24.86,0.06,89,221254,买盘,2017-06-22,2017-06-22 09:48:00
09:48:03,09:48:03,24.8,-0.06,292,724160,卖盘,2017-06-22,2017-06-22 09:48:03
09:48:06,09:48:06,24.89,0.09,242,602338,买盘,2017-06-22,2017-06-22 09:48:06
09:48:09,09:48:09,24.91,0.02,90,225360,买盘,2017-06-22,2017-06-22 09:48:09
09:48:12,09:48:12,24.92,0.01,224,558208,买盘,2017-06-22,2017-06-22 09:48:12
09:48:15,09:48:15,24.94,0.02,108,270524,买盘,2017-06-22,2017-06-22 09:48:15
09:48:18,09:48:18,24.98,0.04,513,1282648,买盘,2017-06-22,2017-06-22 09:48:18
09:48:21,09:48:21,24.98,--,202,504596,买盘,2017-06-22,2017-06-22 09:48:21
09:48:24,09:48:24,24.98,--,297,741906,买盘,2017-06-22,2017-06-22 09:48:24
09:48:27,09:48:27,24.99,0.01,437,1092063,买盘,2017-06-22,2017-06-22 09:48:27
09:48:30,09:48:30,25.0,0.01,262,655500,买盘,2017-06-22,2017-06-22 09:48:30
09:48:33,09:48:33,25.06,0.06,64,162589,中性盘,2017-06-22,2017-06-22 09:48:33
09:48:36,09:48:36,25.18,0.12,172,433096,买盘,2017-06-22,2017-06-22 09:48:36
09:48:39,09:48:39,25.25,0.07,173,438971,买盘,2017-06-22,2017-06-22 09:48:39
09:48:42,09:48:42,25.3,0.05,96,242880,买盘,2017-06-22,2017-06-22 09:48:42
09:48:45,09:48:45,25.33,0.03,174,440741,买盘,2017-06-22,2017-06-22 09:48:45
09:48:48,09:48:48,25.33,--,380,962539,买盘,2017-06-22,2017-06-22 09:48:48
09:48:51,09:48:51,25.46,0.13,786,2001359,买盘,2017-06-22,2017-06-22 09:48:51
09:48:54,09:48:54,25.42,-0.04,160,406720,买盘,2017-06-22,2017-06-22 09:48:54
09:48:57,09:48:57,25.42,--,237,602454,卖盘,2017-06-22,2017-06-22 09:48:57
09:49:00,09:49:00,25.43,0.01,283,719669,中性盘,2017-06-22,2017-06-22 09:49:00
09:49:03,09:49:03,25.42,-0.01,506,1287065,卖盘,2017-06-22,2017-06-22 09:49:03
09:49:06,09:49:06,25.42,--,579,1471818,买盘,2017-06-22,2017-06-22 09:49:06
09:49:09,09:49:09,25.38,-0.04,846,2147148,卖盘,2017-06-22,2017-06-22 09:49:09
09:49:12,09:49:12,25.3,-0.08,428,1084358,卖盘,2017-06-22,2017-06-22 09:49:12
09:49:15,09:49:15,25.25,-0.05,110,277750,卖盘,2017-06-22,2017-06-22 09:49:15
09:49:18,09:49:18,25.3,0.05,426,1077780,买盘,2017-06-22,2017-06-22 09:49:18
09:49:21,09:49:21,25.28,-0.02,108,273024,中性盘,2017-06-22,2017-06-22 09:49:21
09:49:24,09:49:24,25.03,-0.25,262,655786,卖盘,2017-06-22,2017-06-22 09:49:24
09:49:27,09:49:27,25.25,0.22,204,515100,买盘,2017-06-22,2017-06-22 09:49:27
09:49:30,09:49:30,25.29,0.04,87,220023,买盘,2017-06-22,2017-06-22 09:49:30
09:49:33,09:49:33,25.03,-0.26,145,363610,卖盘,2017-06-22,2017-06-22 09:49:33
09:49:36,09:49:36,25.03,--,93,232779,买盘,2017-06-22,2017-06-22 09:49:36
09:49:39,09:49:39,25.18,0.15,46,117666,买盘,2017-06-22,2017-06-22 09:49:39
09:49:42,09:49:42,25.03,-0.15,90,225270,卖盘,2017-06-22,2017-06-22 09:49:42
09:49:45,09:49:45,25.18,0.15,105,265573,中性盘,2017-06-22,2017-06-22 09:49:45
09:49:48,09:49:48,25.04,-0.14,203,509639,卖盘,2017-06-22,2017-06-22 09:49:48
09:49:51,09:49:51,25.2,0.16,281,710110,买盘,2017-06-22,2017-06-22 09:49:51
09:49:54,09:49:54,25.2,--,96,241920,卖盘,2017-06-22,2017-06-22 09:49:54
09:49:57,09:49:57,25.25,0.05,169,426725,买盘,2017-06-22,2017-06-22 09:49:57
09:50:00,09:50:00,25.2,-0.05,45,113400,卖盘,2017-06-22,2017-06-22 09:50:00
09:50:03,09:50:03,25.25,0.05,115,290375,买盘,2017-06-22,2017-06-22 09:50:03
09:50:06,09:50:06,25.28,0.03,93,236292,买盘,2017-06-22,2017-06-22 09:50:06
09:50:09,09:50:09,25.26,-0.02,121,305646,中性盘,2017-06-22,2017-06-22 09:50:09
09:50:12,09:50:12,25.3,0.04,66,166980,买盘,2017-06-22,2017-06-22 09:50:12
09:50:15,09:50:15,25.28,-0.02,104,262912,卖盘,2017-06-22,2017-06-22 09:50:15
09:50:18,09:50:18,25.32,0.04,242,615124,买盘,2017-06-22,2017-06-22 09:50:18
09:50:21,09:50:21,25.38,0.06,161,408618,买盘,2017-06-22,2017-06-22 09:50:21
09:50:24,09:50:24,25.37,-0.01,24,61902,中性盘,2017-06-22,2017-06-22 09:50:24
09:50:27,09:50:27,25.38,0.01,81,205578,买盘,2017-06-22,2017-06-22 09:50:27
09:50:30,09:50:30,25.4,0.02,165,419100,买盘,2017-06-22,2017-06-22 09:50:30
09:50:33,09:50:33,25.38,-0.02,141,357858,卖盘,2017-06-22,2017-06-22 09:50:33
09:50:36,09:50:36,25.42,0.04,177,452069,买盘,2017-06-22,2017-06-22 09:50:36
09:50:39,09:50:39,25.41,-0.01,100,254100,中性盘,2017-06-22,2017-06-22 09:50:39
09:50:42,09:50:42,25.41,--,81,205821,卖盘,2017-06-22,2017-06-22 09:50:42
09:50:45,09:50:45,25.43,0.02,104,264472,买盘,2017-06-22,2017-06-22 09:50:45
09:50:48,09:50:48,25.44,0.01,119,302736,中性盘,2017-06-22,2017-06-22 09:50:48
09:50:51,09:50:51,25.47,0.03,139,354033,买盘,2017-06-22,2017-06-22 09:50:51
09:50:54,09:50:54,25.45,-0.02,180,458100,卖盘,2017-06-22,2017-06-22 09:50:54
09:50:57,09:50:57,25.48,0.03,117,298803,买盘,2017-06-22,2017-06-22 09:50:57
09:51:00,09:51:00,25.49,0.01,334,851366,买盘,2017-06-22,2017-06-22 09:51:00
09:51:03,09:51:03,25.5,0.01,171,436050,买盘,2017-06-22,2017-06-22 09:51:03
09:51:06,09:51:06,25.5,--,191,487050,买盘,2017-06-22,2017-06-22 09:51:06
09:51:09,09:51:09,25.5,--,384,979200,买盘,2017-06-22,2017-06-22 09:51:09
09:51:12,09:51:12,25.6,0.1,424,1085440,买盘,2017-06-22,2017-06-22 09:51:12
09:51:15,09:51:15,25.56,-0.04,146,373176,中性盘,2017-06-22,2017-06-22 09:51:15
09:51:18,09:51:18,25.6,0.04,683,1748480,买盘,2017-06-22,2017-06-22 09:51:18
09:51:21,09:51:21,25.65,0.05,336,861891,买盘,2017-06-22,2017-06-22 09:51:21
09:51:24,09:51:24,25.6,-0.05,159,407040,卖盘,2017-06-22,2017-06-22 09:51:24
09:51:27,09:51:27,25.69,0.09,53,136157,中性盘,2017-06-22,2017-06-22 09:51:27
09:51:30,09:51:30,25.73,0.04,119,306187,买盘,2017-06-22,2017-06-22 09:51:30
09:51:33,09:51:33,25.72,-0.01,472,1213984,中性盘,2017-06-22,2017-06-22 09:51:33
09:51:36,09:51:36,25.61,-0.11,521,1334281,卖盘,2017-06-22,2017-06-22 09:51:36
09:51:39,09:51:39,25.7,0.09,227,583390,买盘,2017-06-22,2017-06-22 09:51:39
09:51:42,09:51:42,25.78,0.08,348,897144,买盘,2017-06-22,2017-06-22 09:51:42
09:51:45,09:51:45,25.65,-0.13,420,1077300,卖盘,2017-06-22,2017-06-22 09:51:45
09:51:48,09:51:48,25.7,0.05,240,616800,买盘,2017-06-22,2017-06-22 09:51:48
09:51:51,09:51:51,25.7,--,387,995412,买盘,2017-06-22,2017-06-22 09:51:51
09:51:54,09:51:54,25.76,0.06,359,924784,买盘,2017-06-22,2017-06-22 09:51:54
09:51:57,09:51:57,25.72,-0.04,650,1671800,卖盘,2017-06-22,2017-06-22 09:51:57
09:52:00,09:52:00,25.7,-0.02,454,1166780,卖盘,2017-06-22,2017-06-22 09:52:00
09:52:03,09:52:03,25.78,0.08,1306,3366868,买盘,2017-06-22,2017-06-22 09:52:03
09:52:06,09:52:06,25.88,0.1,302,782792,买盘,2017-06-22,2017-06-22 09:52:06
09:52:09,09:52:09,25.77,-0.11,450,1159650,卖盘,2017-06-22,2017-06-22 09:52:09
09:52:12,09:52:12,25.77,--,285,734445,卖盘,2017-06-22,2017-06-22 09:52:12
09:52:15,09:52:15,25.65,-0.12,347,890055,卖盘,2017-06-22,2017-06-22 09:52:15
09:52:18,09:52:18,25.76,0.11,683,1759408,买盘,2017-06-22,2017-06-22 09:52:18
09:52:21,09:52:21,25.63,-0.13,300,768900,卖盘,2017-06-22,2017-06-22 09:52:21
09:52:24,09:52:24,25.65,0.02,243,623295,买盘,2017-06-22,2017-06-22 09:52:24
09:52:27,09:52:27,25.72,0.07,136,349792,买盘,2017-06-22,2017-06-22 09:52:27
09:52:30,09:52:30,25.74,0.02,199,512225,买盘,2017-06-22,2017-06-22 09:52:30
09:52:33,09:52:33,25.65,-0.09,130,333450,卖盘,2017-06-22,2017-06-22 09:52:33
09:52:36,09:52:36,25.63,-0.02,192,492096,卖盘,2017-06-22,2017-06-22 09:52:36
09:52:39,09:52:39,25.65,0.02,105,269325,卖盘,2017-06-22,2017-06-22 09:52:39
09:52:42,09:52:42,25.72,0.07,260,668720,买盘,2017-06-22,2017-06-22 09:52:42
09:52:45,09:52:45,25.64,-0.08,343,879452,卖盘,2017-06-22,2017-06-22 09:52:45
09:52:48,09:52:48,25.7,0.06,252,647640,买盘,2017-06-22,2017-06-22 09:52:48
09:52:51,09:52:51,25.7,--,236,608704,买盘,2017-06-22,2017-06-22 09:52:51
09:52:54,09:52:54,25.7,--,283,727310,买盘,2017-06-22,2017-06-22 09:52:54
09:52:57,09:52:57,25.65,-0.05,92,235980,卖盘,2017-06-22,2017-06-22 09:52:57
09:53:00,09:53:00,25.67,0.02,351,901017,买盘,2017-06-22,2017-06-22 09:53:00
09:53:03,09:53:03,25.67,--,148,380301,买盘,2017-06-22,2017-06-22 09:53:03
09:53:06,09:53:06,25.65,-0.02,143,366795,中性盘,2017-06-22,2017-06-22 09:53:06
09:53:09,09:53:09,25.65,--,97,248805,买盘,2017-06-22,2017-06-22 09:53:09
09:53:12,09:53:12,25.64,-0.01,212,543568,中性盘,2017-06-22,2017-06-22 09:53:12
09:53:15,09:53:15,25.63,-0.01,102,261426,卖盘,2017-06-22,2017-06-22 09:53:15
09:53:18,09:53:18,25.64,0.01,175,448700,买盘,2017-06-22,2017-06-22 09:53:18
09:53:21,09:53:21,25.65,0.01,324,831060,买盘,2017-06-22,2017-06-22 09:53:21
09:53:24,09:53:24,25.6,-0.05,153,391680,卖盘,2017-06-22,2017-06-22 09:53:24
09:53:27,09:53:27,25.6,--,59,151040,买盘,2017-06-22,2017-06-22 09:53:27
09:53:30,09:53:30,25.5,-0.1,254,647700,卖盘,2017-06-22,2017-06-22 09:53:30
09:53:33,09:53:33,25.55,0.05,82,209510,中性盘,2017-06-22,2017-06-22 09:53:33
09:53:36,09:53:36,25.5,-0.05,54,137700,卖盘,2017-06-22,2017-06-22 09:53:36
09:53:39,09:53:39,25.5,--,54,137700,卖盘,2017-06-22,2017-06-22 09:53:39
09:53:42,09:53:42,25.56,0.06,167,426852,买盘,2017-06-22,2017-06-22 09:53:42
09:53:45,09:53:45,25.48,-0.08,70,178360,卖盘,2017-06-22,2017-06-22 09:53:45
09:53:48,09:53:48,25.5,0.02,152,387600,买盘,2017-06-22,2017-06-22 09:53:48
09:53:51,09:53:51,25.48,-0.02,48,122304,卖盘,2017-06-22,2017-06-22 09:53:51
09:53:54,09:53:54,25.48,--,105,267540,卖盘,2017-06-22,2017-06-22 09:53:54
09:53:57,09:53:57,25.45,-0.03,111,282495,卖盘,2017-06-22,2017-06-22 09:53:57
09:54:00,09:54:00,25.48,0.03,119,303212,买盘,2017-06-22,2017-06-22 09:54:00
09:54:03,09:54:03,25.45,-0.03,66,167970,卖盘,2017-06-22,2017-06-22 09:54:03
09:54:06,09:54:06,25.43,-0.02,82,208526,卖盘,2017-06-22,2017-06-22 09:54:06
09:54:10,09:54:10,25.45,0.02,137,348665,买盘,2017-06-22,2017-06-22 09:54:10
09:54:12,09:54:12,25.38,-0.07,80,203040,卖盘,2017-06-22,2017-06-22 09:54:12
09:54:15,09:54:15,25.38,--,61,154818,卖盘,2017-06-22,2017-06-22 09:54:15
09:54:18,09:54:18,25.38,--,51,129438,卖盘,2017-06-22,2017-06-22 09:54:18
09:54:21,09:54:21,25.37,-0.01,53,134461,卖盘,2017-06-22,2017-06-22 09:54:21
09:54:24,09:54:24,25.32,-0.05,44,111408,卖盘,2017-06-22,2017-06-22 09:54:24
09:54:27,09:54:27,25.35,0.03,12,30420,买盘,2017-06-22,2017-06-22 09:54:27
09:54:30,09:54:30,25.3,-0.05,29,73521,卖盘,2017-06-22,2017-06-22 09:54:30
09:54:33,09:54:33,25.32,0.02,87,222436,买盘,2017-06-22,2017-06-22 09:54:33
09:54:37,09:54:37,25.28,-0.04,50,126400,卖盘,2017-06-22,2017-06-22 09:54:37
09:54:39,09:54:39,25.32,0.04,20,50640,买盘,2017-06-22,2017-06-22 09:54:39
09:54:42,09:54:42,25.25,-0.07,24,60600,卖盘,2017-06-22,2017-06-22 09:54:42
09:54:46,09:54:46,25.25,--,30,75750,卖盘,2017-06-22,2017-06-22 09:54:46
09:54:48,09:54:48,25.28,0.03,38,96064,买盘,2017-06-22,2017-06-22 09:54:48
09:54:52,09:54:52,25.27,-0.01,79,199633,买盘,2017-06-22,2017-06-22 09:54:52
09:54:54,09:54:54,25.25,-0.02,44,111478,卖盘,2017-06-22,2017-06-22 09:54:54
09:54:57,09:54:57,25.21,-0.04,14,35294,卖盘,2017-06-22,2017-06-22 09:54:57
09:55:00,09:55:00,25.24,0.03,27,68148,买盘,2017-06-22,2017-06-22 09:55:00
09:55:03,09:55:03,25.21,-0.03,155,392091,卖盘,2017-06-22,2017-06-22 09:55:03
09:55:06,09:55:06,25.24,0.03,41,103484,买盘,2017-06-22,2017-06-22 09:55:06
09:55:09,09:55:09,25.24,--,108,272592,买盘,2017-06-22,2017-06-22 09:55:09
09:55:13,09:55:13,25.24,--,79,199396,卖盘,2017-06-22,2017-06-22 09:55:13
09:55:16,09:55:16,25.22,-0.02,72,183727,中性盘,2017-06-22,2017-06-22 09:55:16
09:55:19,09:55:19,25.27,0.05,99,250173,买盘,2017-06-22,2017-06-22 09:55:19
09:55:22,09:55:22,25.27,--,33,83391,卖盘,2017-06-22,2017-06-22 09:55:22
09:55:25,09:55:25,25.29,0.02,145,368854,买盘,2017-06-22,2017-06-22 09:55:25
09:55:28,09:55:28,25.27,-0.02,126,318402,卖盘,2017-06-22,2017-06-22 09:55:28
09:55:31,09:55:31,25.3,0.03,67,169510,买盘,2017-06-22,2017-06-22 09:55:31
09:55:34,09:55:34,25.32,0.02,155,392460,买盘,2017-06-22,2017-06-22 09:55:34
09:55:37,09:55:37,25.37,0.05,11,27907,中性盘,2017-06-22,2017-06-22 09:55:37
09:55:40,09:55:40,25.4,0.03,30,77241,买盘,2017-06-22,2017-06-22 09:55:40
09:55:43,09:55:43,25.45,0.05,9,22905,买盘,2017-06-22,2017-06-22 09:55:43
09:55:46,09:55:46,25.47,0.02,87,221589,买盘,2017-06-22,2017-06-22 09:55:46
09:55:49,09:55:49,25.48,0.01,64,165237,买盘,2017-06-22,2017-06-22 09:55:49
09:55:52,09:55:52,25.48,--,21,53508,卖盘,2017-06-22,2017-06-22 09:55:52
09:55:55,09:55:55,25.5,0.02,47,119850,买盘,2017-06-22,2017-06-22 09:55:55
09:55:58,09:55:58,25.5,--,137,349350,买盘,2017-06-22,2017-06-22 09:55:58
09:56:01,09:56:01,25.52,0.02,35,89320,买盘,2017-06-22,2017-06-22 09:56:01
09:56:04,09:56:04,25.51,-0.01,83,211733,卖盘,2017-06-22,2017-06-22 09:56:04
09:56:07,09:56:07,25.52,0.01,99,252648,中性盘,2017-06-22,2017-06-22 09:56:07
09:56:10,09:56:10,25.56,0.04,80,204480,买盘,2017-06-22,2017-06-22 09:56:10
09:56:13,09:56:13,25.52,-0.04,599,1528648,卖盘,2017-06-22,2017-06-22 09:56:13
09:56:16,09:56:16,25.58,0.06,68,173944,买盘,2017-06-22,2017-06-22 09:56:16
09:56:19,09:56:19,25.6,0.02,68,174950,买盘,2017-06-22,2017-06-22 09:56:19
09:56:22,09:56:22,25.59,-0.01,119,304521,卖盘,2017-06-22,2017-06-22 09:56:22
09:56:25,09:56:25,25.6,0.01,201,514560,买盘,2017-06-22,2017-06-22 09:56:25
09:56:28,09:56:28,25.58,-0.02,106,273322,卖盘,2017-06-22,2017-06-22 09:56:28
09:56:31,09:56:31,25.6,0.02,353,903680,买盘,2017-06-22,2017-06-22 09:56:31
09:56:34,09:56:34,25.6,--,136,348160,卖盘,2017-06-22,2017-06-22 09:56:34
09:56:37,09:56:37,25.59,-0.01,94,240929,卖盘,2017-06-22,2017-06-22 09:56:37
09:56:40,09:56:40,25.64,0.05,308,789712,买盘,2017-06-22,2017-06-22 09:56:40
09:56:43,09:56:43,25.53,-0.11,424,1082472,卖盘,2017-06-22,2017-06-22 09:56:43
09:56:46,09:56:46,25.6,0.07,106,272563,买盘,2017-06-22,2017-06-22 09:56:46
09:56:49,09:56:49,25.66,0.06,300,769800,买盘,2017-06-22,2017-06-22 09:56:49
09:56:52,09:56:52,25.6,-0.06,107,273920,卖盘,2017-06-22,2017-06-22 09:56:52
09:56:55,09:56:55,25.63,0.03,316,809908,买盘,2017-06-22,2017-06-22 09:56:55
09:56:58,09:56:58,25.6,-0.03,72,184320,卖盘,2017-06-22,2017-06-22 09:56:58
09:57:01,09:57:01,25.6,--,51,130560,买盘,2017-06-22,2017-06-22 09:57:01
09:57:04,09:57:04,25.59,-0.01,100,255900,中性盘,2017-06-22,2017-06-22 09:57:04
09:57:07,09:57:07,25.45,-0.14,425,1082821,卖盘,2017-06-22,2017-06-22 09:57:07
09:57:10,09:57:10,25.6,0.15,168,430080,卖盘,2017-06-22,2017-06-22 09:57:10
09:57:13,09:57:13,25.53,-0.07,48,122544,买盘,2017-06-22,2017-06-22 09:57:13
09:57:16,09:57:16,25.52,-0.01,24,61248,买盘,2017-06-22,2017-06-22 09:57:16
09:57:19,09:57:19,25.51,-0.01,22,56122,卖盘,2017-06-22,2017-06-22 09:57:19
09:57:22,09:57:22,25.45,-0.06,53,134885,卖盘,2017-06-22,2017-06-22 09:57:22
09:57:25,09:57:25,25.45,--,99,254118,卖盘,2017-06-22,2017-06-22 09:57:25
09:57:28,09:57:28,25.45,--,66,167970,卖盘,2017-06-22,2017-06-22 09:57:28
09:57:31,09:57:31,25.4,-0.05,62,158013,卖盘,2017-06-22,2017-06-22 09:57:31
09:57:34,09:57:34,25.4,--,48,121920,买盘,2017-06-22,2017-06-22 09:57:34
09:57:37,09:57:37,25.4,--,29,73660,买盘,2017-06-22,2017-06-22 09:57:37
09:57:40,09:57:40,25.45,0.05,112,285040,买盘,2017-06-22,2017-06-22 09:57:40
09:57:43,09:57:43,25.27,-0.18,51,130367,卖盘,2017-06-22,2017-06-22 09:57:43
09:57:46,09:57:46,25.35,0.08,25,63375,买盘,2017-06-22,2017-06-22 09:57:46
09:57:49,09:57:49,25.24,-0.11,13,32812,卖盘,2017-06-22,2017-06-22 09:57:49
09:57:52,09:57:52,25.3,0.06,40,101200,买盘,2017-06-22,2017-06-22 09:57:52
09:57:55,09:57:55,25.27,-0.03,62,158821,中性盘,2017-06-22,2017-06-22 09:57:55
09:57:58,09:57:58,25.23,-0.04,70,176610,卖盘,2017-06-22,2017-06-22 09:57:58
09:58:01,09:58:01,25.25,0.02,7,17675,中性盘,2017-06-22,2017-06-22 09:58:01
09:58:04,09:58:04,25.23,-0.02,32,80736,卖盘,2017-06-22,2017-06-22 09:58:04
09:58:07,09:58:07,25.35,0.12,101,258265,买盘,2017-06-22,2017-06-22 09:58:07
09:58:10,09:58:10,25.33,-0.02,24,60791,卖盘,2017-06-22,2017-06-22 09:58:10
09:58:13,09:58:13,25.3,-0.03,18,45540,卖盘,2017-06-22,2017-06-22 09:58:13
09:58:16,09:58:16,25.4,0.1,28,71120,买盘,2017-06-22,2017-06-22 09:58:16
09:58:19,09:58:19,25.39,-0.01,8,20312,中性盘,2017-06-22,2017-06-22 09:58:19
09:58:22,09:58:22,25.35,-0.04,33,83655,卖盘,2017-06-22,2017-06-22 09:58:22
09:58:25,09:58:25,25.35,--,23,58305,卖盘,2017-06-22,2017-06-22 09:58:25
09:58:28,09:58:28,25.33,-0.02,92,235442,卖盘,2017-06-22,2017-06-22 09:58:28
09:58:31,09:58:31,25.37,0.04,13,32981,卖盘,2017-06-22,2017-06-22 09:58:31
09:58:34,09:58:34,25.35,-0.02,15,38025,卖盘,2017-06-22,2017-06-22 09:58:34
09:58:37,09:58:37,25.4,0.05,65,165100,买盘,2017-06-22,2017-06-22 09:58:37
09:58:40,09:58:40,25.4,--,48,121920,卖盘,2017-06-22,2017-06-22 09:58:40
09:58:43,09:58:43,25.4,--,11,27940,卖盘,2017-06-22,2017-06-22 09:58:43
09:58:46,09:58:46,25.4,--,38,96520,买盘,2017-06-22,2017-06-22 09:58:46
09:58:49,09:58:49,25.43,0.03,128,327665,买盘,2017-06-22,2017-06-22 09:58:49
09:58:52,09:58:52,25.37,-0.06,95,241015,卖盘,2017-06-22,2017-06-22 09:58:52
09:58:55,09:58:55,25.43,0.06,8,20344,卖盘,2017-06-22,2017-06-22 09:58:55
09:58:58,09:58:58,25.44,0.01,6,15264,买盘,2017-06-22,2017-06-22 09:58:58
09:59:01,09:59:01,25.44,--,111,282384,卖盘,2017-06-22,2017-06-22 09:59:01
09:59:04,09:59:04,25.45,0.01,26,66170,买盘,2017-06-22,2017-06-22 09:59:04
09:59:07,09:59:07,25.43,-0.02,99,251757,卖盘,2017-06-22,2017-06-22 09:59:07
09:59:10,09:59:10,25.45,0.02,163,416845,买盘,2017-06-22,2017-06-22 09:59:10
09:59:13,09:59:13,25.45,--,80,203600,卖盘,2017-06-22,2017-06-22 09:59:13
09:59:16,09:59:16,25.45,--,27,68715,卖盘,2017-06-22,2017-06-22 09:59:16
09:59:19,09:59:19,25.45,--,58,147610,卖盘,2017-06-22,2017-06-22 09:59:19
09:59:22,09:59:22,25.5,0.05,28,71400,买盘,2017-06-22,2017-06-22 09:59:22
09:59:25,09:59:25,25.47,-0.03,13,33111,卖盘,2017-06-22,2017-06-22 09:59:25
09:59:28,09:59:28,25.47,--,2,5094,卖盘,2017-06-22,2017-06-22 09:59:28
09:59:31,09:59:31,25.46,-0.01,131,333526,卖盘,2017-06-22,2017-06-22 09:59:31
09:59:34,09:59:34,25.5,0.04,13,33150,卖盘,2017-06-22,2017-06-22 09:59:34
09:59:37,09:59:37,25.5,--,60,153000,买盘,2017-06-22,2017-06-22 09:59:37
09:59:40,09:59:40,25.46,-0.04,31,78926,卖盘,2017-06-22,2017-06-22 09:59:40
09:59:43,09:59:43,25.45,-0.01,148,376660,卖盘,2017-06-22,2017-06-22 09:59:43
09:59:46,09:59:46,25.52,0.07,165,422840,买盘,2017-06-22,2017-06-22 09:59:46
09:59:49,09:59:49,25.52,--,54,139977,卖盘,2017-06-22,2017-06-22 09:59:49
09:59:52,09:59:52,25.52,--,57,145464,卖盘,2017-06-22,2017-06-22 09:59:52
09:59:55,09:59:55,25.5,-0.02,36,91800,卖盘,2017-06-22,2017-06-22 09:59:55
09:59:58,09:59:58,25.52,0.02,117,298584,买盘,2017-06-22,2017-06-22 09:59:58
10:00:01,10:00:01,25.55,0.03,127,324485,买盘,2017-06-22,2017-06-22 10:00:01
10:00:04,10:00:04,25.53,-0.02,100,255300,中性盘,2017-06-22,2017-06-22 10:00:04
10:00:07,10:00:07,25.53,--,55,140415,卖盘,2017-06-22,2017-06-22 10:00:07
10:00:10,10:00:10,25.5,-0.03,36,91800,卖盘,2017-06-22,2017-06-22 10:00:10
10:00:13,10:00:13,25.54,0.04,91,232414,中性盘,2017-06-22,2017-06-22 10:00:13
10:00:16,10:00:16,25.54,--,59,152856,卖盘,2017-06-22,2017-06-22 10:00:16
10:00:19,10:00:19,25.52,-0.02,44,112670,卖盘,2017-06-22,2017-06-22 10:00:19
10:00:22,10:00:22,25.52,--,54,137808,买盘,2017-06-22,2017-06-22 10:00:22
10:00:25,10:00:25,25.52,--,67,170984,买盘,2017-06-22,2017-06-22 10:00:25
10:00:28,10:00:28,25.5,-0.02,44,112200,卖盘,2017-06-22,2017-06-22 10:00:28
10:00:31,10:00:31,25.5,--,77,196350,买盘,2017-06-22,2017-06-22 10:00:31
10:00:34,10:00:34,25.46,-0.04,26,66196,卖盘,2017-06-22,2017-06-22 10:00:34
10:00:37,10:00:37,25.5,0.04,92,234600,买盘,2017-06-22,2017-06-22 10:00:37
10:00:40,10:00:40,25.46,-0.04,3,7638,买盘,2017-06-22,2017-06-22 10:00:40
10:00:43,10:00:43,25.44,-0.02,16,41238,卖盘,2017-06-22,2017-06-22 10:00:43
10:00:46,10:00:46,25.44,--,14,35616,买盘,2017-06-22,2017-06-22 10:00:46
10:00:49,10:00:49,25.41,-0.03,75,190575,卖盘,2017-06-22,2017-06-22 10:00:49
10:00:52,10:00:52,25.4,-0.01,97,246380,卖盘,2017-06-22,2017-06-22 10:00:52
10:00:55,10:00:55,25.43,0.03,39,99177,买盘,2017-06-22,2017-06-22 10:00:55
10:00:58,10:00:58,25.43,--,72,184876,买盘,2017-06-22,2017-06-22 10:00:58
10:01:01,10:01:01,25.42,-0.01,40,101680,买盘,2017-06-22,2017-06-22 10:01:01
10:01:04,10:01:04,25.4,-0.02,161,408940,卖盘,2017-06-22,2017-06-22 10:01:04
10:01:07,10:01:07,25.4,--,112,284480,卖盘,2017-06-22,2017-06-22 10:01:07
10:01:10,10:01:10,25.42,0.02,48,122016,中性盘,2017-06-22,2017-06-22 10:01:10
10:01:13,10:01:13,25.42,--,156,396831,卖盘,2017-06-22,2017-06-22 10:01:13
10:01:16,10:01:16,25.4,-0.02,200,508482,卖盘,2017-06-22,2017-06-22 10:01:16
10:01:19,10:01:19,25.4,--,21,53340,买盘,2017-06-22,2017-06-22 10:01:19
10:01:22,10:01:22,25.4,--,99,253136,买盘,2017-06-22,2017-06-22 10:01:22
10:01:25,10:01:25,25.4,--,24,60960,卖盘,2017-06-22,2017-06-22 10:01:25
10:01:28,10:01:28,25.42,0.02,13,33046,买盘,2017-06-22,2017-06-22 10:01:28
10:01:31,10:01:31,25.4,-0.02,49,125653,卖盘,2017-06-22,2017-06-22 10:01:31
10:01:34,10:01:34,25.42,0.02,82,210604,买盘,2017-06-22,2017-06-22 10:01:34
10:01:37,10:01:37,25.42,--,18,45756,卖盘,2017-06-22,2017-06-22 10:01:37
10:01:40,10:01:40,25.42,--,4,10168,卖盘,2017-06-22,2017-06-22 10:01:40
10:01:43,10:01:43,25.41,-0.01,40,101640,卖盘,2017-06-22,2017-06-22 10:01:43
10:01:46,10:01:46,25.41,--,16,40656,卖盘,2017-06-22,2017-06-22 10:01:46
10:01:49,10:01:49,25.43,0.02,60,152580,买盘,2017-06-22,2017-06-22 10:01:49
10:01:52,10:01:52,25.42,-0.01,45,114390,卖盘,2017-06-22,2017-06-22 10:01:52
10:01:55,10:01:55,25.41,-0.01,36,91476,卖盘,2017-06-22,2017-06-22 10:01:55
10:01:58,10:01:58,25.42,0.01,47,119474,买盘,2017-06-22,2017-06-22 10:01:58
10:02:01,10:02:01,25.42,--,18,45756,买盘,2017-06-22,2017-06-22 10:02:01
10:02:04,10:02:04,25.42,--,52,133378,买盘,2017-06-22,2017-06-22 10:02:04
10:02:07,10:02:07,25.42,--,35,88970,卖盘,2017-06-22,2017-06-22 10:02:07
10:02:10,10:02:10,25.44,0.02,37,94128,买盘,2017-06-22,2017-06-22 10:02:10
10:02:13,10:02:13,25.42,-0.02,147,373674,卖盘,2017-06-22,2017-06-22 10:02:13
10:02:16,10:02:16,25.48,0.06,21,53508,中性盘,2017-06-22,2017-06-22 10:02:16
10:02:19,10:02:19,25.48,--,101,257348,卖盘,2017-06-22,2017-06-22 10:02:19
10:02:22,10:02:22,25.48,--,93,236964,卖盘,2017-06-22,2017-06-22 10:02:22
10:02:25,10:02:25,25.5,0.02,112,285600,买盘,2017-06-22,2017-06-22 10:02:25
10:02:28,10:02:28,25.51,0.01,12,30612,买盘,2017-06-22,2017-06-22 10:02:28
10:02:31,10:02:31,25.5,-0.01,35,90448,卖盘,2017-06-22,2017-06-22 10:02:31
10:02:34,10:02:34,25.53,0.03,185,474475,买盘,2017-06-22,2017-06-22 10:02:34
10:02:37,10:02:37,25.6,0.07,273,698880,买盘,2017-06-22,2017-06-22 10:02:37
10:02:40,10:02:40,25.55,-0.05,15,39525,中性盘,2017-06-22,2017-06-22 10:02:40
10:02:43,10:02:43,25.55,--,57,145635,卖盘,2017-06-22,2017-06-22 10:02:43
10:02:46,10:02:46,25.6,0.05,84,215040,买盘,2017-06-22,2017-06-22 10:02:46
10:02:49,10:02:49,25.6,--,139,357043,买盘,2017-06-22,2017-06-22 10:02:49
10:02:52,10:02:52,25.6,--,214,547840,买盘,2017-06-22,2017-06-22 10:02:52
10:02:55,10:02:55,25.65,0.05,96,246240,买盘,2017-06-22,2017-06-22 10:02:55
10:02:58,10:02:58,25.65,--,72,184680,买盘,2017-06-22,2017-06-22 10:02:58
10:03:01,10:03:01,25.68,0.03,195,500760,买盘,2017-06-22,2017-06-22 10:03:01
10:03:04,10:03:04,25.68,--,32,82176,买盘,2017-06-22,2017-06-22 10:03:04
10:03:07,10:03:07,25.66,-0.02,185,474710,卖盘,2017-06-22,2017-06-22 10:03:07
10:03:10,10:03:10,25.7,0.04,45,115650,买盘,2017-06-22,2017-06-22 10:03:10
10:03:13,10:03:13,25.7,--,148,382004,买盘,2017-06-22,2017-06-22 10:03:13
10:03:16,10:03:16,25.74,0.04,31,79794,买盘,2017-06-22,2017-06-22 10:03:16
10:03:19,10:03:19,25.72,-0.02,59,151748,卖盘,2017-06-22,2017-06-22 10:03:19
10:03:22,10:03:22,25.74,0.02,47,120977,中性盘,2017-06-22,2017-06-22 10:03:22
10:03:25,10:03:25,25.74,--,77,198198,卖盘,2017-06-22,2017-06-22 10:03:25
10:03:28,10:03:28,25.76,0.02,172,443072,买盘,2017-06-22,2017-06-22 10:03:28
10:03:31,10:03:31,25.76,--,105,270480,卖盘,2017-06-22,2017-06-22 10:03:31
10:03:34,10:03:34,25.79,0.03,65,168847,买盘,2017-06-22,2017-06-22 10:03:34
10:03:37,10:03:37,25.79,--,31,79949,买盘,2017-06-22,2017-06-22 10:03:37
10:03:40,10:03:40,25.8,0.01,92,237360,买盘,2017-06-22,2017-06-22 10:03:40
10:03:43,10:03:43,25.79,-0.01,61,157319,卖盘,2017-06-22,2017-06-22 10:03:43
10:03:46,10:03:46,25.8,0.01,295,761100,买盘,2017-06-22,2017-06-22 10:03:46
10:03:49,10:03:49,25.79,-0.01,199,515774,卖盘,2017-06-22,2017-06-22 10:03:49
10:03:52,10:03:52,25.81,0.02,217,560077,买盘,2017-06-22,2017-06-22 10:03:52
10:03:55,10:03:55,25.84,0.03,41,105944,买盘,2017-06-22,2017-06-22 10:03:55
10:03:58,10:03:58,25.8,-0.04,269,694020,卖盘,2017-06-22,2017-06-22 10:03:58
10:04:01,10:04:01,25.83,0.03,71,183393,中性盘,2017-06-22,2017-06-22 10:04:01
10:04:04,10:04:04,25.87,0.04,117,302679,买盘,2017-06-22,2017-06-22 10:04:04
10:04:07,10:04:07,25.87,--,42,108654,买盘,2017-06-22,2017-06-22 10:04:07
10:04:10,10:04:10,25.98,0.11,1033,2683734,买盘,2017-06-22,2017-06-22 10:04:10
10:04:13,10:04:13,25.9,-0.08,87,225330,中性盘,2017-06-22,2017-06-22 10:04:13
10:04:16,10:04:16,25.88,-0.02,196,507248,卖盘,2017-06-22,2017-06-22 10:04:16
10:04:19,10:04:19,25.9,0.02,54,139860,买盘,2017-06-22,2017-06-22 10:04:19
10:04:22,10:04:22,25.92,0.02,173,448416,中性盘,2017-06-22,2017-06-22 10:04:22
10:04:25,10:04:25,25.98,0.06,173,449454,买盘,2017-06-22,2017-06-22 10:04:25
10:04:28,10:04:28,25.94,-0.04,126,328063,卖盘,2017-06-22,2017-06-22 10:04:28
10:04:31,10:04:31,25.9,-0.04,119,309582,卖盘,2017-06-22,2017-06-22 10:04:31
10:04:34,10:04:34,25.88,-0.02,236,610768,卖盘,2017-06-22,2017-06-22 10:04:34
10:04:37,10:04:37,25.97,0.09,417,1082949,买盘,2017-06-22,2017-06-22 10:04:37
10:04:40,10:04:40,25.94,-0.03,179,464326,卖盘,2017-06-22,2017-06-22 10:04:40
10:04:43,10:04:43,25.94,--,672,1743168,卖盘,2017-06-22,2017-06-22 10:04:43
10:04:47,10:04:47,25.95,0.01,309,801855,中性盘,2017-06-22,2017-06-22 10:04:47
10:04:51,10:04:51,25.97,0.02,312,812705,买盘,2017-06-22,2017-06-22 10:04:51
10:04:52,10:04:52,25.97,--,253,658469,买盘,2017-06-22,2017-06-22 10:04:52
10:04:57,10:04:57,26.0,0.03,194,506766,买盘,2017-06-22,2017-06-22 10:04:57
10:05:00,10:05:00,25.98,-0.02,117,306408,卖盘,2017-06-22,2017-06-22 10:05:00
10:05:03,10:05:03,26.0,0.02,222,577200,买盘,2017-06-22,2017-06-22 10:05:03
10:05:06,10:05:06,25.95,-0.05,275,713625,卖盘,2017-06-22,2017-06-22 10:05:06
10:05:08,10:05:08,26.0,0.05,242,629200,买盘,2017-06-22,2017-06-22 10:05:08
10:05:11,10:05:11,25.99,-0.01,223,579577,中性盘,2017-06-22,2017-06-22 10:05:11
10:05:14,10:05:14,26.0,0.01,381,990808,买盘,2017-06-22,2017-06-22 10:05:14
10:05:17,10:05:17,26.0,--,65,169000,卖盘,2017-06-22,2017-06-22 10:05:17
10:05:21,10:05:21,26.0,--,115,299000,卖盘,2017-06-22,2017-06-22 10:05:21
10:05:24,10:05:24,26.07,0.07,82,213774,买盘,2017-06-22,2017-06-22 10:05:24
10:05:27,10:05:27,25.99,-0.08,126,329865,卖盘,2017-06-22,2017-06-22 10:05:27
10:05:30,10:05:30,26.0,0.01,239,621400,买盘,2017-06-22,2017-06-22 10:05:30
10:05:32,10:05:32,26.05,0.05,80,208400,中性盘,2017-06-22,2017-06-22 10:05:32
10:05:36,10:05:36,25.98,-0.07,153,397494,卖盘,2017-06-22,2017-06-22 10:05:36
10:05:39,10:05:39,25.9,-0.08,391,1012690,卖盘,2017-06-22,2017-06-22 10:05:39
10:05:42,10:05:42,26.04,0.14,356,927024,买盘,2017-06-22,2017-06-22 10:05:42
10:05:45,10:05:45,25.98,-0.06,45,116910,卖盘,2017-06-22,2017-06-22 10:05:45
10:05:48,10:05:48,25.98,--,246,639108,卖盘,2017-06-22,2017-06-22 10:05:48
10:05:51,10:05:51,25.88,-0.1,446,1155956,卖盘,2017-06-22,2017-06-22 10:05:51
10:05:54,10:05:54,25.9,0.02,81,209790,买盘,2017-06-22,2017-06-22 10:05:54
10:05:57,10:05:57,25.98,0.08,223,579354,买盘,2017-06-22,2017-06-22 10:05:57
10:06:00,10:06:00,25.9,-0.08,77,199430,卖盘,2017-06-22,2017-06-22 10:06:00
10:06:03,10:06:03,25.85,-0.05,11,28435,中性盘,2017-06-22,2017-06-22 10:06:03
10:06:06,10:06:06,25.91,0.06,82,212462,买盘,2017-06-22,2017-06-22 10:06:06
10:06:09,10:06:09,25.95,0.04,34,88230,买盘,2017-06-22,2017-06-22 10:06:09
10:06:12,10:06:12,25.88,-0.07,43,111284,卖盘,2017-06-22,2017-06-22 10:06:12
10:06:15,10:06:15,25.9,0.02,179,463610,中性盘,2017-06-22,2017-06-22 10:06:15
10:06:18,10:06:18,25.9,--,59,152810,中性盘,2017-06-22,2017-06-22 10:06:18
10:06:21,10:06:21,25.91,0.01,36,93276,买盘,2017-06-22,2017-06-22 10:06:21
10:06:24,10:06:24,25.83,-0.08,82,211806,卖盘,2017-06-22,2017-06-22 10:06:24
10:06:27,10:06:27,25.82,-0.01,53,136846,卖盘,2017-06-22,2017-06-22 10:06:27
10:06:30,10:06:30,25.91,0.09,71,183961,买盘,2017-06-22,2017-06-22 10:06:30
10:06:33,10:06:33,25.82,-0.09,47,121354,卖盘,2017-06-22,2017-06-22 10:06:33
10:06:36,10:06:36,25.9,0.08,31,80290,中性盘,2017-06-22,2017-06-22 10:06:36
10:06:39,10:06:39,25.91,0.01,369,956079,买盘,2017-06-22,2017-06-22 10:06:39
10:06:42,10:06:42,25.83,-0.08,57,147231,卖盘,2017-06-22,2017-06-22 10:06:42
10:06:45,10:06:45,25.88,0.05,37,95756,买盘,2017-06-22,2017-06-22 10:06:45
10:06:48,10:06:48,25.83,-0.05,32,82656,卖盘,2017-06-22,2017-06-22 10:06:48
10:06:51,10:06:51,25.83,--,128,330624,卖盘,2017-06-22,2017-06-22 10:06:51
10:06:54,10:06:54,25.85,0.02,34,87890,中性盘,2017-06-22,2017-06-22 10:06:54
10:06:57,10:06:57,25.9,0.05,100,260217,买盘,2017-06-22,2017-06-22 10:06:57
10:07:00,10:07:00,25.9,--,134,347060,卖盘,2017-06-22,2017-06-22 10:07:00
10:07:03,10:07:03,25.9,--,123,319942,卖盘,2017-06-22,2017-06-22 10:07:03
10:07:06,10:07:06,25.88,-0.02,67,173396,中性盘,2017-06-22,2017-06-22 10:07:06
10:07:09,10:07:09,25.91,0.03,206,534963,买盘,2017-06-22,2017-06-22 10:07:09
10:07:12,10:07:12,25.91,--,28,73921,卖盘,2017-06-22,2017-06-22 10:07:12
10:07:15,10:07:15,25.9,-0.01,34,88060,买盘,2017-06-22,2017-06-22 10:07:15
10:07:18,10:07:18,25.88,-0.02,14,36232,卖盘,2017-06-22,2017-06-22 10:07:18
10:07:21,10:07:21,25.9,0.02,67,174747,买盘,2017-06-22,2017-06-22 10:07:21
10:07:24,10:07:24,25.95,0.05,330,856350,买盘,2017-06-22,2017-06-22 10:07:24
10:07:27,10:07:27,25.95,--,70,181650,卖盘,2017-06-22,2017-06-22 10:07:27
10:07:30,10:07:30,25.91,-0.04,21,54411,卖盘,2017-06-22,2017-06-22 10:07:30
10:07:33,10:07:33,25.91,--,100,260473,卖盘,2017-06-22,2017-06-22 10:07:33
10:07:36,10:07:36,25.97,0.06,49,127253,买盘,2017-06-22,2017-06-22 10:07:36
10:07:39,10:07:39,25.91,-0.06,33,85503,卖盘,2017-06-22,2017-06-22 10:07:39
10:07:42,10:07:42,25.96,0.05,171,443916,中性盘,2017-06-22,2017-06-22 10:07:42
10:07:45,10:07:45,25.98,0.02,42,109116,买盘,2017-06-22,2017-06-22 10:07:45
10:07:48,10:07:48,25.99,0.01,184,479437,买盘,2017-06-22,2017-06-22 10:07:48
10:07:51,10:07:51,25.99,--,93,241707,卖盘,2017-06-22,2017-06-22 10:07:51
10:07:54,10:07:54,26.0,0.01,221,574808,买盘,2017-06-22,2017-06-22 10:07:54
10:07:57,10:07:57,26.0,--,75,195000,买盘,2017-06-22,2017-06-22 10:07:57
10:08:00,10:08:00,25.99,-0.01,83,215717,卖盘,2017-06-22,2017-06-22 10:08:00
10:08:03,10:08:03,26.0,0.01,177,460200,买盘,2017-06-22,2017-06-22 10:08:03
10:08:06,10:08:06,26.01,0.01,196,511018,买盘,2017-06-22,2017-06-22 10:08:06
10:08:09,10:08:09,26.04,0.03,81,212147,买盘,2017-06-22,2017-06-22 10:08:09
10:08:12,10:08:12,26.04,--,197,512988,卖盘,2017-06-22,2017-06-22 10:08:12
10:08:15,10:08:15,26.05,0.01,66,171930,买盘,2017-06-22,2017-06-22 10:08:15
10:08:18,10:08:18,26.05,--,75,195375,买盘,2017-06-22,2017-06-22 10:08:18
10:08:21,10:08:21,26.06,0.01,58,151148,买盘,2017-06-22,2017-06-22 10:08:21
10:08:24,10:08:24,26.1,0.04,334,871740,买盘,2017-06-22,2017-06-22 10:08:24
10:08:27,10:08:27,26.06,-0.04,207,539442,卖盘,2017-06-22,2017-06-22 10:08:27
10:08:30,10:08:30,26.1,0.04,139,362790,买盘,2017-06-22,2017-06-22 10:08:30
10:08:33,10:08:33,26.12,0.02,276,721120,买盘,2017-06-22,2017-06-22 10:08:33
10:08:36,10:08:36,26.14,0.02,191,499274,买盘,2017-06-22,2017-06-22 10:08:36
10:08:39,10:08:39,26.18,0.04,153,400554,买盘,2017-06-22,2017-06-22 10:08:39
10:08:42,10:08:42,26.15,-0.03,66,173819,卖盘,2017-06-22,2017-06-22 10:08:42
10:08:45,10:08:45,26.19,0.04,132,345708,买盘,2017-06-22,2017-06-22 10:08:45
10:08:48,10:08:48,26.2,0.01,156,408720,买盘,2017-06-22,2017-06-22 10:08:48
10:08:51,10:08:51,26.2,--,165,432300,买盘,2017-06-22,2017-06-22 10:08:51
10:08:54,10:08:54,26.23,0.03,288,756656,买盘,2017-06-22,2017-06-22 10:08:54
10:08:57,10:08:57,26.25,0.02,55,144375,买盘,2017-06-22,2017-06-22 10:08:57
10:09:00,10:09:00,26.23,-0.02,36,94428,卖盘,2017-06-22,2017-06-22 10:09:00
10:09:03,10:09:03,26.25,0.02,142,372750,买盘,2017-06-22,2017-06-22 10:09:03
10:09:06,10:09:06,26.26,0.01,99,259974,中性盘,2017-06-22,2017-06-22 10:09:06
10:09:09,10:09:09,26.29,0.03,135,354915,买盘,2017-06-22,2017-06-22 10:09:09
10:09:12,10:09:12,26.28,-0.01,226,593928,买盘,2017-06-22,2017-06-22 10:09:12
10:09:15,10:09:15,26.29,0.01,242,636218,买盘,2017-06-22,2017-06-22 10:09:15
10:09:18,10:09:18,26.29,--,330,867596,卖盘,2017-06-22,2017-06-22 10:09:18
10:09:21,10:09:21,26.26,-0.03,523,1373398,卖盘,2017-06-22,2017-06-22 10:09:21
10:09:24,10:09:24,26.3,0.04,405,1065150,买盘,2017-06-22,2017-06-22 10:09:24
10:09:27,10:09:27,26.25,-0.05,237,622125,中性盘,2017-06-22,2017-06-22 10:09:27
10:09:30,10:09:30,26.24,-0.01,130,341120,中性盘,2017-06-22,2017-06-22 10:09:30
10:09:33,10:09:33,26.25,0.01,154,404250,买盘,2017-06-22,2017-06-22 10:09:33
10:09:36,10:09:36,26.26,0.01,390,1024140,买盘,2017-06-22,2017-06-22 10:09:36
10:09:39,10:09:39,26.25,-0.01,58,152250,卖盘,2017-06-22,2017-06-22 10:09:39
10:09:42,10:09:42,26.26,0.01,135,354510,中性盘,2017-06-22,2017-06-22 10:09:42
10:09:45,10:09:45,26.25,-0.01,469,1231125,卖盘,2017-06-22,2017-06-22 10:09:45
10:09:48,10:09:48,26.24,-0.01,340,892160,中性盘,2017-06-22,2017-06-22 10:09:48
10:09:51,10:09:51,26.2,-0.04,203,531860,卖盘,2017-06-22,2017-06-22 10:09:51
10:09:54,10:09:54,26.24,0.04,768,2015231,买盘,2017-06-22,2017-06-22 10:09:54
10:09:57,10:09:57,26.2,-0.04,112,293440,卖盘,2017-06-22,2017-06-22 10:09:57
10:10:00,10:10:00,26.21,0.01,893,2340553,买盘,2017-06-22,2017-06-22 10:10:00
10:10:03,10:10:03,26.18,-0.03,126,329868,卖盘,2017-06-22,2017-06-22 10:10:03
10:10:06,10:10:06,26.07,-0.11,346,902022,卖盘,2017-06-22,2017-06-22 10:10:06
10:10:09,10:10:09,26.05,-0.02,23,59915,卖盘,2017-06-22,2017-06-22 10:10:09
10:10:13,10:10:13,26.05,--,136,354280,卖盘,2017-06-22,2017-06-22 10:10:13
10:10:15,10:10:15,26.1,0.05,127,331470,买盘,2017-06-22,2017-06-22 10:10:15
10:10:18,10:10:18,26.05,-0.05,58,151090,买盘,2017-06-22,2017-06-22 10:10:18
10:10:21,10:10:21,26.0,-0.05,92,239200,卖盘,2017-06-22,2017-06-22 10:10:21
10:10:24,10:10:24,26.05,0.05,92,239660,买盘,2017-06-22,2017-06-22 10:10:24
10:10:27,10:10:27,26.05,--,111,289155,中性盘,2017-06-22,2017-06-22 10:10:27
10:10:30,10:10:30,26.05,--,42,109410,卖盘,2017-06-22,2017-06-22 10:10:30
10:10:33,10:10:33,26.04,-0.01,98,255192,卖盘,2017-06-22,2017-06-22 10:10:33
10:10:36,10:10:36,26.05,0.01,35,91175,买盘,2017-06-22,2017-06-22 10:10:36
10:10:39,10:10:39,26.0,-0.05,108,280800,中性盘,2017-06-22,2017-06-22 10:10:39
10:10:42,10:10:42,25.98,-0.02,41,106518,卖盘,2017-06-22,2017-06-22 10:10:42
10:10:45,10:10:45,26.0,0.02,51,132600,买盘,2017-06-22,2017-06-22 10:10:45
10:10:48,10:10:48,25.94,-0.06,56,145264,卖盘,2017-06-22,2017-06-22 10:10:48
10:10:51,10:10:51,25.99,0.05,31,80569,买盘,2017-06-22,2017-06-22 10:10:51
10:10:54,10:10:54,25.98,-0.01,62,161076,卖盘,2017-06-22,2017-06-22 10:10:54
10:10:57,10:10:57,26.0,0.02,54,140400,中性盘,2017-06-22,2017-06-22 10:10:57
10:11:00,10:11:00,26.05,0.05,57,148485,买盘,2017-06-22,2017-06-22 10:11:00
10:11:03,10:11:03,25.98,-0.07,130,337740,卖盘,2017-06-22,2017-06-22 10:11:03
10:11:07,10:11:07,25.98,--,68,176664,卖盘,2017-06-22,2017-06-22 10:11:07
10:11:09,10:11:09,26.0,0.02,41,106600,买盘,2017-06-22,2017-06-22 10:11:09
10:11:12,10:11:12,26.0,--,58,150800,买盘,2017-06-22,2017-06-22 10:11:12
10:11:15,10:11:15,26.0,--,75,195000,卖盘,2017-06-22,2017-06-22 10:11:15
10:11:18,10:11:18,26.0,--,16,41600,卖盘,2017-06-22,2017-06-22 10:11:18
10:11:21,10:11:21,26.0,--,73,189800,卖盘,2017-06-22,2017-06-22 10:11:21
10:11:24,10:11:24,26.0,--,20,52000,卖盘,2017-06-22,2017-06-22 10:11:24
10:11:27,10:11:27,26.0,--,84,218400,卖盘,2017-06-22,2017-06-22 10:11:27
10:11:30,10:11:30,26.03,0.03,145,378502,买盘,2017-06-22,2017-06-22 10:11:30
10:11:33,10:11:33,26.0,-0.03,181,470600,卖盘,2017-06-22,2017-06-22 10:11:33
10:11:36,10:11:36,26.04,0.04,24,62496,买盘,2017-06-22,2017-06-22 10:11:36
10:11:39,10:11:39,26.04,--,44,114576,买盘,2017-06-22,2017-06-22 10:11:39
10:11:42,10:11:42,26.03,-0.01,40,104120,中性盘,2017-06-22,2017-06-22 10:11:42
10:11:46,10:11:46,26.0,-0.03,69,179400,卖盘,2017-06-22,2017-06-22 10:11:46
10:11:48,10:11:48,26.0,--,64,166400,卖盘,2017-06-22,2017-06-22 10:11:48
10:11:51,10:11:51,26.0,--,47,123422,卖盘,2017-06-22,2017-06-22 10:11:51
10:11:55,10:11:55,26.01,0.01,22,57222,卖盘,2017-06-22,2017-06-22 10:11:55
10:11:58,10:11:58,26.02,0.01,63,163926,买盘,2017-06-22,2017-06-22 10:11:58
10:12:01,10:12:01,26.03,0.01,146,380038,卖盘,2017-06-22,2017-06-22 10:12:01
10:12:04,10:12:04,26.05,0.02,17,44285,买盘,2017-06-22,2017-06-22 10:12:04
10:12:06,10:12:06,26.04,-0.01,75,195300,卖盘,2017-06-22,2017-06-22 10:12:06
10:12:09,10:12:09,26.02,-0.02,12,31224,卖盘,2017-06-22,2017-06-22 10:12:09
10:12:12,10:12:12,26.02,--,17,44234,卖盘,2017-06-22,2017-06-22 10:12:12
10:12:15,10:12:15,26.05,0.03,19,49495,买盘,2017-06-22,2017-06-22 10:12:15
10:12:18,10:12:18,26.03,-0.02,37,97534,卖盘,2017-06-22,2017-06-22 10:12:18
10:12:22,10:12:22,26.03,--,48,124944,卖盘,2017-06-22,2017-06-22 10:12:22
10:12:25,10:12:25,26.05,0.02,24,63405,买盘,2017-06-22,2017-06-22 10:12:25
10:12:27,10:12:27,26.08,0.03,90,234719,买盘,2017-06-22,2017-06-22 10:12:27
10:12:31,10:12:31,26.08,--,31,80848,卖盘,2017-06-22,2017-06-22 10:12:31
10:12:33,10:12:33,26.07,-0.01,8,20856,卖盘,2017-06-22,2017-06-22 10:12:33
10:12:37,10:12:37,26.08,0.01,32,83456,买盘,2017-06-22,2017-06-22 10:12:37
10:12:39,10:12:39,26.08,--,40,104320,卖盘,2017-06-22,2017-06-22 10:12:39
10:12:43,10:12:43,26.1,0.02,153,399330,买盘,2017-06-22,2017-06-22 10:12:43
10:12:46,10:12:46,26.1,--,60,156600,买盘,2017-06-22,2017-06-22 10:12:46
10:12:48,10:12:48,26.1,--,23,60030,买盘,2017-06-22,2017-06-22 10:12:48
10:12:52,10:12:52,26.11,0.01,17,44387,买盘,2017-06-22,2017-06-22 10:12:52
10:12:54,10:12:54,26.11,--,22,57442,买盘,2017-06-22,2017-06-22 10:12:54
10:12:57,10:12:57,26.12,0.01,33,86196,买盘,2017-06-22,2017-06-22 10:12:57
10:13:00,10:13:00,26.1,-0.02,271,707310,卖盘,2017-06-22,2017-06-22 10:13:00
10:13:04,10:13:04,26.12,0.02,1,2612,中性盘,2017-06-22,2017-06-22 10:13:04
10:13:06,10:13:06,26.15,0.03,72,188280,买盘,2017-06-22,2017-06-22 10:13:06
10:13:10,10:13:10,26.15,--,33,86295,买盘,2017-06-22,2017-06-22 10:13:10
10:13:13,10:13:13,26.15,--,37,96755,买盘,2017-06-22,2017-06-22 10:13:13
10:13:15,10:13:15,26.11,-0.04,93,244102,卖盘,2017-06-22,2017-06-22 10:13:15
10:13:19,10:13:19,26.15,0.04,13,33995,中性盘,2017-06-22,2017-06-22 10:13:19
10:13:22,10:13:22,26.15,--,29,77064,卖盘,2017-06-22,2017-06-22 10:13:22
10:13:25,10:13:25,26.19,0.04,121,316899,买盘,2017-06-22,2017-06-22 10:13:25
10:13:28,10:13:28,26.17,-0.02,53,139930,卖盘,2017-06-22,2017-06-22 10:13:28
10:13:30,10:13:30,26.15,-0.02,58,151670,卖盘,2017-06-22,2017-06-22 10:13:30
10:13:34,10:13:34,26.18,0.03,182,478701,买盘,2017-06-22,2017-06-22 10:13:34
10:13:37,10:13:37,26.17,-0.01,47,122999,中性盘,2017-06-22,2017-06-22 10:13:37
10:13:40,10:13:40,26.18,0.01,41,107338,中性盘,2017-06-22,2017-06-22 10:13:40
10:13:43,10:13:43,26.15,-0.03,411,1074765,卖盘,2017-06-22,2017-06-22 10:13:43
10:13:46,10:13:46,26.15,--,198,517770,买盘,2017-06-22,2017-06-22 10:13:46
10:13:49,10:13:49,26.09,-0.06,93,243184,卖盘,2017-06-22,2017-06-22 10:13:49
10:13:51,10:13:51,26.09,--,45,117405,买盘,2017-06-22,2017-06-22 10:13:51
10:13:55,10:13:55,26.04,-0.05,99,259514,卖盘,2017-06-22,2017-06-22 10:13:55
10:13:58,10:13:58,26.02,-0.02,25,65050,卖盘,2017-06-22,2017-06-22 10:13:58
10:14:01,10:14:01,26.01,-0.01,456,1186056,卖盘,2017-06-22,2017-06-22 10:14:01
10:14:03,10:14:03,26.0,-0.01,110,287846,卖盘,2017-06-22,2017-06-22 10:14:03
10:14:07,10:14:07,26.0,--,107,278200,卖盘,2017-06-22,2017-06-22 10:14:07
10:14:10,10:14:10,26.0,--,122,319332,卖盘,2017-06-22,2017-06-22 10:14:10
10:14:13,10:14:13,26.0,--,123,319800,买盘,2017-06-22,2017-06-22 10:14:13
10:14:16,10:14:16,25.96,-0.04,35,90860,卖盘,2017-06-22,2017-06-22 10:14:16
10:14:19,10:14:19,25.98,0.02,65,168870,中性盘,2017-06-22,2017-06-22 10:14:19
10:14:22,10:14:22,25.91,-0.07,48,124368,卖盘,2017-06-22,2017-06-22 10:14:22
10:14:24,10:14:24,25.9,-0.01,8,21937,卖盘,2017-06-22,2017-06-22 10:14:24
10:14:27,10:14:27,25.91,0.01,80,207280,中性盘,2017-06-22,2017-06-22 10:14:27
10:14:30,10:14:30,25.93,0.02,103,267079,买盘,2017-06-22,2017-06-22 10:14:30
10:14:34,10:14:34,25.9,-0.03,135,349960,卖盘,2017-06-22,2017-06-22 10:14:34
10:14:36,10:14:36,25.9,--,7,18130,买盘,2017-06-22,2017-06-22 10:14:36
10:14:39,10:14:39,25.88,-0.02,49,126812,卖盘,2017-06-22,2017-06-22 10:14:39
10:14:43,10:14:43,25.85,-0.03,29,74965,卖盘,2017-06-22,2017-06-22 10:14:43
10:14:46,10:14:46,25.88,0.03,33,85404,买盘,2017-06-22,2017-06-22 10:14:46
10:14:49,10:14:49,25.85,-0.03,31,80135,卖盘,2017-06-22,2017-06-22 10:14:49
10:14:52,10:14:52,25.88,0.03,45,116460,买盘,2017-06-22,2017-06-22 10:14:52
10:14:55,10:14:55,25.85,-0.03,33,85305,买盘,2017-06-22,2017-06-22 10:14:55
10:14:58,10:14:58,25.82,-0.03,29,74878,卖盘,2017-06-22,2017-06-22 10:14:58
10:15:01,10:15:01,25.85,0.03,113,292105,买盘,2017-06-22,2017-06-22 10:15:01
10:15:04,10:15:04,25.82,-0.03,41,105862,卖盘,2017-06-22,2017-06-22 10:15:04
10:15:07,10:15:07,25.83,0.01,51,131733,买盘,2017-06-22,2017-06-22 10:15:07
10:15:10,10:15:10,25.81,-0.02,109,281329,卖盘,2017-06-22,2017-06-22 10:15:10
10:15:12,10:15:12,25.8,-0.01,146,376680,卖盘,2017-06-22,2017-06-22 10:15:12
10:15:16,10:15:16,25.81,0.01,130,335530,买盘,2017-06-22,2017-06-22 10:15:16
10:15:19,10:15:19,25.8,-0.01,51,131580,中性盘,2017-06-22,2017-06-22 10:15:19
10:15:22,10:15:22,25.7,-0.1,47,120790,卖盘,2017-06-22,2017-06-22 10:15:22
10:15:25,10:15:25,25.81,0.11,73,188413,买盘,2017-06-22,2017-06-22 10:15:25
10:15:28,10:15:28,25.8,-0.01,23,59340,卖盘,2017-06-22,2017-06-22 10:15:28
10:15:31,10:15:31,25.74,-0.06,11,28314,中性盘,2017-06-22,2017-06-22 10:15:31
10:15:34,10:15:34,25.7,-0.04,89,228730,卖盘,2017-06-22,2017-06-22 10:15:34
10:15:37,10:15:37,25.8,0.1,6,15480,买盘,2017-06-22,2017-06-22 10:15:37
10:15:40,10:15:40,25.79,-0.01,42,108318,买盘,2017-06-22,2017-06-22 10:15:40
10:15:43,10:15:43,25.71,-0.08,67,172257,卖盘,2017-06-22,2017-06-22 10:15:43
10:15:46,10:15:46,25.71,--,19,48849,卖盘,2017-06-22,2017-06-22 10:15:46
10:15:49,10:15:49,25.71,--,15,38565,卖盘,2017-06-22,2017-06-22 10:15:49
10:15:52,10:15:52,25.71,--,18,46278,卖盘,2017-06-22,2017-06-22 10:15:52
10:15:55,10:15:55,25.71,--,6,15426,卖盘,2017-06-22,2017-06-22 10:15:55
10:15:58,10:15:58,25.75,0.04,9,23175,买盘,2017-06-22,2017-06-22 10:15:58
10:16:01,10:16:01,25.72,-0.03,10,26928,卖盘,2017-06-22,2017-06-22 10:16:01
10:16:04,10:16:04,25.74,0.02,47,120977,卖盘,2017-06-22,2017-06-22 10:16:04
10:16:07,10:16:07,25.75,0.01,8,20600,买盘,2017-06-22,2017-06-22 10:16:07
10:16:10,10:16:10,25.75,--,41,105575,卖盘,2017-06-22,2017-06-22 10:16:10
10:16:13,10:16:13,25.79,0.04,101,260479,买盘,2017-06-22,2017-06-22 10:16:13
10:16:16,10:16:16,25.79,--,2,5158,买盘,2017-06-22,2017-06-22 10:16:16
10:16:19,10:16:19,25.79,--,28,72212,中性盘,2017-06-22,2017-06-22 10:16:19
10:16:22,10:16:22,25.8,0.01,23,59340,买盘,2017-06-22,2017-06-22 10:16:22
10:16:25,10:16:25,25.8,--,57,148272,买盘,2017-06-22,2017-06-22 10:16:25
10:16:28,10:16:28,25.8,--,17,43860,卖盘,2017-06-22,2017-06-22 10:16:28
10:16:31,10:16:31,25.81,0.01,17,43877,买盘,2017-06-22,2017-06-22 10:16:31
10:16:34,10:16:34,25.82,0.01,69,178158,买盘,2017-06-22,2017-06-22 10:16:34
10:16:37,10:16:37,25.83,0.01,24,61991,买盘,2017-06-22,2017-06-22 10:16:37
10:16:40,10:16:40,25.83,--,13,33579,买盘,2017-06-22,2017-06-22 10:16:40
10:16:43,10:16:43,25.83,--,13,33579,买盘,2017-06-22,2017-06-22 10:16:43
10:16:46,10:16:46,25.85,0.02,91,236449,买盘,2017-06-22,2017-06-22 10:16:46
10:16:49,10:16:49,25.85,--,1,2585,卖盘,2017-06-22,2017-06-22 10:16:49
10:16:52,10:16:52,25.84,-0.01,6,15504,卖盘,2017-06-22,2017-06-22 10:16:52
10:16:55,10:16:55,25.88,0.04,7,18116,买盘,2017-06-22,2017-06-22 10:16:55
10:16:58,10:16:58,25.88,--,20,51760,买盘,2017-06-22,2017-06-22 10:16:58
10:17:01,10:17:01,25.9,0.02,25,64750,买盘,2017-06-22,2017-06-22 10:17:01
10:17:04,10:17:04,25.9,--,21,54390,买盘,2017-06-22,2017-06-22 10:17:04
10:17:07,10:17:07,25.9,--,31,80290,买盘,2017-06-22,2017-06-22 10:17:07
10:17:10,10:17:10,25.93,0.03,48,125060,买盘,2017-06-22,2017-06-22 10:17:10
10:17:13,10:17:13,25.93,--,14,36302,卖盘,2017-06-22,2017-06-22 10:17:13
10:17:16,10:17:16,25.93,--,14,36302,卖盘,2017-06-22,2017-06-22 10:17:16
10:17:19,10:17:19,25.93,--,13,33709,卖盘,2017-06-22,2017-06-22 10:17:19
10:17:22,10:17:22,25.94,0.01,67,173798,买盘,2017-06-22,2017-06-22 10:17:22
10:17:25,10:17:25,25.94,--,30,77820,买盘,2017-06-22,2017-06-22 10:17:25
10:17:28,10:17:28,25.93,-0.01,20,51860,中性盘,2017-06-22,2017-06-22 10:17:28
10:17:31,10:17:31,25.93,--,21,55671,中性盘,2017-06-22,2017-06-22 10:17:31
10:17:34,10:17:34,25.91,-0.02,76,196916,中性盘,2017-06-22,2017-06-22 10:17:34
10:17:37,10:17:37,25.9,-0.01,107,277130,卖盘,2017-06-22,2017-06-22 10:17:37
10:17:40,10:17:40,25.9,--,28,73297,卖盘,2017-06-22,2017-06-22 10:17:40
10:17:43,10:17:43,25.88,-0.02,78,201864,卖盘,2017-06-22,2017-06-22 10:17:43
10:17:46,10:17:46,25.9,0.02,11,28490,买盘,2017-06-22,2017-06-22 10:17:46
10:17:49,10:17:49,25.88,-0.02,12,31056,中性盘,2017-06-22,2017-06-22 10:17:49
10:17:52,10:17:52,25.88,--,70,181160,买盘,2017-06-22,2017-06-22 10:17:52
10:17:55,10:17:55,25.86,-0.02,17,43962,卖盘,2017-06-22,2017-06-22 10:17:55
10:17:58,10:17:58,25.86,--,98,253428,买盘,2017-06-22,2017-06-22 10:17:58
10:18:01,10:18:01,25.88,0.02,19,49172,买盘,2017-06-22,2017-06-22 10:18:01
10:18:04,10:18:04,25.85,-0.03,20,51700,卖盘,2017-06-22,2017-06-22 10:18:04
10:18:07,10:18:07,25.85,--,21,54285,卖盘,2017-06-22,2017-06-22 10:18:07
10:18:10,10:18:10,25.87,0.02,66,170742,买盘,2017-06-22,2017-06-22 10:18:10
10:18:13,10:18:13,25.8,-0.07,725,1870654,卖盘,2017-06-22,2017-06-22 10:18:13
10:18:16,10:18:16,25.8,--,76,196080,买盘,2017-06-22,2017-06-22 10:18:16
10:18:19,10:18:19,25.8,--,20,51600,买盘,2017-06-22,2017-06-22 10:18:19
10:18:22,10:18:22,25.8,--,5,12900,买盘,2017-06-22,2017-06-22 10:18:22
10:18:25,10:18:25,25.79,-0.01,37,95423,买盘,2017-06-22,2017-06-22 10:18:25
10:18:28,10:18:28,25.79,--,52,134108,买盘,2017-06-22,2017-06-22 10:18:28
10:18:31,10:18:31,25.76,-0.03,4,10304,买盘,2017-06-22,2017-06-22 10:18:31
10:18:34,10:18:34,25.74,-0.02,15,38610,卖盘,2017-06-22,2017-06-22 10:18:34
10:18:37,10:18:37,25.76,0.02,23,59248,买盘,2017-06-22,2017-06-22 10:18:37
10:18:40,10:18:40,25.75,-0.01,55,141625,中性盘,2017-06-22,2017-06-22 10:18:40
10:18:43,10:18:43,25.75,--,14,36050,卖盘,2017-06-22,2017-06-22 10:18:43
10:18:46,10:18:46,25.75,--,28,72100,卖盘,2017-06-22,2017-06-22 10:18:46
10:18:49,10:18:49,25.74,-0.01,133,342342,卖盘,2017-06-22,2017-06-22 10:18:49
10:18:52,10:18:52,25.75,0.01,33,84975,买盘,2017-06-22,2017-06-22 10:18:52
10:18:55,10:18:55,25.75,--,9,23175,买盘,2017-06-22,2017-06-22 10:18:55
10:18:58,10:18:58,25.74,-0.01,19,48906,卖盘,2017-06-22,2017-06-22 10:18:58
10:19:01,10:19:01,25.74,--,44,113256,卖盘,2017-06-22,2017-06-22 10:19:01
10:19:04,10:19:04,25.73,-0.01,72,185256,卖盘,2017-06-22,2017-06-22 10:19:04
10:19:07,10:19:07,25.74,0.01,65,167310,买盘,2017-06-22,2017-06-22 10:19:07
10:19:10,10:19:10,25.74,--,33,84942,买盘,2017-06-22,2017-06-22 10:19:10
10:19:13,10:19:13,25.73,-0.01,46,118358,卖盘,2017-06-22,2017-06-22 10:19:13
10:19:16,10:19:16,25.72,-0.01,81,208332,卖盘,2017-06-22,2017-06-22 10:19:16
10:19:19,10:19:19,25.71,-0.01,16,43552,卖盘,2017-06-22,2017-06-22 10:19:19
10:19:22,10:19:22,25.72,0.01,21,54012,买盘,2017-06-22,2017-06-22 10:19:22
10:19:25,10:19:25,25.72,--,46,118312,买盘,2017-06-22,2017-06-22 10:19:25
10:19:28,10:19:28,25.71,-0.01,6,15426,卖盘,2017-06-22,2017-06-22 10:19:28
10:19:31,10:19:31,25.72,0.01,14,36008,买盘,2017-06-22,2017-06-22 10:19:31
10:19:34,10:19:34,25.72,--,63,162036,卖盘,2017-06-22,2017-06-22 10:19:34
10:19:37,10:19:37,25.72,--,61,156892,卖盘,2017-06-22,2017-06-22 10:19:37
10:19:40,10:19:40,25.72,--,36,92592,卖盘,2017-06-22,2017-06-22 10:19:40
10:19:43,10:19:43,25.71,-0.01,17,43707,卖盘,2017-06-22,2017-06-22 10:19:43
10:19:46,10:19:46,25.72,0.01,25,64300,买盘,2017-06-22,2017-06-22 10:19:46
10:19:49,10:19:49,25.75,0.03,29,75885,卖盘,2017-06-22,2017-06-22 10:19:49
10:19:52,10:19:52,25.75,--,99,254925,卖盘,2017-06-22,2017-06-22 10:19:52
10:19:58,10:19:58,25.75,--,37,95275,卖盘,2017-06-22,2017-06-22 10:19:58
10:20:01,10:20:01,25.75,--,22,56650,卖盘,2017-06-22,2017-06-22 10:20:01
10:20:04,10:20:04,25.76,0.01,25,64400,买盘,2017-06-22,2017-06-22 10:20:04
10:20:07,10:20:07,25.76,--,3,10149,买盘,2017-06-22,2017-06-22 10:20:07
10:20:10,10:20:10,25.78,0.02,19,48982,买盘,2017-06-22,2017-06-22 10:20:10
10:20:13,10:20:13,25.76,-0.02,10,25760,卖盘,2017-06-22,2017-06-22 10:20:13
10:20:16,10:20:16,25.76,--,2,5152,卖盘,2017-06-22,2017-06-22 10:20:16
10:20:19,10:20:19,25.8,0.04,12,30960,买盘,2017-06-22,2017-06-22 10:20:19
10:20:22,10:20:22,25.8,--,49,126420,买盘,2017-06-22,2017-06-22 10:20:22
10:20:25,10:20:25,25.82,0.02,70,180740,买盘,2017-06-22,2017-06-22 10:20:25
10:20:28,10:20:28,25.81,-0.01,5,12905,卖盘,2017-06-22,2017-06-22 10:20:28
10:20:31,10:20:31,25.81,--,4,10324,卖盘,2017-06-22,2017-06-22 10:20:31
10:20:34,10:20:34,25.82,0.01,1,2582,买盘,2017-06-22,2017-06-22 10:20:34
10:20:37,10:20:37,25.82,--,13,33566,买盘,2017-06-22,2017-06-22 10:20:37
10:20:40,10:20:40,25.82,--,4,10766,卖盘,2017-06-22,2017-06-22 10:20:40
10:20:43,10:20:43,25.84,0.02,7,18088,买盘,2017-06-22,2017-06-22 10:20:43
10:20:46,10:20:46,25.82,-0.02,24,61968,卖盘,2017-06-22,2017-06-22 10:20:46
10:20:49,10:20:49,25.85,0.03,18,46530,买盘,2017-06-22,2017-06-22 10:20:49
10:20:52,10:20:52,25.85,--,9,23265,卖盘,2017-06-22,2017-06-22 10:20:52
10:20:55,10:20:55,25.85,--,31,80135,卖盘,2017-06-22,2017-06-22 10:20:55
10:20:58,10:20:58,25.87,0.02,84,217308,买盘,2017-06-22,2017-06-22 10:20:58
10:21:01,10:21:01,25.89,0.02,10,25890,买盘,2017-06-22,2017-06-22 10:21:01
10:21:04,10:21:04,25.89,--,38,98382,买盘,2017-06-22,2017-06-22 10:21:04
10:21:07,10:21:07,25.82,-0.07,625,1613750,卖盘,2017-06-22,2017-06-22 10:21:07
10:21:10,10:21:10,25.9,0.08,9,23310,买盘,2017-06-22,2017-06-22 10:21:10
10:21:13,10:21:13,25.9,--,35,90650,买盘,2017-06-22,2017-06-22 10:21:13
10:21:16,10:21:16,25.88,-0.02,62,160456,卖盘,2017-06-22,2017-06-22 10:21:16
10:21:19,10:21:19,25.87,-0.01,17,43979,卖盘,2017-06-22,2017-06-22 10:21:19
10:21:22,10:21:22,25.88,0.01,43,111284,买盘,2017-06-22,2017-06-22 10:21:22
10:21:25,10:21:25,25.88,--,79,204452,买盘,2017-06-22,2017-06-22 10:21:25
10:21:28,10:21:28,25.88,--,12,31056,买盘,2017-06-22,2017-06-22 10:21:28
10:21:31,10:21:31,25.81,-0.07,133,343273,卖盘,2017-06-22,2017-06-22 10:21:31
10:21:34,10:21:34,25.86,0.05,96,248256,买盘,2017-06-22,2017-06-22 10:21:34
10:21:37,10:21:37,25.81,-0.05,15,38715,卖盘,2017-06-22,2017-06-22 10:21:37
10:21:40,10:21:40,25.8,-0.01,63,162540,卖盘,2017-06-22,2017-06-22 10:21:40
10:21:43,10:21:43,25.8,--,73,188340,卖盘,2017-06-22,2017-06-22 10:21:43
10:21:46,10:21:46,25.85,0.05,52,134420,买盘,2017-06-22,2017-06-22 10:21:46
10:21:49,10:21:49,25.78,-0.07,14,36092,卖盘,2017-06-22,2017-06-22 10:21:49
10:21:52,10:21:52,25.78,--,5,12890,买盘,2017-06-22,2017-06-22 10:21:52
10:21:55,10:21:55,25.78,--,22,56716,买盘,2017-06-22,2017-06-22 10:21:55
10:21:58,10:21:58,25.78,--,8,20624,买盘,2017-06-22,2017-06-22 10:21:58
10:22:01,10:22:01,25.76,-0.02,12,30912,卖盘,2017-06-22,2017-06-22 10:22:01
10:22:04,10:22:04,25.74,-0.02,53,136422,卖盘,2017-06-22,2017-06-22 10:22:04
10:22:07,10:22:07,25.76,0.02,42,108192,买盘,2017-06-22,2017-06-22 10:22:07
10:22:10,10:22:10,25.76,--,1,2576,买盘,2017-06-22,2017-06-22 10:22:10
10:22:13,10:22:13,25.71,-0.05,51,131121,卖盘,2017-06-22,2017-06-22 10:22:13
10:22:16,10:22:16,25.71,--,1,2571,卖盘,2017-06-22,2017-06-22 10:22:16
10:22:19,10:22:19,25.71,--,1,2571,卖盘,2017-06-22,2017-06-22 10:22:19
10:22:22,10:22:22,25.76,0.05,195,504509,买盘,2017-06-22,2017-06-22 10:22:22
10:22:25,10:22:25,25.76,--,4,10304,卖盘,2017-06-22,2017-06-22 10:22:25
10:22:28,10:22:28,25.76,--,49,126224,卖盘,2017-06-22,2017-06-22 10:22:28
10:22:31,10:22:31,25.76,--,62,159712,卖盘,2017-06-22,2017-06-22 10:22:31
10:22:34,10:22:34,25.76,--,21,54096,卖盘,2017-06-22,2017-06-22 10:22:34
10:22:37,10:22:37,25.76,--,96,247296,卖盘,2017-06-22,2017-06-22 10:22:37
10:22:40,10:22:40,25.77,0.01,59,152043,卖盘,2017-06-22,2017-06-22 10:22:40
10:22:43,10:22:43,25.77,--,17,43809,中性盘,2017-06-22,2017-06-22 10:22:43
10:22:46,10:22:46,25.8,0.03,25,64500,中性盘,2017-06-22,2017-06-22 10:22:46
10:22:49,10:22:49,25.78,-0.02,6,15468,卖盘,2017-06-22,2017-06-22 10:22:49
10:22:52,10:22:52,25.78,--,9,23202,卖盘,2017-06-22,2017-06-22 10:22:52
10:22:58,10:22:58,25.8,0.02,22,56760,中性盘,2017-06-22,2017-06-22 10:22:58
10:23:01,10:23:01,25.8,--,5,12900,买盘,2017-06-22,2017-06-22 10:23:01
10:23:04,10:23:04,25.78,-0.02,9,23202,卖盘,2017-06-22,2017-06-22 10:23:04
10:23:07,10:23:07,25.8,0.02,3,7740,买盘,2017-06-22,2017-06-22 10:23:07
10:23:10,10:23:10,25.81,0.01,1,2581,卖盘,2017-06-22,2017-06-22 10:23:10
10:23:13,10:23:13,25.81,--,15,38715,卖盘,2017-06-22,2017-06-22 10:23:13
10:23:16,10:23:16,25.85,0.04,64,165440,买盘,2017-06-22,2017-06-22 10:23:16
10:23:19,10:23:19,25.85,--,0,0,买盘,2017-06-22,2017-06-22 10:23:19
10:23:22,10:23:22,25.81,-0.04,6,15486,买盘,2017-06-22,2017-06-22 10:23:22
10:23:25,10:23:25,25.84,0.03,31,80104,买盘,2017-06-22,2017-06-22 10:23:25
10:23:28,10:23:28,25.81,-0.03,3,8956,买盘,2017-06-22,2017-06-22 10:23:28
10:23:31,10:23:31,25.85,0.04,18,46530,买盘,2017-06-22,2017-06-22 10:23:31
10:23:34,10:23:34,25.85,--,0,0,买盘,2017-06-22,2017-06-22 10:23:34
10:23:37,10:23:37,25.81,-0.04,15,38715,卖盘,2017-06-22,2017-06-22 10:23:37
10:23:40,10:23:40,25.84,0.03,1,2584,买盘,2017-06-22,2017-06-22 10:23:40
10:23:43,10:23:43,25.84,--,5,12920,买盘,2017-06-22,2017-06-22 10:23:43
10:23:46,10:23:46,25.84,--,6,15504,买盘,2017-06-22,2017-06-22 10:23:46
10:23:49,10:23:49,25.84,--,32,82688,买盘,2017-06-22,2017-06-22 10:23:49
10:23:52,10:23:52,25.81,-0.03,23,59363,卖盘,2017-06-22,2017-06-22 10:23:52
10:23:55,10:23:55,25.84,0.03,74,192430,买盘,2017-06-22,2017-06-22 10:23:55
10:23:58,10:23:58,25.84,--,23,59432,卖盘,2017-06-22,2017-06-22 10:23:58
10:24:01,10:24:01,25.84,--,4,10336,卖盘,2017-06-22,2017-06-22 10:24:01
10:24:04,10:24:04,25.84,--,26,67184,卖盘,2017-06-22,2017-06-22 10:24:04
10:24:07,10:24:07,25.84,--,20,51680,卖盘,2017-06-22,2017-06-22 10:24:07
10:24:10,10:24:10,25.85,0.01,36,93060,买盘,2017-06-22,2017-06-22 10:24:10
10:24:13,10:24:13,25.85,--,9,23265,买盘,2017-06-22,2017-06-22 10:24:13
10:24:16,10:24:16,25.84,-0.01,54,139536,卖盘,2017-06-22,2017-06-22 10:24:16
10:24:19,10:24:19,25.84,--,60,155040,卖盘,2017-06-22,2017-06-22 10:24:19
10:24:22,10:24:22,25.84,--,9,23256,买盘,2017-06-22,2017-06-22 10:24:22
10:24:26,10:24:26,25.84,--,3,7752,买盘,2017-06-22,2017-06-22 10:24:26
10:24:28,10:24:28,25.84,--,19,51292,买盘,2017-06-22,2017-06-22 10:24:28
10:24:33,10:24:33,25.84,--,3,7752,买盘,2017-06-22,2017-06-22 10:24:33
10:24:34,10:24:34,25.81,-0.03,60,154860,卖盘,2017-06-22,2017-06-22 10:24:34
10:24:37,10:24:37,25.8,-0.01,91,234780,卖盘,2017-06-22,2017-06-22 10:24:37
10:24:40,10:24:40,25.81,0.01,19,49039,中性盘,2017-06-22,2017-06-22 10:24:40
10:24:48,10:24:48,25.83,0.02,32,82656,买盘,2017-06-22,2017-06-22 10:24:48
10:24:49,10:24:49,25.82,-0.01,17,43894,卖盘,2017-06-22,2017-06-22 10:24:49
10:24:52,10:24:52,25.84,0.02,259,670470,买盘,2017-06-22,2017-06-22 10:24:52
10:24:57,10:24:57,25.84,--,12,31008,卖盘,2017-06-22,2017-06-22 10:24:57
10:24:58,10:24:58,25.85,0.01,85,219725,买盘,2017-06-22,2017-06-22 10:24:58
10:25:03,10:25:03,25.85,--,50,129250,买盘,2017-06-22,2017-06-22 10:25:03
10:25:06,10:25:06,25.82,-0.03,162,419652,卖盘,2017-06-22,2017-06-22 10:25:06
10:25:09,10:25:09,25.83,0.01,32,82656,中性盘,2017-06-22,2017-06-22 10:25:09
10:25:12,10:25:12,25.84,0.01,32,83902,买盘,2017-06-22,2017-06-22 10:25:12
10:25:15,10:25:15,25.84,--,10,25840,卖盘,2017-06-22,2017-06-22 10:25:15
10:25:18,10:25:18,25.84,--,36,93024,卖盘,2017-06-22,2017-06-22 10:25:18
10:25:21,10:25:21,25.84,--,17,43928,卖盘,2017-06-22,2017-06-22 10:25:21
10:25:24,10:25:24,25.85,0.01,13,33605,买盘,2017-06-22,2017-06-22 10:25:24
10:25:27,10:25:27,25.86,0.01,228,591469,买盘,2017-06-22,2017-06-22 10:25:27
10:25:33,10:25:33,25.86,--,52,134472,卖盘,2017-06-22,2017-06-22 10:25:33
10:25:36,10:25:36,25.86,--,36,93096,卖盘,2017-06-22,2017-06-22 10:25:36
10:25:42,10:25:42,25.86,--,40,103440,卖盘,2017-06-22,2017-06-22 10:25:42
10:25:48,10:25:48,25.88,0.02,68,175984,买盘,2017-06-22,2017-06-22 10:25:48
10:25:51,10:25:51,25.88,--,15,38820,买盘,2017-06-22,2017-06-22 10:25:51
10:25:57,10:25:57,25.89,0.01,54,139806,买盘,2017-06-22,2017-06-22 10:25:57
10:26:03,10:26:03,25.89,--,11,28479,买盘,2017-06-22,2017-06-22 10:26:03
10:26:06,10:26:06,25.89,--,8,20712,买盘,2017-06-22,2017-06-22 10:26:06
10:26:09,10:26:09,25.89,--,55,142395,买盘,2017-06-22,2017-06-22 10:26:09
10:26:12,10:26:12,25.89,--,28,72492,买盘,2017-06-22,2017-06-22 10:26:12
10:26:15,10:26:15,25.88,-0.01,49,126812,卖盘,2017-06-22,2017-06-22 10:26:15
10:26:18,10:26:18,25.9,0.02,20,51800,买盘,2017-06-22,2017-06-22 10:26:18
10:26:21,10:26:21,25.89,-0.01,34,90226,卖盘,2017-06-22,2017-06-22 10:26:21
10:26:27,10:26:27,25.89,--,5,12945,卖盘,2017-06-22,2017-06-22 10:26:27
10:26:30,10:26:30,25.89,--,46,119094,卖盘,2017-06-22,2017-06-22 10:26:30
10:26:33,10:26:33,25.89,--,7,18123,买盘,2017-06-22,2017-06-22 10:26:33
10:26:36,10:26:36,25.89,--,25,64725,买盘,2017-06-22,2017-06-22 10:26:36
10:26:39,10:26:39,25.88,-0.01,38,98344,卖盘,2017-06-22,2017-06-22 10:26:39
10:26:42,10:26:42,25.88,--,20,54192,卖盘,2017-06-22,2017-06-22 10:26:42
10:26:45,10:26:45,25.9,0.02,37,95830,买盘,2017-06-22,2017-06-22 10:26:45
10:26:48,10:26:48,25.89,-0.01,75,195987,卖盘,2017-06-22,2017-06-22 10:26:48
10:26:51,10:26:51,25.89,--,10,25890,卖盘,2017-06-22,2017-06-22 10:26:51
10:26:57,10:26:57,25.89,--,76,198964,买盘,2017-06-22,2017-06-22 10:26:57
10:27:00,10:27:00,25.88,-0.01,163,423060,卖盘,2017-06-22,2017-06-22 10:27:00
10:27:03,10:27:03,25.9,0.02,17,44030,买盘,2017-06-22,2017-06-22 10:27:03
10:27:06,10:27:06,25.89,-0.01,13,33657,中性盘,2017-06-22,2017-06-22 10:27:06
10:27:09,10:27:09,25.89,--,52,134628,买盘,2017-06-22,2017-06-22 10:27:09
10:27:12,10:27:12,25.88,-0.01,4,10352,中性盘,2017-06-22,2017-06-22 10:27:12
10:27:15,10:27:15,25.88,--,33,87603,买盘,2017-06-22,2017-06-22 10:27:15
10:27:18,10:27:18,25.86,-0.02,16,42591,卖盘,2017-06-22,2017-06-22 10:27:18
10:27:21,10:27:21,25.86,--,7,20351,卖盘,2017-06-22,2017-06-22 10:27:21
10:27:24,10:27:24,25.85,-0.01,4,10340,卖盘,2017-06-22,2017-06-22 10:27:24
10:27:27,10:27:27,25.85,--,30,77550,卖盘,2017-06-22,2017-06-22 10:27:27
10:27:30,10:27:30,25.8,-0.05,296,763680,卖盘,2017-06-22,2017-06-22 10:27:30
10:27:36,10:27:36,25.8,--,355,915900,卖盘,2017-06-22,2017-06-22 10:27:36
10:27:39,10:27:39,25.8,--,0,0,卖盘,2017-06-22,2017-06-22 10:27:39
10:27:42,10:27:42,25.81,0.01,92,238277,卖盘,2017-06-22,2017-06-22 10:27:42
10:27:45,10:27:45,25.8,-0.01,220,567600,卖盘,2017-06-22,2017-06-22 10:27:45
10:27:48,10:27:48,25.8,--,10,25800,买盘,2017-06-22,2017-06-22 10:27:48
10:27:51,10:27:51,25.78,-0.02,8,20624,卖盘,2017-06-22,2017-06-22 10:27:51
10:27:54,10:27:54,25.8,0.02,6,16589,买盘,2017-06-22,2017-06-22 10:27:54
10:27:57,10:27:57,25.8,--,24,64113,买盘,2017-06-22,2017-06-22 10:27:57
10:28:00,10:28:00,25.76,-0.04,5,12880,卖盘,2017-06-22,2017-06-22 10:28:00
10:28:03,10:28:03,25.75,-0.01,87,224411,卖盘,2017-06-22,2017-06-22 10:28:03
10:28:09,10:28:09,25.7,-0.05,93,241502,卖盘,2017-06-22,2017-06-22 10:28:09
10:28:12,10:28:12,25.7,--,7,17990,卖盘,2017-06-22,2017-06-22 10:28:12
10:28:15,10:28:15,25.69,-0.01,13,34167,卖盘,2017-06-22,2017-06-22 10:28:15
10:28:18,10:28:18,25.69,--,27,69363,卖盘,2017-06-22,2017-06-22 10:28:18
10:28:21,10:28:21,25.66,-0.03,96,246336,卖盘,2017-06-22,2017-06-22 10:28:21
10:28:24,10:28:24,25.65,-0.01,42,107730,卖盘,2017-06-22,2017-06-22 10:28:24
10:28:27,10:28:27,25.65,--,35,89775,卖盘,2017-06-22,2017-06-22 10:28:27
10:28:30,10:28:30,25.64,-0.01,9,23076,卖盘,2017-06-22,2017-06-22 10:28:30
10:28:33,10:28:33,25.64,--,173,443572,卖盘,2017-06-22,2017-06-22 10:28:33
10:28:36,10:28:36,25.64,--,0,0,买盘,2017-06-22,2017-06-22 10:28:36
10:28:39,10:28:39,25.56,-0.08,5,12780,卖盘,2017-06-22,2017-06-22 10:28:39
10:28:42,10:28:42,25.55,-0.01,21,53655,卖盘,2017-06-22,2017-06-22 10:28:42
10:28:45,10:28:45,25.52,-0.03,5,12760,卖盘,2017-06-22,2017-06-22 10:28:45
10:28:48,10:28:48,25.52,--,11,28072,卖盘,2017-06-22,2017-06-22 10:28:48
10:28:51,10:28:51,25.52,--,31,79112,中性盘,2017-06-22,2017-06-22 10:28:51
10:28:54,10:28:54,25.44,-0.08,109,279458,卖盘,2017-06-22,2017-06-22 10:28:54
10:28:57,10:28:57,25.45,0.01,55,139975,买盘,2017-06-22,2017-06-22 10:28:57
10:29:00,10:29:00,25.41,-0.04,26,66066,卖盘,2017-06-22,2017-06-22 10:29:00
10:29:03,10:29:03,25.45,0.04,58,147610,买盘,2017-06-22,2017-06-22 10:29:03
10:29:06,10:29:06,25.4,-0.05,70,177800,卖盘,2017-06-22,2017-06-22 10:29:06
10:29:09,10:29:09,25.41,0.01,24,60984,买盘,2017-06-22,2017-06-22 10:29:09
10:29:12,10:29:12,25.4,-0.01,20,50800,卖盘,2017-06-22,2017-06-22 10:29:12
10:29:15,10:29:15,25.4,--,17,43561,卖盘,2017-06-22,2017-06-22 10:29:15
10:29:18,10:29:18,25.4,--,30,76200,买盘,2017-06-22,2017-06-22 10:29:18
10:29:21,10:29:21,25.39,-0.01,60,152340,卖盘,2017-06-22,2017-06-22 10:29:21
10:29:24,10:29:24,25.35,-0.04,80,202800,卖盘,2017-06-22,2017-06-22 10:29:24
10:29:27,10:29:27,25.37,0.02,2,5074,中性盘,2017-06-22,2017-06-22 10:29:27
10:29:30,10:29:30,25.39,0.02,44,111716,买盘,2017-06-22,2017-06-22 10:29:30
10:29:33,10:29:33,25.35,-0.04,7,17745,卖盘,2017-06-22,2017-06-22 10:29:33
10:29:36,10:29:36,25.3,-0.05,176,445280,卖盘,2017-06-22,2017-06-22 10:29:36
10:29:39,10:29:39,25.35,0.05,14,35490,卖盘,2017-06-22,2017-06-22 10:29:39
10:29:42,10:29:42,25.35,--,40,101400,卖盘,2017-06-22,2017-06-22 10:29:42
10:29:45,10:29:45,25.35,--,22,55770,中性盘,2017-06-22,2017-06-22 10:29:45
10:29:48,10:29:48,25.35,--,74,187590,买盘,2017-06-22,2017-06-22 10:29:48
10:29:51,10:29:51,25.38,0.03,9,22842,中性盘,2017-06-22,2017-06-22 10:29:51
10:29:55,10:29:55,25.35,-0.03,55,139425,卖盘,2017-06-22,2017-06-22 10:29:55
10:29:57,10:29:57,25.35,--,27,68445,卖盘,2017-06-22,2017-06-22 10:29:57
10:30:00,10:30:00,25.38,0.03,21,53298,买盘,2017-06-22,2017-06-22 10:30:00
10:30:03,10:30:03,25.41,0.03,113,289521,买盘,2017-06-22,2017-06-22 10:30:03
10:30:07,10:30:07,25.41,--,27,68607,卖盘,2017-06-22,2017-06-22 10:30:07
10:30:09,10:30:09,25.45,0.04,31,78895,买盘,2017-06-22,2017-06-22 10:30:09
10:30:13,10:30:13,25.41,-0.04,22,55902,卖盘,2017-06-22,2017-06-22 10:30:13
10:30:15,10:30:15,25.5,0.09,5,12750,买盘,2017-06-22,2017-06-22 10:30:15
10:30:19,10:30:19,25.49,-0.01,6,15293,中性盘,2017-06-22,2017-06-22 10:30:19
10:30:22,10:30:22,25.5,0.01,9,22950,买盘,2017-06-22,2017-06-22 10:30:22
10:30:25,10:30:25,25.5,--,2,5100,卖盘,2017-06-22,2017-06-22 10:30:25
10:30:28,10:30:28,25.51,0.01,18,45918,买盘,2017-06-22,2017-06-22 10:30:28
10:30:31,10:30:31,25.51,--,47,119897,买盘,2017-06-22,2017-06-22 10:30:31
10:30:34,10:30:34,25.51,--,51,130101,卖盘,2017-06-22,2017-06-22 10:30:34
10:30:37,10:30:37,25.52,0.01,23,58696,中性盘,2017-06-22,2017-06-22 10:30:37
10:30:40,10:30:40,25.55,0.03,2,5110,买盘,2017-06-22,2017-06-22 10:30:40
10:30:42,10:30:42,25.55,--,10,25550,买盘,2017-06-22,2017-06-22 10:30:42
10:30:46,10:30:46,25.55,--,9,22995,卖盘,2017-06-22,2017-06-22 10:30:46
10:30:48,10:30:48,25.56,0.01,4,10224,买盘,2017-06-22,2017-06-22 10:30:48
10:30:52,10:30:52,25.56,--,21,53676,买盘,2017-06-22,2017-06-22 10:30:52
10:30:55,10:30:55,25.64,0.08,41,106329,买盘,2017-06-22,2017-06-22 10:30:55
10:30:57,10:30:57,25.56,-0.08,1,2556,卖盘,2017-06-22,2017-06-22 10:30:57
10:31:04,10:31:04,25.64,0.08,41,105124,买盘,2017-06-22,2017-06-22 10:31:04
10:31:07,10:31:07,25.63,-0.01,56,143528,卖盘,2017-06-22,2017-06-22 10:31:07
10:31:09,10:31:09,25.68,0.05,15,38520,买盘,2017-06-22,2017-06-22 10:31:09
10:31:13,10:31:13,25.75,0.07,12,30900,买盘,2017-06-22,2017-06-22 10:31:13
10:31:16,10:31:16,25.75,--,22,56650,买盘,2017-06-22,2017-06-22 10:31:16
10:31:19,10:31:19,25.75,--,21,54075,买盘,2017-06-22,2017-06-22 10:31:19
10:31:21,10:31:21,25.75,--,27,69525,买盘,2017-06-22,2017-06-22 10:31:21
10:31:24,10:31:24,25.75,--,49,126175,买盘,2017-06-22,2017-06-22 10:31:24
10:31:28,10:31:28,25.75,--,22,56650,买盘,2017-06-22,2017-06-22 10:31:28
10:31:31,10:31:31,25.75,--,54,139050,买盘,2017-06-22,2017-06-22 10:31:31
10:31:34,10:31:34,25.68,-0.07,35,89880,卖盘,2017-06-22,2017-06-22 10:31:34
10:31:37,10:31:37,25.56,-0.12,70,178920,卖盘,2017-06-22,2017-06-22 10:31:37
10:31:40,10:31:40,25.56,--,28,71568,卖盘,2017-06-22,2017-06-22 10:31:40
10:31:43,10:31:43,25.56,--,0,0,卖盘,2017-06-22,2017-06-22 10:31:43
10:31:46,10:31:46,25.68,0.12,21,53928,买盘,2017-06-22,2017-06-22 10:31:46
10:31:49,10:31:49,25.57,-0.11,9,23013,卖盘,2017-06-22,2017-06-22 10:31:49
10:31:52,10:31:52,25.57,--,7,17899,买盘,2017-06-22,2017-06-22 10:31:52
10:31:55,10:31:55,25.57,--,30,76710,买盘,2017-06-22,2017-06-22 10:31:55
10:31:58,10:31:58,25.57,--,101,258257,买盘,2017-06-22,2017-06-22 10:31:58
10:32:01,10:32:01,25.56,-0.01,12,30672,中性盘,2017-06-22,2017-06-22 10:32:01
10:32:04,10:32:04,25.56,--,39,99684,买盘,2017-06-22,2017-06-22 10:32:04
10:32:07,10:32:07,25.55,-0.01,1,2555,中性盘,2017-06-22,2017-06-22 10:32:07
10:32:10,10:32:10,25.56,0.01,47,120949,买盘,2017-06-22,2017-06-22 10:32:10
10:32:13,10:32:13,25.56,--,120,306720,卖盘,2017-06-22,2017-06-22 10:32:13
10:32:16,10:32:16,25.56,--,42,107352,卖盘,2017-06-22,2017-06-22 10:32:16
10:32:19,10:32:19,25.56,--,6,15336,卖盘,2017-06-22,2017-06-22 10:32:19
10:32:22,10:32:22,25.56,--,32,81792,卖盘,2017-06-22,2017-06-22 10:32:22
10:32:25,10:32:25,25.56,--,13,33228,卖盘,2017-06-22,2017-06-22 10:32:25
10:32:28,10:32:28,25.55,-0.01,47,121822,卖盘,2017-06-22,2017-06-22 10:32:28
10:32:31,10:32:31,25.56,0.01,88,225745,买盘,2017-06-22,2017-06-22 10:32:31
10:32:34,10:32:34,25.56,--,17,45190,卖盘,2017-06-22,2017-06-22 10:32:34
10:32:37,10:32:37,25.53,-0.03,1,2553,卖盘,2017-06-22,2017-06-22 10:32:37
10:32:40,10:32:40,25.56,0.03,18,46008,买盘,2017-06-22,2017-06-22 10:32:40
10:32:43,10:32:43,25.56,--,17,43452,买盘,2017-06-22,2017-06-22 10:32:43
10:32:46,10:32:46,25.56,--,33,84348,买盘,2017-06-22,2017-06-22 10:32:46
10:32:49,10:32:49,25.56,--,46,117576,买盘,2017-06-22,2017-06-22 10:32:49
10:32:52,10:32:52,25.56,--,21,53676,买盘,2017-06-22,2017-06-22 10:32:52
10:32:55,10:32:55,25.56,--,72,184849,买盘,2017-06-22,2017-06-22 10:32:55
10:32:58,10:32:58,25.56,--,7,17892,卖盘,2017-06-22,2017-06-22 10:32:58
10:33:01,10:33:01,25.56,--,13,33228,卖盘,2017-06-22,2017-06-22 10:33:01
10:33:04,10:33:04,25.56,--,23,58788,卖盘,2017-06-22,2017-06-22 10:33:04
10:33:07,10:33:07,25.56,--,11,29854,卖盘,2017-06-22,2017-06-22 10:33:07
10:33:10,10:33:10,25.57,0.01,66,168762,买盘,2017-06-22,2017-06-22 10:33:10
10:33:13,10:33:13,25.57,--,20,51140,买盘,2017-06-22,2017-06-22 10:33:13
10:33:16,10:33:16,25.59,0.02,34,87006,买盘,2017-06-22,2017-06-22 10:33:16
10:33:28,10:33:28,25.6,0.01,14,35840,买盘,2017-06-22,2017-06-22 10:33:28
10:33:31,10:33:31,25.6,--,15,38400,卖盘,2017-06-22,2017-06-22 10:33:31
10:33:37,10:33:37,25.64,0.04,9,23076,买盘,2017-06-22,2017-06-22 10:33:37
10:33:40,10:33:40,25.64,--,4,10256,买盘,2017-06-22,2017-06-22 10:33:40
10:33:43,10:33:43,25.64,--,15,38460,卖盘,2017-06-22,2017-06-22 10:33:43
10:33:46,10:33:46,25.64,--,14,35896,卖盘,2017-06-22,2017-06-22 10:33:46
10:33:49,10:33:49,25.66,0.02,3,7698,买盘,2017-06-22,2017-06-22 10:33:49
10:33:52,10:33:52,25.65,-0.01,3,7695,卖盘,2017-06-22,2017-06-22 10:33:52
10:33:55,10:33:55,25.65,--,8,20520,卖盘,2017-06-22,2017-06-22 10:33:55
10:33:58,10:33:58,25.65,--,3,7695,卖盘,2017-06-22,2017-06-22 10:33:58
10:34:01,10:34:01,25.66,0.01,4,10264,中性盘,2017-06-22,2017-06-22 10:34:01
10:34:10,10:34:10,25.68,0.02,18,46224,买盘,2017-06-22,2017-06-22 10:34:10
10:34:13,10:34:13,25.69,0.01,6,15414,买盘,2017-06-22,2017-06-22 10:34:13
10:34:16,10:34:16,25.69,--,0,0,买盘,2017-06-22,2017-06-22 10:34:16
10:34:19,10:34:19,25.66,-0.03,25,64150,卖盘,2017-06-22,2017-06-22 10:34:19
10:34:22,10:34:22,25.69,0.03,10,25690,买盘,2017-06-22,2017-06-22 10:34:22
10:34:25,10:34:25,25.69,--,25,64225,卖盘,2017-06-22,2017-06-22 10:34:25
10:34:28,10:34:28,25.69,--,16,41104,卖盘,2017-06-22,2017-06-22 10:34:28
10:34:31,10:34:31,25.7,0.01,31,79670,买盘,2017-06-22,2017-06-22 10:34:31
10:34:34,10:34:34,25.7,--,15,39757,买盘,2017-06-22,2017-06-22 10:34:34
10:34:37,10:34:37,25.7,--,3,7710,卖盘,2017-06-22,2017-06-22 10:34:37
10:34:40,10:34:40,25.71,0.01,6,15426,买盘,2017-06-22,2017-06-22 10:34:40
10:34:43,10:34:43,25.7,-0.01,6,15420,卖盘,2017-06-22,2017-06-22 10:34:43
10:34:46,10:34:46,25.71,0.01,11,28281,买盘,2017-06-22,2017-06-22 10:34:46
10:34:49,10:34:49,25.75,0.04,70,180250,买盘,2017-06-22,2017-06-22 10:34:49
10:34:52,10:34:52,25.73,-0.02,33,84909,卖盘,2017-06-22,2017-06-22 10:34:52
10:34:55,10:34:55,25.73,--,20,51460,卖盘,2017-06-22,2017-06-22 10:34:55
10:34:58,10:34:58,25.75,0.02,36,92700,买盘,2017-06-22,2017-06-22 10:34:58
10:35:01,10:35:01,25.75,--,35,90125,买盘,2017-06-22,2017-06-22 10:35:01
10:35:04,10:35:04,25.74,-0.01,23,59202,中性盘,2017-06-22,2017-06-22 10:35:04
10:35:07,10:35:07,25.74,--,12,30887,卖盘,2017-06-22,2017-06-22 10:35:07
10:35:10,10:35:10,25.74,--,11,28314,卖盘,2017-06-22,2017-06-22 10:35:10
10:35:13,10:35:13,25.75,0.01,23,59225,买盘,2017-06-22,2017-06-22 10:35:13
10:35:16,10:35:16,25.74,-0.01,17,43758,卖盘,2017-06-22,2017-06-22 10:35:16
10:35:19,10:35:19,25.76,0.02,13,33488,买盘,2017-06-22,2017-06-22 10:35:19
10:35:22,10:35:22,25.76,--,32,82432,买盘,2017-06-22,2017-06-22 10:35:22
10:35:25,10:35:25,25.75,-0.01,66,169950,卖盘,2017-06-22,2017-06-22 10:35:25
10:35:28,10:35:28,25.75,--,9,23175,卖盘,2017-06-22,2017-06-22 10:35:28
10:35:31,10:35:31,25.79,0.04,117,301743,买盘,2017-06-22,2017-06-22 10:35:31
10:35:34,10:35:34,25.76,-0.03,10,25760,卖盘,2017-06-22,2017-06-22 10:35:34
10:35:37,10:35:37,25.77,0.01,1,2577,卖盘,2017-06-22,2017-06-22 10:35:37
10:35:40,10:35:40,25.77,--,10,25770,卖盘,2017-06-22,2017-06-22 10:35:40
10:35:43,10:35:43,25.78,0.01,13,33514,买盘,2017-06-22,2017-06-22 10:35:43
10:35:46,10:35:46,25.8,0.02,99,257148,买盘,2017-06-22,2017-06-22 10:35:46
10:35:52,10:35:52,25.8,--,3,7740,卖盘,2017-06-22,2017-06-22 10:35:52
10:35:55,10:35:55,25.85,0.05,27,69795,买盘,2017-06-22,2017-06-22 10:35:55
10:35:58,10:35:58,25.85,--,22,56870,买盘,2017-06-22,2017-06-22 10:35:58
10:36:01,10:36:01,25.84,-0.01,41,105944,卖盘,2017-06-22,2017-06-22 10:36:01
10:36:04,10:36:04,25.8,-0.04,202,521160,卖盘,2017-06-22,2017-06-22 10:36:04
10:36:07,10:36:07,25.86,0.06,43,111198,买盘,2017-06-22,2017-06-22 10:36:07
10:36:10,10:36:10,25.85,-0.01,7,18095,中性盘,2017-06-22,2017-06-22 10:36:10
10:36:13,10:36:13,25.85,--,33,85305,卖盘,2017-06-22,2017-06-22 10:36:13
10:36:16,10:36:16,25.85,--,11,28435,买盘,2017-06-22,2017-06-22 10:36:16
10:36:19,10:36:19,25.85,--,41,105985,卖盘,2017-06-22,2017-06-22 10:36:19
10:36:22,10:36:22,25.88,0.03,57,147697,买盘,2017-06-22,2017-06-22 10:36:22
10:36:25,10:36:25,25.88,--,10,25880,卖盘,2017-06-22,2017-06-22 10:36:25
10:36:28,10:36:28,25.88,--,61,157868,卖盘,2017-06-22,2017-06-22 10:36:28
10:36:31,10:36:31,25.89,0.01,13,33657,买盘,2017-06-22,2017-06-22 10:36:31
10:36:34,10:36:34,25.86,-0.03,29,74994,卖盘,2017-06-22,2017-06-22 10:36:34
10:36:37,10:36:37,25.89,0.03,56,144984,买盘,2017-06-22,2017-06-22 10:36:37
10:36:40,10:36:40,25.88,-0.01,34,87992,卖盘,2017-06-22,2017-06-22 10:36:40
10:36:46,10:36:46,25.88,--,3,7764,买盘,2017-06-22,2017-06-22 10:36:46
10:36:49,10:36:49,25.88,--,8,20704,买盘,2017-06-22,2017-06-22 10:36:49
10:36:52,10:36:52,25.86,-0.02,28,72408,卖盘,2017-06-22,2017-06-22 10:36:52
10:36:55,10:36:55,25.88,0.02,51,134394,买盘,2017-06-22,2017-06-22 10:36:55
10:36:58,10:36:58,25.8,-0.08,37,95460,卖盘,2017-06-22,2017-06-22 10:36:58
10:37:01,10:37:01,25.85,0.05,36,93060,买盘,2017-06-22,2017-06-22 10:37:01
10:37:04,10:37:04,25.85,--,3,7755,买盘,2017-06-22,2017-06-22 10:37:04
10:37:07,10:37:07,25.85,--,3,7755,买盘,2017-06-22,2017-06-22 10:37:07
10:37:10,10:37:10,25.85,--,23,59455,买盘,2017-06-22,2017-06-22 10:37:10
10:37:13,10:37:13,25.8,-0.05,20,51600,卖盘,2017-06-22,2017-06-22 10:37:13
10:37:16,10:37:16,25.84,0.04,46,118864,中性盘,2017-06-22,2017-06-22 10:37:16
10:37:19,10:37:19,25.78,-0.06,7,18046,卖盘,2017-06-22,2017-06-22 10:37:19
10:37:22,10:37:22,25.84,0.06,57,147288,买盘,2017-06-22,2017-06-22 10:37:22
10:37:25,10:37:25,25.85,0.01,27,69795,买盘,2017-06-22,2017-06-22 10:37:25
10:37:28,10:37:28,25.82,-0.03,6,15492,中性盘,2017-06-22,2017-06-22 10:37:28
10:37:31,10:37:31,25.8,-0.02,7,18060,卖盘,2017-06-22,2017-06-22 10:37:31
10:37:34,10:37:34,25.8,--,72,185760,卖盘,2017-06-22,2017-06-22 10:37:34
10:37:37,10:37:37,25.77,-0.03,6,15462,卖盘,2017-06-22,2017-06-22 10:37:37
10:37:40,10:37:40,25.8,0.03,4,10320,买盘,2017-06-22,2017-06-22 10:37:40
10:37:43,10:37:43,25.8,--,5,12900,买盘,2017-06-22,2017-06-22 10:37:43
10:37:49,10:37:49,25.77,-0.03,35,90195,卖盘,2017-06-22,2017-06-22 10:37:49
10:37:52,10:37:52,25.77,--,0,0,中性盘,2017-06-22,2017-06-22 10:37:52
10:37:55,10:37:55,25.77,--,1,2577,买盘,2017-06-22,2017-06-22 10:37:55
10:38:01,10:38:01,25.76,-0.01,72,185472,卖盘,2017-06-22,2017-06-22 10:38:01
10:38:04,10:38:04,25.75,-0.01,34,87550,卖盘,2017-06-22,2017-06-22 10:38:04
10:38:07,10:38:07,25.76,0.01,4,10304,买盘,2017-06-22,2017-06-22 10:38:07
10:38:10,10:38:10,25.75,-0.01,18,46350,卖盘,2017-06-22,2017-06-22 10:38:10
10:38:13,10:38:13,25.76,0.01,13,33488,买盘,2017-06-22,2017-06-22 10:38:13
10:38:16,10:38:16,25.76,--,64,164864,买盘,2017-06-22,2017-06-22 10:38:16
10:38:19,10:38:19,25.76,--,8,20608,卖盘,2017-06-22,2017-06-22 10:38:19
10:38:22,10:38:22,25.78,0.02,24,61872,买盘,2017-06-22,2017-06-22 10:38:22
10:38:25,10:38:25,25.77,-0.01,6,15462,卖盘,2017-06-22,2017-06-22 10:38:25
10:38:28,10:38:28,25.77,--,4,10308,卖盘,2017-06-22,2017-06-22 10:38:28
10:38:31,10:38:31,25.77,--,5,12885,卖盘,2017-06-22,2017-06-22 10:38:31
10:38:34,10:38:34,25.78,0.01,23,60505,买盘,2017-06-22,2017-06-22 10:38:34
10:38:37,10:38:37,25.78,--,3,7734,买盘,2017-06-22,2017-06-22 10:38:37
10:38:40,10:38:40,25.78,--,111,286158,卖盘,2017-06-22,2017-06-22 10:38:40
10:38:43,10:38:43,25.78,--,43,110854,卖盘,2017-06-22,2017-06-22 10:38:43
10:38:46,10:38:46,25.77,-0.01,114,295195,卖盘,2017-06-22,2017-06-22 10:38:46
10:38:49,10:38:49,25.77,--,33,85041,卖盘,2017-06-22,2017-06-22 10:38:49
10:38:52,10:38:52,25.77,--,47,121119,卖盘,2017-06-22,2017-06-22 10:38:52
10:38:55,10:38:55,25.79,0.02,32,82528,买盘,2017-06-22,2017-06-22 10:38:55
10:38:58,10:38:58,25.79,--,10,25790,买盘,2017-06-22,2017-06-22 10:38:58
10:39:01,10:39:01,25.77,-0.02,6,16673,卖盘,2017-06-22,2017-06-22 10:39:01
10:39:04,10:39:04,25.78,0.01,21,55349,买盘,2017-06-22,2017-06-22 10:39:04
10:39:07,10:39:07,25.78,--,6,15468,买盘,2017-06-22,2017-06-22 10:39:07
10:39:10,10:39:10,25.79,0.01,76,196004,买盘,2017-06-22,2017-06-22 10:39:10
10:39:13,10:39:13,25.78,-0.01,13,33514,卖盘,2017-06-22,2017-06-22 10:39:13
10:39:16,10:39:16,25.78,--,12,30936,卖盘,2017-06-22,2017-06-22 10:39:16
10:39:19,10:39:19,25.77,-0.01,21,54117,卖盘,2017-06-22,2017-06-22 10:39:19
10:39:22,10:39:22,25.77,--,28,72156,卖盘,2017-06-22,2017-06-22 10:39:22
10:39:25,10:39:25,25.77,--,52,134004,卖盘,2017-06-22,2017-06-22 10:39:25
10:39:28,10:39:28,25.78,0.01,18,46404,买盘,2017-06-22,2017-06-22 10:39:28
10:39:31,10:39:31,25.77,-0.01,42,108234,卖盘,2017-06-22,2017-06-22 10:39:31
10:39:34,10:39:34,25.78,0.01,52,134752,买盘,2017-06-22,2017-06-22 10:39:34
10:39:37,10:39:37,25.78,--,16,41248,卖盘,2017-06-22,2017-06-22 10:39:37
10:39:40,10:39:40,25.78,--,68,175304,卖盘,2017-06-22,2017-06-22 10:39:40
10:39:43,10:39:43,25.78,--,24,61872,卖盘,2017-06-22,2017-06-22 10:39:43
10:39:46,10:39:46,25.79,0.01,23,60529,中性盘,2017-06-22,2017-06-22 10:39:46
10:39:49,10:39:49,25.79,--,14,36106,中性盘,2017-06-22,2017-06-22 10:39:49
10:39:52,10:39:52,25.78,-0.01,20,51560,卖盘,2017-06-22,2017-06-22 10:39:52
10:39:55,10:39:55,25.8,0.02,16,41280,买盘,2017-06-22,2017-06-22 10:39:55
10:39:58,10:39:58,25.78,-0.02,10,25780,卖盘,2017-06-22,2017-06-22 10:39:58
10:40:01,10:40:01,25.79,0.01,5,12895,中性盘,2017-06-22,2017-06-22 10:40:01
10:40:04,10:40:04,25.78,-0.01,11,28358,卖盘,2017-06-22,2017-06-22 10:40:04
10:40:07,10:40:07,25.8,0.02,20,51600,买盘,2017-06-22,2017-06-22 10:40:07
